{"gold_per_floor":[116,131,131,145,95,120,138,138,138,169,188,188,207,219,219,321,321,340,28,28,28,38,38,53,53],"floor_reached":25,"playtime":2108,"items_purged":[],"score":290,"play_id":"26545d47-ae10-4ed8-b846-446791b518ed","local_time":"20181106185326","is_ascension_mode":true,"campfire_choices":[{"data":"Zap","floor":8,"key":"SMITH"},{"data":"Dualcast","floor":12,"key":"SMITH"},{"floor":15,"key":"REST"},{"data":"Buffer","floor":23,"key":"SMITH"}],"neow_cost":"NONE","seed_source_timestamp":148731909001,"circlet_count":0,"master_deck":["Strike_B","Strike_B","Strike_B","Defend_B","Defend_B","Defend_B","Zap+1","Dualcast+1","Conserve Battery","Doom and Gloom","Buffer+1","Conserve Battery","White Noise","Ball Lightning","Machine Learning","Streamline+1","Defragment","Cold Snap"],"relics":["Cracked Core","Regal Pillow","Strawberry","Blue Candle","Symbiotic Virus","Runic Pyramid","Incense Burner","Letter Opener","Omamori"],"potions_floor_usage":[16,16,25],"damage_taken":[{"damage":0,"enemies":"Small Slimes","floor":1,"turns":2},{"damage":2,"enemies":"Jaw Worm","floor":2,"turns":4},{"damage":1,"enemies":"Cultist","floor":4,"turns":3},{"damage":30,"enemies":"Gremlin Nob","floor":6,"turns":4},{"damage":0,"enemies":"2 Fungi Beasts","floor":7,"turns":3},{"damage":1,"enemies":"Lagavulin","floor":10,"turns":7},{"damage":14,"enemies":"Lots of Slimes","floor":11,"turns":3},{"damage":0,"enemies":"Exordium Thugs","floor":13,"turns":2},{"damage":1,"enemies":"Looter","floor":14,"turns":3},{"damage":23,"enemies":"Hexaghost","floor":16,"turns":8},{"damage":33,"enemies":"2 Thieves","floor":18,"turns":3},{"damage":2,"enemies":"Chosen","floor":22,"turns":3},{"damage":36,"enemies":"Shelled Parasite and Fungi","floor":24,"turns":5},{"damage":19,"enemies":"Gremlin Leader","floor":25,"turns":2}],"seed_played":"-4005945165100197523","potions_obtained":[{"floor":6,"key":"Explosive Potion"},{"floor":7,"key":"Ancient Potion"},{"floor":10,"key":"EssenceOfSteel"},{"floor":11,"key":"Regen Potion"},{"floor":13,"key":"Regen Potion"},{"floor":24,"key":"Swift Potion"}],"is_trial":false,"path_per_floor":["M","M","?","M","?","E","M","R","T","E","M","R","M","M","R","B",null,"M","$","T","?","M","R","M","E"],"character_chosen":"DEFECT","items_purchased":["Incense Burner"],"campfire_rested":1,"item_purchase_floors":[19],"current_hp_per_floor":[68,66,59,58,58,35,35,35,35,34,20,20,20,19,58,80,82,49,49,49,49,47,47,11,0],"gold":53,"neow_bonus":"RANDOM_COMMON_RELIC","is_prod":false,"is_daily":false,"chose_seed":false,"campfire_upgraded":3,"win_rate":0,"timestamp":1541526806,"path_taken":["M","M","?","M","?","E","M","R","T","E","?","R","M","M","R","BOSS","M","$","?","?","M","R","M","E"],"build_version":"2018-11-01","purchased_purges":0,"victory":false,"max_hp_per_floor":[75,75,75,75,75,82,82,82,82,82,82,82,82,82,82,82,82,82,82,82,82,82,82,82,82],"card_choices":[{"not_picked":["Cold Snap","Leap"],"picked":"Conserve Battery","floor":1},{"not_picked":["Compile Driver","Steam Power","Steam"],"picked":"SKIP","floor":2},{"not_picked":["Compile Driver","Beam Cell"],"picked":"Doom and Gloom","floor":4},{"not_picked":["Cold Snap","Skim"],"picked":"Buffer","floor":6},{"not_picked":["Reinforced Body","Lockon"],"picked":"Conserve Battery","floor":7},{"not_picked":["Beam Cell","Melter"],"picked":"Rip and Tear","floor":10},{"not_picked":["Stack","Beam Cell","Rebound"],"picked":"SKIP","floor":11},{"not_picked":["Heatsinks","Cold Snap"],"picked":"White Noise","floor":13},{"not_picked":["Turbo","Barrage"],"picked":"Ball Lightning","floor":14},{"not_picked":["Thunder Strike","Rainbow"],"picked":"Machine Learning","floor":16},{"not_picked":["Recycle","Sweeping Beam"],"picked":"Streamline+1","floor":18},{"not_picked":["Barrage+1","Reprogram"],"picked":"Defragment","floor":22},{"not_picked":["Compile Driver","Genetic Algorithm+1"],"picked":"Cold Snap","floor":24}],"player_experience":464350,"relics_obtained":[{"floor":6,"key":"Strawberry"},{"floor":9,"key":"Blue Candle"},{"floor":10,"key":"Symbiotic Virus"},{"floor":20,"key":"Letter Opener"}],"event_choices":[{"cards_removed":["Strike_B"],"damage_healed":0,"gold_gain":0,"player_choice":"Card Removal","damage_taken":7,"max_hp_gain":0,"max_hp_loss":0,"event_name":"Golden Wing","floor":3,"gold_loss":0},{"cards_removed":["Defend_B"],"damage_healed":0,"gold_gain":0,"player_choice":"Card Removal","damage_taken":0,"max_hp_gain":0,"max_hp_loss":0,"event_name":"The Cleric","floor":5,"gold_loss":50},{"cards_removed":["Rip and Tear"],"damage_healed":0,"gold_gain":0,"player_choice":"Gave Card","damage_taken":0,"relics_obtained":["Omamori"],"max_hp_gain":0,"max_hp_loss":0,"event_name":"WeMeetAgain","floor":21,"gold_loss":0}],"is_beta":false,"boss_relics":[{"not_picked":["Orrery","White Beast Statue"],"picked":"Runic Pyramid"}],"items_purged_floors":[],"is_endless":false,"potions_floor_spawned":[6,7,10,11,13,24],"killed_by":"Gremlin Leader","ascension_level":7}