{"gold_per_floor":[115,115,130,130,205,205,235,235,235,263,282,282,316,192,192,297,297,308,10,25,25,25,25,60,60,112,128,128,128,141,0,0,0],"floor_reached":33,"playtime":2747,"items_purged":["Strike_B","Strike_B"],"score":375,"play_id":"992d5638-5cc3-4288-818b-98a9adcda0f0","local_time":"20190105110130","is_ascension_mode":true,"campfire_choices":[{"data":"Dualcast","floor":6,"key":"SMITH"},{"data":"Leap","floor":12,"key":"SMITH"},{"floor":15,"key":"REST"},{"data":"Streamline","floor":23,"key":"SMITH"},{"floor":25,"key":"REST"},{"data":"Go for the Eyes","floor":29,"key":"SMITH"},{"floor":32,"key":"REST"}],"neow_cost":"NONE","seed_source_timestamp":81231801822635,"circlet_count":0,"master_deck":["Strike_B","Strike_B","Defend_B","Defend_B","Defend_B","Zap+1","Dualcast+1","Genetic Algorithm","Leap+1","Steam Power","Cold Snap","Rebound","Undo","Streamline+1","Core Surge","Coolheaded+1","Cold Snap","Barrage+1","Compile Driver+1","Go for the Eyes+1","Defragment"],"relics":["Cracked Core","NeowsBlessing","Omamori","Mummified Hand","Mango","Mercury Hourglass","Inserter","Juzu Bracelet","Ancient Tea Set","Ornamental Fan","Boot"],"potions_floor_usage":[10,13,13,24,33],"damage_taken":[{"damage":0,"enemies":"Jaw Worm","floor":1,"turns":1},{"damage":0,"enemies":"2 Louse","floor":3,"turns":1},{"damage":0,"enemies":"3 Sentries","floor":7,"turns":2},{"damage":24,"enemies":"Gremlin Nob","floor":10,"turns":5},{"damage":5,"enemies":"Small Slimes","floor":11,"turns":2},{"damage":18,"enemies":"Lagavulin","floor":13,"turns":7},{"damage":15,"enemies":"The Guardian","floor":16,"turns":9},{"damage":10,"enemies":"Shell Parasite","floor":18,"turns":8},{"damage":18,"enemies":"3 Byrds","floor":20,"turns":4},{"damage":18,"enemies":"Colosseum Slavers","floor":21,"turns":5},{"damage":42,"enemies":"Gremlin Leader","floor":24,"turns":6},{"damage":13,"enemies":"3 Cultists","floor":27,"turns":5},{"damage":0,"enemies":"Snecko","floor":30,"turns":4},{"damage":56,"enemies":"Collector","floor":33,"turns":7}],"seed_played":"-4034210468485529804","potions_obtained":[{"floor":1,"key":"Weak Potion"},{"floor":3,"key":"GamblersBrew"},{"floor":10,"key":"Block Potion"},{"floor":13,"key":"Explosive Potion"},{"floor":24,"key":"Poison Potion"},{"floor":30,"key":"AttackPotion"}],"is_trial":false,"path_per_floor":["M","?","M","?","?","R","E","?","T","E","M","R","E","$","R","B",null,"M","$","M","?","?","R","E","R","T","M","$","R","M","?","R","B"],"character_chosen":"DEFECT","items_purchased":["Streamline","Cold Snap","Juzu Bracelet"],"campfire_rested":3,"item_purchase_floors":[14,19,19],"current_hp_per_floor":[75,68,68,68,57,57,57,62,62,52,47,47,29,29,57,42,94,84,84,66,48,48,48,6,34,34,21,21,21,21,21,49,0],"gold":0,"neow_bonus":"THREE_ENEMY_KILL","is_prod":false,"is_daily":false,"chose_seed":false,"campfire_upgraded":4,"win_rate":0,"timestamp":1546707690,"path_taken":["M","?","M","?","?","R","E","?","T","E","M","R","E","$","R","BOSS","M","$","M","?","?","R","E","R","T","M","$","R","M","?","R","BOSS"],"build_version":"2019-01-03v4","purchased_purges":2,"victory":false,"max_hp_per_floor":[75,75,75,75,75,75,75,80,80,94,94,94,94,94,94,94,94,94,94,94,94,94,94,94,94,94,94,94,94,94,94,94,94],"card_choices":[{"not_picked":["Melter","Beam Cell"],"picked":"Genetic Algorithm","floor":1},{"not_picked":["Redo","Heatsinks"],"picked":"Leap","floor":3},{"not_picked":["Reinforced Body","Genetic Algorithm"],"picked":"Steam Power","floor":7},{"not_picked":["Chaos","Blizzard"],"picked":"Cold Snap","floor":10},{"not_picked":["Turbo","Conserve Battery"],"picked":"Rebound","floor":11},{"not_picked":["Go for the Eyes","FTL"],"picked":"Undo","floor":13},{"not_picked":["Rainbow","Multi-Cast"],"picked":"Core Surge","floor":16},{"not_picked":["Ball Lightning","Storm"],"picked":"Coolheaded+1","floor":18},{"not_picked":["Gash","Turbo"],"picked":"Barrage+1","floor":20},{"not_picked":["Go for the Eyes","Sweeping Beam"],"picked":"Compile Driver+1","floor":24},{"not_picked":["Lockon+1","Capacitor+1"],"picked":"Go for the Eyes","floor":27},{"not_picked":["Hologram","Melter+1"],"picked":"Defragment","floor":30}],"player_experience":300572,"relics_obtained":[{"floor":7,"key":"Omamori"},{"floor":9,"key":"Mummified Hand"},{"floor":10,"key":"Mango"},{"floor":13,"key":"Mercury Hourglass"},{"floor":22,"key":"Ancient Tea Set"},{"floor":24,"key":"Ornamental Fan"},{"floor":26,"key":"Boot"}],"event_choices":[{"cards_removed":["Defend_B"],"damage_healed":0,"gold_gain":0,"player_choice":"Card Removal","damage_taken":7,"max_hp_gain":0,"max_hp_loss":0,"event_name":"Golden Wing","floor":2,"gold_loss":0},{"damage_healed":0,"gold_gain":0,"player_choice":"Grow","damage_taken":0,"max_hp_gain":0,"max_hp_loss":0,"event_name":"Living Wall","floor":4,"gold_loss":0,"cards_upgraded":["Zap"]},{"damage_healed":0,"gold_gain":75,"player_choice":"Gather Gold","damage_taken":11,"max_hp_gain":0,"max_hp_loss":0,"event_name":"World of Goop","floor":5,"gold_loss":0},{"damage_healed":0,"gold_gain":0,"player_choice":"Donut","damage_taken":0,"max_hp_gain":5,"max_hp_loss":0,"event_name":"Big Fish","floor":8,"gold_loss":0},{"damage_healed":0,"gold_gain":0,"player_choice":"Fight","damage_taken":0,"max_hp_gain":0,"max_hp_loss":0,"event_name":"Colosseum","floor":21,"gold_loss":0},{"damage_healed":0,"gold_gain":0,"player_choice":"Fled From Nobs","damage_taken":0,"max_hp_gain":0,"max_hp_loss":0,"event_name":"Colosseum","floor":21,"gold_loss":0},{"damage_healed":0,"gold_gain":0,"player_choice":"Relic","damage_taken":0,"max_hp_gain":0,"max_hp_loss":0,"event_name":"Wheel of Change","floor":22,"gold_loss":0},{"damage_healed":0,"gold_gain":0,"player_choice":"Paid Fearfully","damage_taken":0,"max_hp_gain":0,"max_hp_loss":0,"event_name":"Masked Bandits","floor":31,"gold_loss":141}],"is_beta":false,"boss_relics":[{"not_picked":["Cursed Key","Ectoplasm"],"picked":"Inserter"}],"items_purged_floors":[14,19],"is_endless":false,"potions_floor_spawned":[1,3,10,13,24,30],"killed_by":"Collector","ascension_level":3}