{"gold_per_floor":[109,121,121,121,133,133,145,3,3,15,29,29,29,39,39,142,142,157,22,22,22,41,41,41,41,41,61,92,92,103,123,123,218,218,231,162,182,182],"floor_reached":38,"playtime":3842,"items_purged":["Strike_B","Strike_B"],"score":427,"play_id":"ff5712b5-8aa0-4c93-8329-e52810712edb","local_time":"20180704115318","is_ascension_mode":true,"campfire_choices":[{"data":"Chill","floor":6,"key":"SMITH"},{"floor":15,"key":"REST"},{"data":"Double Energy","floor":23,"key":"SMITH"},{"floor":25,"key":"REST"},{"floor":32,"key":"REST"}],"neow_cost":"NONE","seed_source_timestamp":90113793618226,"circlet_count":0,"master_deck":["Strike_B","Defend_B","Defend_B","Defend_B","Zap","Dualcast","Streamline","Redo","Dramatic Entrance","Chill+1","Glacier","Compile Driver","Doom and Gloom","Static Discharge","Barrage","Double Energy+1","Fission","Self Repair","Capacitor","Storm","Machine Learning","Turbo+1","Redo","Creative AI","Multi-Cast"],"special_seed":17716,"relics":["Cracked Core","Strawberry","Blue Candle","Lizard Tail","Bronze Scales","Bottled Lightning","Centennial Puzzle","Busted Crown"],"potions_floor_usage":[23,28,30,33],"damage_taken":[{"damage":1,"enemies":"Cultist","floor":1,"turns":3},{"damage":8,"enemies":"2 Louse","floor":2,"turns":3},{"damage":0,"enemies":"Small Slimes","floor":5,"turns":3},{"damage":10,"enemies":"Exordium Thugs","floor":7,"turns":5},{"damage":0,"enemies":"3 Louse","floor":10,"turns":2},{"damage":4,"enemies":"Looter","floor":11,"turns":2},{"damage":11,"enemies":"Blue Slaver","floor":14,"turns":2},{"damage":28,"enemies":"Slime Boss","floor":16,"turns":9},{"damage":16,"enemies":"3 Byrds","floor":18,"turns":4},{"damage":10,"enemies":"Spheric Guardian","floor":22,"turns":4},{"damage":29,"enemies":"Snake Plant","floor":27,"turns":4},{"damage":59,"enemies":"Slavers","floor":28,"turns":6},{"damage":30,"enemies":"Cultist and Chosen","floor":30,"turns":8},{"damage":12,"enemies":"Centurion and Healer","floor":31,"turns":8},{"damage":66,"enemies":"Champ","floor":33,"turns":11},{"damage":35,"enemies":"3 Darklings","floor":35,"turns":5},{"damage":52,"enemies":"Orb Walker","floor":37,"turns":6},{"damage":14,"enemies":"4 Shapes","floor":38,"turns":5}],"seed_played":"-5189168728089352189","potions_obtained":[{"floor":3,"key":"Poison Potion"},{"floor":3,"key":"SmokeBomb"},{"floor":3,"key":"SmokeBomb"},{"floor":7,"key":"FocusPotion"},{"floor":10,"key":"FairyPotion"},{"floor":22,"key":"Fruit Juice"},{"floor":27,"key":"Weak Potion"},{"floor":31,"key":"Poison Potion"}],"is_trial":false,"path_per_floor":["M","M","?","?","M","R","M","$","T","M","M","?","$","M","R","B",null,"M","$","?","?","M","R","?","R","T","M","E","?","M","M","R","B",null,"M","$","M"],"character_chosen":"DEFECT","items_purchased":["Doom and Gloom","Capacitor","Multi-Cast"],"campfire_rested":3,"item_purchase_floors":[8,19,36],"current_hp_per_floor":[74,66,66,66,66,66,56,56,63,63,59,52,52,41,65,37,82,66,66,66,66,63,68,68,87,87,65,13,13,50,45,71,12,87,59,59,14,0],"gold":182,"neow_bonus":"REMOVE_CARD","is_prod":false,"is_daily":false,"chose_seed":false,"campfire_upgraded":2,"win_rate":0,"timestamp":1530701598,"path_taken":["M","?","?","?","M","R","M","$","T","M","?","?","$","M","R","BOSS","M","$","?","?","M","R","?","R","T","M","E","?","?","M","R","BOSS","M","$","M","M"],"build_version":"2018-06-28","purchased_purges":2,"victory":false,"max_hp_per_floor":[75,75,75,75,75,75,75,75,82,82,82,82,82,82,82,82,82,82,82,82,82,82,87,87,87,87,87,87,87,87,87,87,87,87,87,87,87,87],"card_choices":[{"not_picked":["Lockon","Tempest"],"picked":"Streamline","floor":1},{"not_picked":["Go for the Eyes","Steam Power"],"picked":"Redo","floor":2},{"not_picked":["Turbo","Double Energy"],"picked":"Glacier","floor":5},{"not_picked":["Coolheaded","Ball Lightning"],"picked":"Compile Driver","floor":7},{"not_picked":["Aggregate","Turbo"],"picked":"Static Discharge","floor":10},{"not_picked":["Redo","Chill"],"picked":"Barrage","floor":11},{"not_picked":["Heatsinks","Skim"],"picked":"Double Energy","floor":14},{"not_picked":["Amplify","All For One"],"picked":"Fission","floor":16},{"not_picked":["Turbo","Coolheaded"],"picked":"Self Repair","floor":18},{"not_picked":["Hologram","Turbo","Capacitor"],"picked":"SKIP","floor":22},{"not_picked":["Beam Cell","Conserve Battery"],"picked":"Machine Learning","floor":27},{"not_picked":["Gash+1","Go for the Eyes"],"picked":"Turbo+1","floor":28},{"not_picked":["Aggregate","FTL","Hello World"],"picked":"SKIP","floor":30},{"not_picked":["Go for the Eyes","Steam Power+1"],"picked":"Redo","floor":31},{"not_picked":["Reboot","Biased Cognition"],"picked":"Creative AI","floor":33},{"not_picked":["Beam Cell+1"],"picked":"SKIP","floor":35},{"not_picked":["Go for the Eyes+1"],"picked":"SKIP","floor":37}],"player_experience":217838,"relics_obtained":[{"floor":9,"key":"Strawberry"},{"floor":26,"key":"Bottled Lightning"},{"floor":28,"key":"Centennial Puzzle"}],"event_choices":[{"event_name":"The Lab","player_choice":"Got Potions","floor":3,"damage_taken":0},{"event_name":"Match and Keep!","player_choice":"2 cards matched","floor":4,"damage_taken":0},{"event_name":"Scrap Ooze","player_choice":"success","floor":12,"damage_taken":7},{"event_name":"The Mausoleum","player_choice":"Yes","floor":20,"damage_taken":0},{"event_name":"Transmorgrifier","player_choice":"Transform","floor":21,"damage_taken":0},{"event_name":"Cursed Tome","player_choice":"Ignored","floor":24,"damage_taken":0},{"event_name":"Ghosts","player_choice":"Ignored","floor":29,"damage_taken":0}],"boss_relics":[{"not_picked":["Fusion Hammer","Runic Dome"],"picked":"Lizard Tail"},{"not_picked":["Runic Pyramid","Tiny House"],"picked":"Busted Crown"}],"items_purged_floors":[8,19],"is_endless":false,"potions_floor_spawned":[7,10,14,22,27,31],"killed_by":"4 Shapes","ascension_level":2}