{"gold_per_floor":[15,30,30,43,59,59,90,103,126,126],"floor_reached":10,"playtime":515,"items_purged":[],"score":130,"play_id":"4441bfaa-eb4d-441a-a7a5-8f46009f8a48","local_time":"20190117223147","is_ascension_mode":true,"campfire_choices":[{"data":"Unload","floor":6.0,"key":"SMITH"}],"neow_cost":"NO_GOLD","seed_source_timestamp":192408312101043,"circlet_count":0,"master_deck":["AscendersBane","Defend_G","Defend_G","Defend_G","Defend_G","Defend_G","Strike_G","Strike_G","Strike_G","Strike_G","Strike_G","Survivor","Neutralize","Unload+1","Underhanded Strike","Backflip","Well Laid Plans"],"special_seed":0,"relics":["Ring of the Snake","Peace Pipe","Pen Nib"],"potions_floor_usage":[10],"damage_taken":[{"damage":0.0,"enemies":"Cultist","floor":1.0,"turns":3.0},{"damage":3.0,"enemies":"Small Slimes","floor":2.0,"turns":5.0},{"damage":0.0,"enemies":"Jaw Worm","floor":4.0,"turns":4.0},{"damage":3.0,"enemies":"Blue Slaver","floor":5.0,"turns":5.0},{"damage":21,"enemies":"Gremlin Nob","floor":7,"turns":5},{"damage":2,"enemies":"3 Louse","floor":8,"turns":3},{"damage":31,"enemies":"Gremlin Gang","floor":10,"turns":3}],"seed_played":"8169703364558072278","potions_obtained":[{"floor":1.0,"key":"SpeedPotion"},{"floor":7,"key":"GamblersBrew"}],"is_trial":false,"path_per_floor":["M","M","$","M","M","R","E","M","T","M"],"character_chosen":"THE_SILENT","items_purchased":[],"campfire_rested":0,"item_purchase_floors":[],"current_hp_per_floor":[59,56,56,56,53,53,32,30,30,0],"gold":126,"neow_bonus":"THREE_RARE_CARDS","is_prod":false,"is_daily":false,"chose_seed":false,"campfire_upgraded":1,"win_rate":0,"timestamp":1547760707,"path_taken":["M","M","$","M","?","R","E","M","T","M"],"build_version":"2019-01-10","purchased_purges":0,"victory":false,"max_hp_per_floor":[66,66,66,66,66,66,66,66,66,66],"card_choices":[{"not_picked":["Phantasmal Killer","Venomology"],"picked":"Unload","floor":0.0},{"not_picked":["Terror","Heel Hook","Flying Knee"],"picked":"SKIP","floor":1.0},{"not_picked":["Flying Knee","Dagger Throw","Tactician"],"picked":"SKIP","floor":2.0},{"not_picked":["Masterful Stab","Flying Knee"],"picked":"Underhanded Strike","floor":4.0},{"not_picked":["Blur","Outmaneuver","Slice"],"picked":"SKIP","floor":5.0},{"not_picked":["Blur","Setup"],"picked":"Backflip","floor":7},{"not_picked":["A Thousand Cuts","PiercingWail"],"picked":"Well Laid Plans","floor":8}],"player_experience":928047,"relics_obtained":[{"floor":7,"key":"Peace Pipe"},{"floor":9,"key":"Pen Nib"}],"event_choices":[],"is_beta":false,"boss_relics":[],"items_purged_floors":[],"is_endless":false,"potions_floor_spawned":[1,7],"killed_by":"Gremlin Gang","ascension_level":17}