{"gold_per_floor":[118,137,151,73,73,104,104,131,156,156,156,188,219,249,261,370,382,413,425,67,67,81,81,112,130,130,150,161,161,32,32,32,128,128,146,160,235,251,262,262,262],"floor_reached":41,"playtime":2339,"items_purged":[],"score":498,"play_id":"838d51bf-2280-44be-8221-6466b734ea60","local_time":"20190130011827","is_ascension_mode":true,"campfire_choices":[{"floor":7,"key":"REST"},{"floor":10,"key":"REST"},{"floor":15,"key":"REST"},{"floor":23,"key":"RECALL"},{"floor":32,"key":"REST"},{"floor":40,"key":"REST"}],"neow_cost":"NONE","seed_source_timestamp":1755977712994051,"circlet_count":0,"master_deck":["Strike_B+1","Strike_B+1","Strike_B+1","Strike_B+1","Defend_B+1","Defend_B+1","Defend_B+1","Defend_B+1","Zap+1","Dualcast","Static Discharge","Lockon","Conserve Battery","Self Repair","FTL","Ball Lightning","Static Discharge","Beam Cell","Compile Driver","Machine Learning","Conserve Battery+1","Sweeping Beam","Melter","Compile Driver","Cold Snap","Loop+1","Cold Snap","Glacier+1","Multi-Cast+1","Go for the Eyes","BootSequence+1","BootSequence+1"],"relics":["Cracked Core","DataDisk","War Paint","Turnip","MawBank","Fusion Hammer","Lantern","Runic Capacitor","Pantograph","Thread and Needle","Toxic Egg 2"],"potions_floor_usage":[8,16,24,25,28,33,41,41],"damage_taken":[{"damage":9,"enemies":"Jaw Worm","floor":1,"turns":3},{"damage":1,"enemies":"Cultist","floor":2,"turns":3},{"damage":8,"enemies":"2 Louse","floor":3,"turns":3},{"damage":56,"enemies":"Gremlin Nob","floor":6,"turns":5},{"damage":22,"enemies":"3 Sentries","floor":8,"turns":7},{"damage":29,"enemies":"Gremlin Nob","floor":12,"turns":4},{"damage":14,"enemies":"Red Slaver","floor":13,"turns":3},{"damage":1,"enemies":"3 Louse","floor":14,"turns":3},{"damage":29,"enemies":"The Guardian","floor":16,"turns":7},{"damage":23,"enemies":"Spheric Guardian","floor":18,"turns":3},{"damage":4,"enemies":"Chosen","floor":22,"turns":3},{"damage":30,"enemies":"Book of Stabbing","floor":24,"turns":5},{"damage":16,"enemies":"Centurion and Healer","floor":25,"turns":5},{"damage":21,"enemies":"Snake Plant","floor":27,"turns":5},{"damage":0,"enemies":"Shelled Parasite and Fungi","floor":28,"turns":2},{"damage":29,"enemies":"Collector","floor":33,"turns":10},{"damage":4,"enemies":"3 Shapes","floor":35,"turns":3},{"damage":21,"enemies":"3 Darklings","floor":36,"turns":7},{"damage":7,"enemies":"4 Shapes","floor":38,"turns":7},{"damage":27,"enemies":"Transient","floor":39,"turns":5},{"damage":81,"enemies":"Reptomancer","floor":41,"turns":3}],"seed_played":"-6649685450104481106","potions_obtained":[{"floor":3,"key":"Dexterity Potion"},{"floor":12,"key":"Weak Potion"},{"floor":16,"key":"Ancient Potion"},{"floor":18,"key":"SteroidPotion"},{"floor":22,"key":"Swift Potion"},{"floor":24,"key":"PowerPotion"},{"floor":33,"key":"LiquidBronze"},{"floor":35,"key":"Strength Potion"},{"floor":36,"key":"Strength Potion"},{"floor":39,"key":"SpeedPotion"}],"is_trial":false,"path_per_floor":["M","M","M","$","?","E","R","E","T","R","T","E","M","M","R","B",null,"M","?","$","?","M","R","E","M","T","M","M","?","$","?","R","B",null,"M","M","?","M","M","R","E"],"character_chosen":"DEFECT","items_purchased":["Self Repair","Lantern","Runic Capacitor","Sweeping Beam","Glacier+1","SkillPotion"],"campfire_rested":5,"item_purchase_floors":[4,20,20,20,30,30],"current_hp_per_floor":[73,72,64,64,64,15,39,24,24,48,48,26,19,25,49,20,82,66,66,66,66,69,69,46,37,37,23,23,7,7,7,33,29,87,87,73,65,65,38,64,0],"gold":262,"neow_bonus":"TEN_PERCENT_HP_BONUS","is_prod":false,"is_daily":false,"chose_seed":false,"campfire_upgraded":0,"win_rate":0,"timestamp":1548818307,"path_taken":["M","M","M","$","?","E","R","E","T","R","?","E","?","M","R","BOSS","M","?","$","?","M","R","E","M","T","M","?","?","$","?","R","BOSS","M","M","?","?","M","R","E"],"build_version":"2019-01-23","purchased_purges":0,"victory":false,"max_hp_per_floor":[82,82,82,82,82,82,82,82,82,82,82,82,82,82,82,82,82,82,82,82,82,82,82,82,82,82,82,82,87,87,87,87,87,87,87,87,87,87,87,87,87],"card_choices":[{"not_picked":["Leap","Doom and Gloom"],"picked":"Static Discharge","floor":1},{"not_picked":["Streamline","Aggregate"],"picked":"Lockon","floor":2},{"not_picked":["Beam Cell","Coolheaded"],"picked":"Conserve Battery","floor":3},{"not_picked":["Chill","Stack"],"picked":"FTL","floor":6},{"not_picked":["Compile Driver","Double Energy"],"picked":"Ball Lightning","floor":8},{"not_picked":["Chill","Melter"],"picked":"Static Discharge","floor":12},{"not_picked":["Skim","Blizzard"],"picked":"Beam Cell","floor":13},{"not_picked":["Capacitor","Rebound"],"picked":"Compile Driver","floor":14},{"not_picked":["Biased Cognition","All For One"],"picked":"Machine Learning","floor":16},{"not_picked":["Compile Driver","Steam"],"picked":"Conserve Battery+1","floor":18},{"not_picked":["Double Energy","Undo"],"picked":"Melter","floor":22},{"not_picked":["Sweeping Beam","Darkness"],"picked":"Compile Driver","floor":24},{"not_picked":["Reprogram","Static Discharge"],"picked":"Cold Snap","floor":25},{"not_picked":["Beam Cell","Auto Shields+1"],"picked":"Loop+1","floor":27},{"not_picked":["Aggregate+1","Turbo+1"],"picked":"Cold Snap","floor":28},{"not_picked":["Biased Cognition","Hyperbeam"],"picked":"Multi-Cast+1","floor":33},{"not_picked":["Turbo+1","Barrage+1"],"picked":"Go for the Eyes","floor":35},{"not_picked":["Coolheaded+1","Genetic Algorithm+1"],"picked":"BootSequence+1","floor":36},{"not_picked":["Recycle+1","Heatsinks+1","Chill+1"],"picked":"SKIP","floor":38},{"not_picked":["Aggregate+1","Steam Power+1"],"picked":"BootSequence+1","floor":39}],"player_experience":85584,"relics_obtained":[{"floor":6,"key":"DataDisk"},{"floor":8,"key":"War Paint"},{"floor":11,"key":"Turnip"},{"floor":12,"key":"MawBank"},{"floor":24,"key":"Thread and Needle"},{"floor":26,"key":"Toxic Egg 2"}],"event_choices":[{"damage_healed":0,"gold_gain":0,"player_choice":"Ignored","damage_taken":0,"max_hp_gain":0,"max_hp_loss":0,"event_name":"Golden Wing","floor":5,"gold_loss":0},{"damage_healed":0,"gold_gain":0,"player_choice":"Simplicity","damage_taken":0,"max_hp_gain":0,"max_hp_loss":0,"event_name":"Back to Basics","floor":19,"gold_loss":0,"cards_upgraded":["Strike_B","Strike_B","Strike_B","Strike_B","Defend_B","Defend_B","Defend_B"]},{"damage_healed":0,"gold_gain":0,"player_choice":"Gave Potion","damage_taken":0,"relics_obtained":["Pantograph"],"max_hp_gain":0,"max_hp_loss":0,"event_name":"WeMeetAgain","floor":21,"gold_loss":0},{"damage_healed":0,"gold_gain":0,"player_choice":"Shed Blood","damage_taken":21,"max_hp_gain":5,"max_hp_loss":0,"event_name":"Forgotten Altar","floor":29,"gold_loss":0},{"damage_healed":0,"gold_gain":0,"player_choice":"Ignored","damage_taken":0,"max_hp_gain":0,"max_hp_loss":0,"event_name":"Beggar","floor":31,"gold_loss":0},{"damage_healed":0,"gold_gain":75,"player_choice":"Touch","damage_taken":8,"max_hp_gain":0,"max_hp_loss":0,"event_name":"FaceTrader","floor":37,"gold_loss":0}],"is_beta":false,"boss_relics":[{"not_picked":["Lizard Tail","Runic Dome"],"picked":"Fusion Hammer"},{"not_picked":["Coffee Dripper","Calling Bell","FrozenCore"]}],"items_purged_floors":[],"is_endless":false,"potions_floor_spawned":[3,12,16,18,22,24,33,35,36,39],"killed_by":"Reptomancer","ascension_level":3}