{"gold_per_floor":[111,123,198,49,49,49,81,81,105,105,123,135,35,53,53,126,126,136,226,50,49,69,98,98,115,138,138,170,183,183,183,183,260,260,280,335,347,347,364,364,30,30,30,58,58,88,88,13,13,13],"floor_reached":51,"playtime":4164,"items_purged":["Strike_G","Strike_G","Strike_G"],"score":1366,"play_id":"635bdd7a-2366-4a35-b113-fca3fc260534","local_time":"20190131154319","is_ascension_mode":true,"campfire_choices":[{"data":"Neutralize","floor":6.0,"key":"SMITH"},{"floor":8.0,"key":"DIG"},{"floor":10.0,"key":"REST"},{"floor":15.0,"key":"DIG"},{"data":"Wraith Form v2","floor":24.0,"key":"SMITH"},{"floor":27.0,"key":"REST"},{"floor":32.0,"key":"REST"},{"data":"Noxious Fumes","floor":40,"key":"SMITH"},{"floor":42,"key":"DIG"},{"floor":45,"key":"DIG"},{"floor":49,"key":"REST"}],"neow_cost":"TEN_PERCENT_HP_LOSS","seed_source_timestamp":780307072963725,"circlet_count":0,"master_deck":["AscendersBane","Defend_G","Defend_G","Defend_G","Defend_G","Defend_G","Strike_G","Survivor","Neutralize+1","Poisoned Stab+1","Flechettes","Noxious Fumes+1","Catalyst","Deflect+1","Wraith Form v2+1","Deadly Poison+1","Deflect+1","Blur+1","Concentrate+1","Prepared+1","Wraith Form v2+1","Night Terror+1","Catalyst+1","Blur+1","PiercingWail+1","Tactician+1","Burst+1"],"special_seed":0,"relics":["Ring of the Snake","Shovel","Oddly Smooth Stone","Toxic Egg 2","Strawberry","Gremlin Horn","Runic Pyramid","Juzu Bracelet","Art of War","Ice Cream","Black Star","The Specimen","Membership Card","Bag of Preparation","Orichalcum","Dodecahedron","Bronze Scales","Mummified Hand","Regal Pillow","Lantern","Snake Skull","Pear"],"potions_floor_usage":[],"damage_taken":[{"damage":2.0,"enemies":"Cultist","floor":1.0,"turns":4.0},{"damage":2.0,"enemies":"Jaw Worm","floor":2.0,"turns":4.0},{"damage":19.0,"enemies":"Lagavulin","floor":7.0,"turns":8.0},{"damage":0.0,"enemies":"2 Louse","floor":11.0,"turns":3.0},{"damage":6.0,"enemies":"Blue Slaver","floor":12.0,"turns":4.0},{"damage":0.0,"enemies":"Looter","floor":14.0,"turns":4.0},{"damage":14.0,"enemies":"Hexaghost","floor":16.0,"turns":9.0},{"damage":8.0,"enemies":"3 Byrds","floor":18.0,"turns":5.0},{"damage":2.0,"enemies":"2 Thieves","floor":21.0,"turns":4.0},{"damage":4.0,"enemies":"Snake Plant","floor":22.0,"turns":6.0},{"damage":9.0,"enemies":"Book of Stabbing","floor":23.0,"turns":6.0},{"damage":0.0,"enemies":"Cultist and Chosen","floor":25.0,"turns":8.0},{"damage":31.0,"enemies":"Slavers","floor":28.0,"turns":9.0},{"damage":0.0,"enemies":"Centurion and Healer","floor":29.0,"turns":7.0},{"damage":13.0,"enemies":"Collector","floor":33.0,"turns":10.0},{"damage":1.0,"enemies":"Orb Walker","floor":35.0,"turns":6.0},{"damage":17.0,"enemies":"2 Orb Walkers","floor":36.0,"turns":12.0},{"damage":0.0,"enemies":"3 Darklings","floor":37.0,"turns":7.0},{"damage":23.0,"enemies":"Jaw Worm Horde","floor":39.0,"turns":6.0},{"damage":0,"enemies":"Giant Head","floor":44,"turns":11},{"damage":0,"enemies":"Nemesis","floor":46,"turns":9},{"damage":11,"enemies":"Awakened One","floor":50,"turns":11}],"seed_played":"6515989796546610305","potions_obtained":[{"floor":7.0,"key":"Ancient Potion"},{"floor":11.0,"key":"Poison Potion"},{"floor":14.0,"key":"GhostInAJar"},{"floor":21.0,"key":"SteroidPotion"},{"floor":28.0,"key":"EntropicBrew"},{"floor":29.0,"key":"EssenceOfSteel"},{"floor":35.0,"key":"Block Potion"},{"floor":36.0,"key":"Strength Potion"}],"is_trial":false,"path_per_floor":["M","M","?","$","?","R","E","R","T","R","M","M","$","M","R","B",null,"M","?","$","M","M","E","R","M","T","R","E","M","?","?","R","B",null,"M","?","M","?","M","R","$","R","T","E","R","E","?","?","R","B",null],"character_chosen":"THE_SILENT","items_purchased":["Noxious Fumes","Deflect+1","Membership Card","Bag of Preparation","PiercingWail+1","Tactician+1"],"campfire_rested":4,"item_purchase_floors":[4,20,41,41,41,41],"current_hp_per_floor":[57,55,44,44,44,44,25,25,32,52,52,46,46,46,46,32,58,50,38,38,36,32,23,23,23,23,43,12,12,12,12,32,19,55,54,37,37,67,44,44,44,44,44,44,44,44,54,54,77,66],"gold":13,"neow_bonus":"ONE_RARE_RELIC","is_prod":false,"is_daily":false,"chose_seed":false,"campfire_upgraded":3,"win_rate":0,"timestamp":1548945799,"path_taken":["M","?","?","?","?","R","E","R","T","R","M","M","?","?","R","BOSS","M","?","$","M","?","E","R","M","T","R","E","M","?","?","R","BOSS","M","?","M","?","M","R","?","R","T","E","R","E","?","?","R","BOSS"],"build_version":"2019-01-23","purchased_purges":3,"victory":true,"max_hp_per_floor":[60,60,60,60,60,60,60,60,67,67,67,67,67,67,67,67,67,67,67,67,67,67,67,67,67,67,67,67,67,67,67,67,67,67,67,67,67,67,67,67,67,67,67,67,67,67,77,77,77,77],"card_choices":[{"not_picked":["Bane","Caltrops"],"picked":"Poisoned Stab","floor":1.0},{"not_picked":["Blade Dance","Acrobatics"],"picked":"Flechettes","floor":2.0},{"not_picked":["Grand Finale","PiercingWail"],"picked":"Catalyst","floor":7.0},{"not_picked":["Caltrops","Accuracy","Quick Slash"],"picked":"SKIP","floor":11.0},{"not_picked":["Outmaneuver+1","Blade Dance+1","Flying Knee"],"picked":"SKIP","floor":12.0},{"not_picked":["Heel Hook","Outmaneuver+1"],"picked":"Deflect+1","floor":14.0},{"not_picked":["After Image","Phantasmal Killer+1"],"picked":"Wraith Form v2","floor":16.0},{"not_picked":["Eviscerate","Setup+1"],"picked":"Deadly Poison+1","floor":18.0},{"not_picked":["Infinite Blades","Dagger Throw","Acrobatics+1"],"picked":"SKIP","floor":21.0},{"not_picked":["Deflect+1","Riddle With Holes"],"picked":"Blur+1","floor":22.0},{"not_picked":["Deadly Poison+1","Slice","Deflect+1"],"picked":"SKIP","floor":23.0},{"not_picked":["Quick Slash","Slice","Cloak And Dagger+1"],"picked":"SKIP","floor":25.0},{"not_picked":["Dash","Leg Sweep+1"],"picked":"Concentrate+1","floor":28.0},{"not_picked":["Noxious Fumes","Slice"],"picked":"Prepared+1","floor":29.0},{"not_picked":["Storm of Steel+1","A Thousand Cuts"],"picked":"Night Terror+1","floor":33.0},{"not_picked":["Dodge and Roll+1","Deadly Poison+1","Dagger Throw"],"picked":"SKIP","floor":35.0},{"not_picked":["Deflect+1","Blade Dance+1"],"picked":"Catalyst+1","floor":36.0},{"not_picked":["Dodge and Roll+1","Calculated Gamble+1","Deflect+1"],"picked":"SKIP","floor":37.0},{"not_picked":["Predator","Outmaneuver+1"],"picked":"Blur+1","floor":39.0},{"not_picked":["Bane","Dagger Spray","Reflex+1"],"picked":"SKIP","floor":44},{"not_picked":["PiercingWail+1","Distraction+1"],"picked":"Burst+1","floor":46}],"player_experience":1121443,"relics_obtained":[{"floor":7.0,"key":"Oddly Smooth Stone"},{"floor":8.0,"key":"Toxic Egg 2"},{"floor":9.0,"key":"Strawberry"},{"floor":15.0,"key":"Gremlin Horn"},{"floor":23.0,"key":"Juzu Bracelet"},{"floor":26.0,"key":"Art of War"},{"floor":28.0,"key":"Ice Cream"},{"floor":36.0,"key":"The Specimen"},{"floor":42,"key":"Orichalcum"},{"floor":43,"key":"Dodecahedron"},{"floor":44,"key":"Bronze Scales"},{"floor":44,"key":"Mummified Hand"},{"floor":45,"key":"Regal Pillow"},{"floor":46,"key":"Lantern"},{"floor":46,"key":"Snake Skull"}],"event_choices":[{"damage_healed":0.0,"max_hp_gain":0.0,"max_hp_loss":0.0,"gold_gain":75.0,"event_name":"World of Goop","player_choice":"Gather Gold","floor":3.0,"gold_loss":0.0,"damage_taken":11.0},{"damage_healed":0.0,"max_hp_gain":0.0,"max_hp_loss":0.0,"gold_gain":0.0,"event_name":"Living Wall","player_choice":"Grow","floor":5.0,"gold_loss":0.0,"damage_taken":0.0,"cards_upgraded":["Poisoned Stab"]},{"damage_healed":0.0,"max_hp_gain":0.0,"max_hp_loss":0.0,"gold_gain":90.0,"event_name":"Knowing Skull","player_choice":"GOLD ","floor":19.0,"potions_obtained":[],"gold_loss":0.0,"damage_taken":12.0,"cards_obtained":[]},{"damage_healed":0.0,"max_hp_gain":0.0,"max_hp_loss":0.0,"gold_gain":0.0,"event_name":"The Mausoleum","player_choice":"Ignored","floor":30.0,"gold_loss":0.0,"damage_taken":0.0},{"damage_healed":0.0,"max_hp_gain":0.0,"max_hp_loss":0.0,"gold_gain":0.0,"event_name":"Duplicator","player_choice":"Copied","floor":31.0,"gold_loss":0.0,"damage_taken":0.0,"cards_obtained":["Wraith Form v2"]},{"damage_healed":0.0,"max_hp_gain":0.0,"max_hp_loss":0.0,"gold_gain":0.0,"event_name":"Mysterious Sphere","player_choice":"Fight","floor":36.0,"gold_loss":0.0,"damage_taken":0.0},{"damage_healed":30.0,"max_hp_gain":0.0,"max_hp_loss":0.0,"gold_gain":0.0,"event_name":"Wheel of Change","player_choice":"Full Heal","floor":38.0,"gold_loss":0.0,"damage_taken":0.0},{"damage_healed":0,"gold_gain":0,"player_choice":"Gave Potion","damage_taken":0,"relics_obtained":["Pear"],"max_hp_gain":0,"max_hp_loss":0,"event_name":"WeMeetAgain","floor":47,"gold_loss":0},{"cards_removed":["Strike_G"],"damage_healed":0,"gold_gain":0,"player_choice":"Single Remove","damage_taken":0,"max_hp_gain":0,"max_hp_loss":0,"event_name":"Designer","floor":48,"gold_loss":75}],"is_beta":false,"boss_relics":[{"not_picked":["Lizard Tail","Runic Dome"],"picked":"Runic Pyramid"},{"not_picked":["White Beast Statue","Pandora\u0027s Box"],"picked":"Black Star"}],"items_purged_floors":[4,13,20],"is_endless":false,"potions_floor_spawned":[7,11,14,21,28,29,35,36],"ascension_level":15}