{"path_per_floor":["M","M","$","M","?","R","E","R","T","M","E","R","?","M","R","B",null,"M","$","?","M","?","R","E"],"character_chosen":"THE_SILENT","items_purchased":["Outmaneuver"],"gold_per_floor":[109,121,22,37,37,37,66,66,66,78,111,111,111,124,124,220,220,130,30,30,45,45,45,71],"floor_reached":25,"campfire_rested":2,"playtime":1415,"current_hp_per_floor":[67,67,67,67,67,67,37,70,70,62,59,59,52,52,52,27,70,42,42,29,27,27,64,28],"items_purged":["Strike_G","Defend_G"],"gold":71,"score":238,"play_id":"982ea577-7b64-4516-8088-bedf13336074","local_time":"20180303170057","is_prod":false,"is_daily":false,"is_ascension_mode":true,"campfire_upgraded":3,"timestamp":1520096457,"path_taken":["M","M","$","M","?","R","E","R","T","M","E","R","?","M","R","BOSS","M","$","?","M","?","R","E","M"],"build_version":"2018-03-01-PROD1","purchased_purges":2,"victory":false,"master_deck":["Defend_G","Defend_G","Defend_G","Defend_G","Strike_G","Strike_G","Strike_G","Survivor+1","Neutralize","Bouncing Flask+1","Dagger Throw","Outmaneuver+1","Flying Knee","Dagger Throw","Footwork+1","Corpse Explosion","Well Laid Plans","Blur"],"max_hp_per_floor":[70,70,70,70,70,70,70,70,70,70,70,70,70,70,70,70,70,70,70,75,75,75,75,75],"relics":["Ring of the Snake","Regal Pillow","Bag of Preparation","Prayer Wheel","The Specimen","Singing Bowl"],"card_choices":[{"not_picked":["Venomology","Deadly Poison"],"picked":"Bouncing Flask"},{"not_picked":["Prepared","Acrobatics"],"picked":"Dagger Throw"},{"not_picked":["Underhanded Strike","Endless Agony"],"picked":"Flying Knee"},{"not_picked":["Backstab","Calculated Gamble"],"picked":"Dagger Throw"},{"not_picked":["Malaise","Dagger Throw"],"picked":"Footwork"},{"not_picked":["Burst","Bullet Time"],"picked":"Corpse Explosion"},{"not_picked":["Acrobatics","Crippling Poison"],"picked":"Well Laid Plans"},{"not_picked":["Endless Agony","Malaise"],"picked":"Blur"}],"player_experience":117681,"potions_floor_usage":[14,16],"damage_taken":[{"damage":3,"enemies":"2 Louse","floor":1,"turns":3},{"damage":0,"enemies":"Jaw Worm","floor":2,"turns":4},{"damage":0,"enemies":"Small Slimes","floor":4,"turns":3},{"damage":30,"enemies":"Gremlin Nob","floor":7,"turns":5},{"damage":8,"enemies":"2 Fungi Beasts","floor":10,"turns":3},{"damage":3,"enemies":"Lagavulin","floor":11,"turns":5},{"damage":9,"enemies":"Exordium Thugs","floor":14,"turns":4},{"damage":25,"enemies":"Slime Boss","floor":16,"turns":11},{"damage":28,"enemies":"2 Thieves","floor":18,"turns":5},{"damage":2,"enemies":"Chosen","floor":21,"turns":5},{"damage":36,"enemies":"Book of Stabbing","floor":24,"turns":7},{"damage":46,"enemies":"Snecko","floor":25,"turns":6}],"event_choices":[{"event_name":"Golden Idol","player_choice":"Ignored","floor":5,"damage_taken":0},{"event_name":"Golden Wing","player_choice":"Card Removal","floor":13,"damage_taken":0},{"event_name":"Forgotten Altar","player_choice":"Shed Blood","floor":20,"damage_taken":0},{"event_name":"Cursed Tome","player_choice":"Ignored","floor":22,"damage_taken":0}],"boss_relics":[{"not_picked":["Cursed Key","Velvet Choker"],"picked":"The Specimen"}],"potions_floor_spawned":[1,4,24],"seed_played":"3325814003540610410","killed_by":"Snecko","ascension_level":1,"is_trial":false}