{"path_per_floor":["M","M","M","?","?","E","?","$","T","M","M","M","R","M","R","B",null,"M","M","$","?","M","R","$","R","T","M","M","M","?","M","R"],"character_chosen":"IRONCLAD","items_purchased":["Dramatic Entrance","Disarm","Secret Weapon","Headbutt"],"gold_per_floor":[114,125,137,137,137,168,168,4,4,18,33,57,57,78,78,208,208,229,248,7,7,26,26,26,26,26,41,65,79,79,104,104],"floor_reached":33,"campfire_rested":1,"playtime":4826,"current_hp_per_floor":[78,76,71,71,46,40,40,40,40,59,59,64,64,70,70,58,92,66,59,59,59,47,47,47,47,47,35,37,49,49,55,84],"items_purged":[],"gold":104,"score":278,"play_id":"488a7577-1b52-41e8-ad01-c8e772449560","is_prod":false,"is_daily":false,"is_ascension_mode":false,"campfire_upgraded":4,"path_taken":["M","M","M","?","?","E","?","?","T","?","M","M","R","M","R","BOSS","M","M","$","?","M","R","$","R","T","M","M","?","?","M","R","BOSS"],"build_version":"2018-02-08-PROD1","purchased_purges":0,"victory":false,"master_deck":["Strike_R+1","Strike_R+1","Strike_R+1","Defend_R+1","Defend_R+1","Defend_R+1","Bash","Anger","Dual Wield+1","Anger","Anger+1","Feed","Warcry","Dramatic Entrance+1","Disarm","Rage","Iron Wave","Sever Soul","Headbutt","Juggernaut","Parasite","Rampage+1","Berserk+1","Fire Breathing+1","Seeing Red+1","Secret Weapon","Headbutt","Second Wind+1","Shockwave","Uppercut+1","Blood for Blood","Battle Trance"],"max_hp_per_floor":[80,80,80,80,80,83,83,83,83,86,89,89,89,89,89,92,92,92,92,92,92,92,92,92,92,92,95,95,95,95,98,98],"relics":["Burning Blood","Charon\u0027s Ashes","Meat on the Bone","Golden Idol","Ginger","Astrolabe","Thread and Needle"],"card_choices":[{"not_picked":["Pommel Strike","Armaments"],"picked":"Anger"},{"not_picked":["Twin Strike","Reckless Charge"],"picked":"Dual Wield"},{"not_picked":["Rampage","Iron Wave"],"picked":"Anger"},{"not_picked":["Bloodletting","Flex"],"picked":"Anger"},{"not_picked":["Heavy Blade","Inflame"],"picked":"Warcry"},{"not_picked":["Warcry","Seeing Red"],"picked":"Rage"},{"not_picked":["Clash","Flex"],"picked":"Iron Wave"},{"not_picked":["Iron Wave","Body Slam"],"picked":"Sever Soul"},{"not_picked":["Clothesline","Reckless Charge"],"picked":"Headbutt"},{"not_picked":["Demon Form","Impervious"],"picked":"Juggernaut"},{"not_picked":["Warcry","Seeing Red"],"picked":"Fire Breathing"},{"not_picked":["Uppercut","Iron Wave"],"picked":"Seeing Red"},{"not_picked":["Heavy Blade","Shrug It Off"],"picked":"Second Wind"},{"not_picked":["Intimidate","Dark Embrace"],"picked":"Shockwave"},{"not_picked":["Flex","Cleave"],"picked":"Uppercut"},{"not_picked":["True Grit","Heavy Blade"],"picked":"Blood for Blood"},{"not_picked":["Twin Strike","Disarm"],"picked":"Battle Trance"}],"player_experience":6353,"potions_floor_usage":[6,16,16,27,28,33,33],"damage_taken":[{"damage":8,"enemies":"Jaw Worm","floor":1,"turns":3},{"damage":8,"enemies":"Small Slimes","floor":2,"turns":3},{"damage":11,"enemies":"Blue Slaver","floor":3,"turns":4},{"damage":15,"enemies":"3 Sentries","floor":6,"turns":6},{"damage":2,"enemies":"Large Slime","floor":10,"turns":6},{"damage":9,"enemies":"Looter","floor":11,"turns":3},{"damage":1,"enemies":"3 Louse","floor":12,"turns":2},{"damage":0,"enemies":"Lots of Slimes","floor":14,"turns":1},{"damage":21,"enemies":"Slime Boss","floor":16,"turns":10},{"damage":32,"enemies":"Chosen","floor":18,"turns":5},{"damage":25,"enemies":"Spheric Guardian","floor":19,"turns":4},{"damage":30,"enemies":"Snake Plant","floor":22,"turns":5},{"damage":33,"enemies":"Centurion and Healer","floor":27,"turns":8},{"damage":31,"enemies":"Slaver and Parasite","floor":28,"turns":9},{"damage":6,"enemies":"Snake Plant","floor":29,"turns":4},{"damage":15,"enemies":"Sentry and Sphere","floor":31,"turns":5},{"damage":89,"enemies":"Automaton","floor":33,"turns":6}],"event_choices":[{"event_name":"Living Wall","player_choice":"Change","floor":4,"damage_taken":0},{"event_name":"Scrap Ooze","player_choice":"success","floor":5,"damage_taken":25},{"event_name":"Golden Idol","player_choice":"Take Wound","floor":7,"damage_taken":0},{"event_name":"Back to Basics","player_choice":"Simplicity","floor":21,"damage_taken":0},{"event_name":"Addict","player_choice":"Ignored","floor":30,"damage_taken":0}],"boss_relics":[{"not_picked":["Eternal Feather","Snecko Eye"],"picked":"Astrolabe"}],"potions_floor_spawned":[3,6,11,12,19,27,28],"seed_played":"-8851333162510779294","killed_by":"Automaton","ascension_level":0,"is_trial":false}