{"gold_per_floor":[109,109,109,74,88,123,134,134,160,189,201,79,114,126,126,126],"floor_reached":16,"playtime":1070,"items_purged":["Strike_G"],"score":167,"play_id":"60505de9-3e73-4583-8b6c-03bc18c58e44","local_time":"20190102203440","is_ascension_mode":true,"campfire_choices":[{"data":"Neutralize","floor":8,"key":"SMITH"},{"floor":15,"key":"REST"}],"neow_cost":"NONE","seed_source_timestamp":353196585268584,"circlet_count":0,"master_deck":["Defend_G","Defend_G","Defend_G","Defend_G","Strike_G","Strike_G","Strike_G","Strike_G+1","Survivor","Neutralize+1","PiercingWail","Leg Sweep","Quick Slash+1","Poisoned Stab","Dodge and Roll","Bullet Time","Backflip","Footwork","Dagger Spray","Finisher"],"relics":["Ring of the Snake","NeowsBlessing","Bronze Scales","Whetstone","Anchor","Smiling Mask","Frozen Egg 2"],"potions_floor_usage":[11,13,16],"damage_taken":[{"damage":0,"enemies":"Jaw Worm","floor":1,"turns":1},{"damage":0,"enemies":"2 Louse","floor":5,"turns":1},{"damage":0,"enemies":"Lagavulin","floor":6,"turns":1},{"damage":0,"enemies":"Cultist","floor":7,"turns":2},{"damage":23,"enemies":"3 Sentries","floor":10,"turns":9},{"damage":0,"enemies":"Exordium Thugs","floor":11,"turns":3},{"damage":22,"enemies":"Gremlin Nob","floor":13,"turns":5},{"damage":0,"enemies":"Large Slime","floor":14,"turns":5},{"damage":41,"enemies":"Slime Boss","floor":16,"turns":9}],"seed_played":"-7504687051494650110","potions_obtained":[{"floor":1,"key":"SkillPotion"},{"floor":6,"key":"Fire Potion"},{"floor":11,"key":"LiquidBronze"},{"floor":13,"key":"SkillPotion"}],"is_trial":false,"path_per_floor":["M","?","?","$","M","E","M","R","T","E","M","$","E","M","R","B"],"character_chosen":"THE_SILENT","items_purchased":["Leg Sweep","Footwork"],"campfire_rested":1,"item_purchase_floors":[4,12],"current_hp_per_floor":[70,63,63,63,63,63,63,63,63,40,40,40,18,18,39,0],"gold":126,"neow_bonus":"THREE_ENEMY_KILL","is_prod":false,"is_daily":false,"chose_seed":false,"campfire_upgraded":1,"win_rate":0,"timestamp":1546482880,"path_taken":["M","?","?","$","M","E","M","R","T","E","M","$","E","M","R","BOSS"],"build_version":"2018-12-20","purchased_purges":1,"victory":false,"max_hp_per_floor":[70,70,70,70,70,70,70,70,70,70,70,70,70,70,70,70],"card_choices":[{"not_picked":["Expertise","Riddle With Holes"],"picked":"PiercingWail","floor":1},{"not_picked":["Deflect","PiercingWail"],"picked":"Quick Slash","floor":5},{"not_picked":["Slice","Calculated Gamble"],"picked":"Poisoned Stab","floor":6},{"not_picked":["Blade Dance","Expertise"],"picked":"Dodge and Roll","floor":7},{"not_picked":["Heel Hook","Deflect"],"picked":"Bullet Time","floor":10},{"not_picked":["Sucker Punch","Prepared"],"picked":"Backflip","floor":11},{"not_picked":["Acrobatics","Dagger Throw"],"picked":"Dagger Spray","floor":13},{"not_picked":["Distraction","Underhanded Strike"],"picked":"Finisher","floor":14}],"player_experience":279954,"relics_obtained":[{"floor":3,"key":"Bronze Scales"},{"floor":6,"key":"Whetstone"},{"floor":9,"key":"Anchor"},{"floor":10,"key":"Smiling Mask"},{"floor":13,"key":"Frozen Egg 2"}],"event_choices":[{"cards_removed":["Defend_G"],"damage_healed":0,"gold_gain":0,"player_choice":"Card Removal","damage_taken":7,"max_hp_gain":0,"max_hp_loss":0,"event_name":"Golden Wing","floor":2,"gold_loss":0},{"damage_healed":0,"gold_gain":0,"player_choice":"Relic","damage_taken":0,"max_hp_gain":0,"max_hp_loss":0,"event_name":"Wheel of Change","floor":3,"gold_loss":0}],"is_beta":false,"boss_relics":[],"items_purged_floors":[12],"is_endless":false,"potions_floor_spawned":[1,6,11,13],"killed_by":"Slime Boss","ascension_level":3}