{"gold_per_floor":[114,67,67,81,35,67,67,27,81,81,100,131,151,170,170,269,269,283,298,223,223,223,250,150,150,200,211,243,243,273,73,73,73],"floor_reached":33,"playtime":2002,"items_purged":["Strike_R","Strike_R"],"score":336,"play_id":"758f7e61-f2bc-45c4-84f3-6a139c1d40e7","local_time":"20190131103839","is_ascension_mode":false,"campfire_choices":[{"data":"Body Slam","floor":7.0,"key":"SMITH"},{"floor":10.0,"key":"REST"},{"data":"Armaments","floor":15.0,"key":"SMITH"},{"floor":25.0,"key":"REST"},{"floor":29,"key":"REST"},{"floor":32,"key":"REST"}],"neow_cost":"","seed_source_timestamp":0,"circlet_count":0,"master_deck":["Strike_R","Strike_R","Defend_R","Defend_R","Defend_R","Defend_R","Bash","Body Slam+1","Clothesline","Headbutt","Armaments+1","Flame Barrier","Power Through","Inflame","Iron Wave","Flame Barrier","Pommel Strike","Reaper","Shrug It Off","Shrug It Off","Cleave","Clothesline+1","Flame Barrier","Body Slam","Body Slam+1"],"special_seed":0,"relics":["Burning Blood","Question Card","Dream Catcher","Peace Pipe","Lizard Tail","Blood Vial","Bag of Marbles","Boot","Happy Flower","DollysMirror"],"potions_floor_usage":[30],"damage_taken":[{"damage":6.0,"enemies":"Cultist","floor":1.0,"turns":3.0},{"damage":0.0,"enemies":"2 Louse","floor":4.0,"turns":2.0},{"damage":58.0,"enemies":"3 Sentries","floor":6.0,"turns":8.0},{"damage":0.0,"enemies":"Jaw Worm","floor":11.0,"turns":4.0},{"damage":0.0,"enemies":"Gremlin Nob","floor":12.0,"turns":5.0},{"damage":0.0,"enemies":"3 Louse","floor":13.0,"turns":3.0},{"damage":11.0,"enemies":"Exordium Thugs","floor":14.0,"turns":5.0},{"damage":12.0,"enemies":"The Guardian","floor":16.0,"turns":10.0},{"damage":0.0,"enemies":"3 Byrds","floor":18.0,"turns":4.0},{"damage":24.0,"enemies":"Shell Parasite","floor":19.0,"turns":8.0},{"damage":29.0,"enemies":"Book of Stabbing","floor":23.0,"turns":8.0},{"damage":0,"enemies":"Snecko","floor":27,"turns":5},{"damage":51,"enemies":"Slavers","floor":28,"turns":9},{"damage":38,"enemies":"Book of Stabbing","floor":30,"turns":8},{"damage":189,"enemies":"Champ","floor":33,"turns":18}],"seed_played":"8275986401824329003","potions_obtained":[{"floor":11.0,"key":"EntropicBrew"},{"floor":13.0,"key":"FairyPotion"},{"floor":16.0,"key":"SmokeBomb"},{"floor":28,"key":"Fruit Juice"}],"is_trial":false,"path_per_floor":["M","$","?","M","$","E","R","$","T","R","M","E","M","M","R","B",null,"M","M","$","?","?","E","$","R","T","M","E","R","E","$","R","B"],"character_chosen":"IRONCLAD","items_purchased":["Clothesline","Armaments","Power Through","DollysMirror"],"campfire_rested":4,"item_purchase_floors":[2,5,8,31],"current_hp_per_floor":[80,80,80,80,80,28,28,28,28,52,58,64,70,65,65,59,80,80,62,62,62,62,39,39,63,63,71,40,64,39,39,64,0],"gold":73,"neow_bonus":"","is_prod":false,"is_daily":false,"chose_seed":false,"campfire_upgraded":2,"win_rate":0.0,"timestamp":1548949119,"path_taken":["M","$","?","M","?","E","R","$","T","R","M","E","M","M","R","BOSS","M","M","$","?","?","E","?","R","T","M","E","R","E","$","R","BOSS"],"build_version":"2019-01-23","purchased_purges":2,"victory":false,"max_hp_per_floor":[80,80,80,80,80,80,80,80,80,80,80,80,80,80,80,80,80,80,80,80,80,80,80,80,80,80,80,80,80,85,85,85,85],"card_choices":[{"not_picked":["Inflame","Pummel"],"picked":"Body Slam","floor":1.0},{"not_picked":["Infernal Blade","Warcry"],"picked":"Headbutt","floor":4.0},{"not_picked":["Reckless Charge","Blood for Blood"],"picked":"Flame Barrier","floor":6.0},{"not_picked":["Feel No Pain","Thunderclap","Shockwave"],"picked":"Inflame","floor":10.0},{"not_picked":["Thunderclap","Headbutt","Warcry"],"picked":"Iron Wave","floor":11.0},{"not_picked":["Burning Pact","Sword Boomerang","Thunderclap","Brutality"],"picked":"SKIP","floor":12.0},{"not_picked":["Cleave","Anger","Twin Strike"],"picked":"Flame Barrier","floor":13.0},{"not_picked":["Clash","Perfected Strike","Iron Wave"],"picked":"Pommel Strike","floor":14.0},{"not_picked":["Brutality","Impervious","Juggernaut"],"picked":"Reaper","floor":16.0},{"not_picked":["Armaments","True Grit","Anger","Combust"],"picked":"SKIP","floor":18.0},{"not_picked":["Metallicize","Shockwave","Juggernaut"],"picked":"Shrug It Off","floor":19.0},{"not_picked":["Combust","Twin Strike","Shrug It Off"],"picked":"Cleave","floor":23.0},{"not_picked":["Armaments","Warcry","Flex"],"picked":"Clothesline+1","floor":25.0},{"not_picked":["True Grit","Thunderclap","Searing Blow"],"picked":"Flame Barrier","floor":27},{"not_picked":["Fiend Fire","Cleave","Pummel+1","Dropkick"],"picked":"SKIP","floor":28},{"not_picked":["Carnage","True Grit+1","Shrug It Off"],"picked":"Body Slam","floor":29},{"not_picked":["True Grit","Anger","Thunderclap","Sword Boomerang"],"picked":"SKIP","floor":30}],"player_experience":0,"relics_obtained":[{"floor":6.0,"key":"Question Card"},{"floor":9.0,"key":"Dream Catcher"},{"floor":12.0,"key":"Peace Pipe"},{"floor":23.0,"key":"Blood Vial"},{"floor":26,"key":"Bag of Marbles"},{"floor":28,"key":"Boot"},{"floor":30,"key":"Happy Flower"}],"event_choices":[{"cards_removed":["Strike_R"],"damage_healed":0.0,"max_hp_gain":0.0,"max_hp_loss":0.0,"gold_gain":0.0,"event_name":"Purifier","player_choice":"Purged","floor":3.0,"gold_loss":0.0,"damage_taken":0.0},{"damage_healed":0.0,"max_hp_gain":0.0,"max_hp_loss":0.0,"gold_gain":0.0,"event_name":"Ghosts","player_choice":"Ignored","floor":21.0,"gold_loss":0.0,"damage_taken":0.0},{"damage_healed":0.0,"max_hp_gain":0.0,"max_hp_loss":0.0,"gold_gain":0.0,"event_name":"The Library","player_choice":"Read","floor":22.0,"gold_loss":0.0,"damage_taken":0.0,"cards_obtained":["Shrug It Off"]}],"is_beta":false,"boss_relics":[{"not_picked":["Runic Dome","Orrery"],"picked":"Lizard Tail"}],"items_purged_floors":[20,24],"is_endless":false,"potions_floor_spawned":[11,12,13,16,18,28],"killed_by":"Champ","ascension_level":0}