{"gold_per_floor":[116,116,116,41,41,77,77,116,116,131,147,147,172,216,216,310,310,331,20,38,62,21,34,34,55,55,78,78,0,35,53,53,143,143,159,224,44,0,19,19],"floor_reached":40,"playtime":2483,"items_purged":[],"score":873,"play_id":"699ff64d-a89f-4d33-9f27-71ac3478025a","local_time":"20190130191946","is_ascension_mode":true,"campfire_choices":[{"data":"Zap","floor":7.0,"key":"SMITH"},{"data":"Defragment","floor":12.0,"key":"SMITH"},{"floor":15.0,"key":"REST"},{"data":"Fission","floor":24.0,"key":"SMITH"},{"floor":28.0,"key":"REST"},{"floor":32.0,"key":"REST"}],"neow_cost":"NONE","seed_source_timestamp":708236153547249,"circlet_count":0,"master_deck":["AscendersBane","Strike_B+1","Defend_B","Defend_B","Defend_B+1","Zap+1","Dualcast","Defragment+1","Coolheaded","Coolheaded","Ball Lightning","Conserve Battery","Fission+1","Core Surge+1","Darkness+1","Tempest+1","Redo","Capacitor","Multi-Cast","Steam","Glacier","Darkness+1","Genetic Algorithm","Echo Form","Capacitor+1","Steam","Defragment"],"special_seed":0,"relics":["Cracked Core","NeowsBlessing","Golden Idol","Mango","Dream Catcher","Pantograph","Regal Pillow","Potion Belt","Astrolabe","Letter Opener","Anchor","Bag of Marbles","Question Card","Black Star","Thread and Needle","Art of War","Red Mask"],"potions_floor_usage":[40,40,40,40],"damage_taken":[{"damage":0.0,"enemies":"2 Louse","floor":1.0,"turns":1.0},{"damage":0.0,"enemies":"Gremlin Nob","floor":6.0,"turns":1.0},{"damage":0.0,"enemies":"3 Sentries","floor":8.0,"turns":1.0},{"damage":4.0,"enemies":"Small Slimes","floor":10.0,"turns":3.0},{"damage":0.0,"enemies":"Cultist","floor":11.0,"turns":3.0},{"damage":23.0,"enemies":"Lots of Slimes","floor":13.0,"turns":5.0},{"damage":16.0,"enemies":"Gremlin Nob","floor":14.0,"turns":4.0},{"damage":24.0,"enemies":"Hexaghost","floor":16.0,"turns":13.0},{"damage":21.0,"enemies":"3 Byrds","floor":18.0,"turns":4.0},{"damage":11.0,"enemies":"2 Thieves","floor":20.0,"turns":3.0},{"damage":12.0,"enemies":"Centurion and Healer","floor":21.0,"turns":6.0},{"damage":17.0,"enemies":"Snake Plant","floor":23.0,"turns":5.0},{"damage":1.0,"enemies":"Chosen and Byrds","floor":25.0,"turns":4.0},{"damage":0.0,"enemies":"Slavers","floor":30.0,"turns":4.0},{"damage":0.0,"enemies":"Snecko","floor":31.0,"turns":4.0},{"damage":23.0,"enemies":"Champ","floor":33.0,"turns":10.0},{"damage":20.0,"enemies":"3 Darklings","floor":35.0,"turns":7.0},{"damage":38.0,"enemies":"2 Orb Walkers","floor":36.0,"turns":6.0},{"damage":0.0,"enemies":"3 Shapes","floor":39.0,"turns":4.0},{"damage":26,"enemies":"Nemesis","floor":40,"turns":4}],"seed_played":"4165499800708454059","potions_obtained":[{"floor":10.0,"key":"Ancient Potion"},{"floor":13.0,"key":"FearPotion"},{"floor":14.0,"key":"Energy Potion"},{"floor":16.0,"key":"SpeedPotion"},{"floor":21.0,"key":"Fire Potion"},{"floor":23.0,"key":"GamblersBrew"},{"floor":33.0,"key":"GamblersBrew"},{"floor":36.0,"key":"GamblersBrew"},{"floor":39.0,"key":"GamblersBrew"}],"is_trial":false,"path_per_floor":["M","?","?","?","T","E","R","E","T","M","M","R","M","E","R","B",null,"M","$","M","M","$","M","R","M","T","T","R","$","E","M","R","B",null,"M","?","$","?","M","E"],"character_chosen":"DEFECT","items_purchased":["Letter Opener","Dexterity Potion","Capacitor","Glacier","Art of War","Steam"],"campfire_rested":3,"item_purchase_floors":[19,19,22,29,37,37],"current_hp_per_floor":[64,43,43,43,57,57,57,57,57,53,53,53,30,14,52,53,72,51,51,40,28,28,11,11,10,10,10,48,48,48,48,78,55,72,52,14,14,14,14,0],"gold":19,"neow_bonus":"THREE_ENEMY_KILL","is_prod":false,"is_daily":false,"chose_seed":false,"campfire_upgraded":3,"win_rate":0,"timestamp":1548872386,"path_taken":["M","?","?","?","?","E","R","E","T","M","M","R","M","E","R","BOSS","M","$","?","?","?","M","R","M","T","?","R","?","E","M","R","BOSS","M","?","$","?","M","E"],"build_version":"2019-01-23","purchased_purges":0,"victory":false,"max_hp_per_floor":[71,71,64,64,78,78,78,78,78,78,78,78,78,78,78,78,78,78,78,78,78,78,78,78,78,78,78,78,78,78,78,78,78,78,78,78,78,78,78,78],"card_choices":[{"not_picked":["Hologram","Gash","Barrage"],"picked":"SKIP","floor":1.0},{"not_picked":["Stack","Cold Snap"],"picked":"Defragment","floor":6.0},{"not_picked":["Force Field","Ball Lightning"],"picked":"Coolheaded","floor":8.0},{"not_picked":["Gash","Stack","All For One"],"picked":"SKIP","floor":10.0},{"not_picked":["Sweeping Beam","Turbo"],"picked":"Coolheaded","floor":11.0},{"not_picked":["Gash","Auto Shields"],"picked":"Ball Lightning","floor":13.0},{"not_picked":["Creative AI","Scrape"],"picked":"Conserve Battery","floor":14.0},{"not_picked":["Core Surge","Rainbow"],"picked":"Fission","floor":16.0},{"not_picked":["Steam","Stack"],"picked":"Redo","floor":18.0},{"not_picked":["Turbo","Storm","Scrape"],"picked":"SKIP","floor":20.0},{"not_picked":["Auto Shields","Sweeping Beam","Beam Cell"],"picked":"SKIP","floor":21.0},{"not_picked":["Ball Lightning","Hologram"],"picked":"Multi-Cast","floor":23.0},{"not_picked":["Reprogram","Static Discharge","Beam Cell"],"picked":"SKIP","floor":25.0},{"not_picked":["Turbo","Steam Power"],"picked":"Steam","floor":28.0},{"not_picked":["Static Discharge","Steam"],"picked":"Darkness+1","floor":30.0},{"not_picked":["Sweeping Beam","Buffer","Reprogram","Turbo"],"picked":"SKIP","floor":31.0},{"not_picked":["Barrage","Turbo","Compile Driver"],"picked":"Genetic Algorithm","floor":32.0},{"not_picked":["Creative AI","Buffer","Hyperbeam"],"picked":"Echo Form","floor":33.0},{"not_picked":["Rebound","Compile Driver","Stack+1","Tempest+1"],"picked":"SKIP","floor":35.0},{"not_picked":["Streamline+1","Leap","Rebound"],"picked":"Capacitor+1","floor":36.0},{"not_picked":["Conserve Battery","Static Discharge","Streamline"],"picked":"Defragment","floor":39.0}],"player_experience":1098370,"relics_obtained":[{"floor":5.0,"key":"Mango"},{"floor":6.0,"key":"Dream Catcher"},{"floor":8.0,"key":"Pantograph"},{"floor":9.0,"key":"Regal Pillow"},{"floor":14.0,"key":"Potion Belt"},{"floor":26.0,"key":"Anchor"},{"floor":27.0,"key":"Bag of Marbles"},{"floor":30.0,"key":"Question Card"},{"floor":36.0,"key":"Thread and Needle"}],"event_choices":[{"damage_healed":0.0,"max_hp_gain":0.0,"max_hp_loss":0.0,"gold_gain":0.0,"event_name":"Shining Light","player_choice":"Entered Light","floor":2.0,"gold_loss":0.0,"damage_taken":21.0,"cards_upgraded":["Defend_B","Strike_B"]},{"damage_healed":0.0,"max_hp_gain":0.0,"max_hp_loss":7.0,"gold_gain":0.0,"event_name":"Golden Idol","player_choice":"Lose Max HP","floor":3.0,"gold_loss":0.0,"damage_taken":0.0,"relics_obtained":["Golden Idol"]},{"cards_removed":["Strike_B"],"damage_healed":0.0,"max_hp_gain":0.0,"max_hp_loss":0.0,"gold_gain":0.0,"event_name":"The Cleric","player_choice":"Card Removal","floor":4.0,"gold_loss":75.0,"damage_taken":0.0},{"damage_healed":0.0,"max_hp_gain":0.0,"max_hp_loss":0.0,"gold_gain":0.0,"event_name":"Mysterious Sphere","player_choice":"Fight","floor":36.0,"gold_loss":0.0,"damage_taken":0.0},{"damage_healed":0.0,"max_hp_gain":0.0,"max_hp_loss":0.0,"gold_gain":0.0,"event_name":"Tomb of Lord Red Mask","player_choice":"Paid","floor":38.0,"gold_loss":44.0,"damage_taken":0.0,"relics_obtained":["Red Mask"]}],"is_beta":false,"boss_relics":[{"not_picked":["Cursed Key","White Beast Statue"],"picked":"Astrolabe"},{"not_picked":["Calling Bell","Inserter"],"picked":"Black Star"}],"items_purged_floors":[],"is_endless":false,"potions_floor_spawned":[10,13,14,16,21,23,25,33,36,39],"killed_by":"Nemesis","ascension_level":15}