{"gold_per_floor":[99],"floor_reached":0,"playtime":121,"items_purged":[],"score":150,"play_id":"df6891ab-504a-4645-9de1-8ca451fdb6ca","local_time":"20180715221813","daily_mods":["Draft","Heirloom","Vintage","Hoarder"],"is_ascension_mode":false,"campfire_choices":[],"neow_cost":"","seed_source_timestamp":0,"circlet_count":0,"master_deck":["Coolheaded","Coolheaded","Coolheaded","Conserve Battery","Conserve Battery","Conserve Battery","Auto Shields","Auto Shields","Auto Shields","Glacier","Glacier","Glacier","Streamline","Streamline","Streamline","Steam","Steam","Steam","Streamline","Streamline","Streamline","Sweeping Beam","Sweeping Beam","Sweeping Beam","Double Energy","Double Energy","Double Energy","Go for the Eyes","Go for the Eyes","Go for the Eyes","Auto Shields","Auto Shields","Auto Shields","Auto Shields","Auto Shields","Auto Shields","Conserve Battery","Conserve Battery","Conserve Battery","Steam","Steam","Steam","Go for the Eyes","Go for the Eyes","Go for the Eyes"],"relics":["Cracked Core","Incense Burner"],"potions_floor_usage":[],"damage_taken":[],"seed_played":"1029024","potions_obtained":[],"is_trial":true,"path_per_floor":[],"character_chosen":"DEFECT","items_purchased":[],"campfire_rested":0,"item_purchase_floors":[],"current_hp_per_floor":[75],"gold":99,"neow_bonus":"","is_prod":false,"is_daily":false,"chose_seed":true,"campfire_upgraded":0,"win_rate":0,"timestamp":1531689493,"path_taken":[],"build_version":"2018-07-12","purchased_purges":0,"victory":false,"max_hp_per_floor":[75],"card_choices":[{"not_picked":["Steam Power","Barrage"],"picked":"Coolheaded","floor":0},{"not_picked":["Force Field","Barrage"],"picked":"Conserve Battery","floor":0},{"not_picked":["Turbo","Darkness"],"picked":"Auto Shields","floor":0},{"not_picked":["Beam Cell","Recycle"],"picked":"Glacier","floor":0},{"not_picked":["Barrage","Ball Lightning"],"picked":"Streamline","floor":0},{"not_picked":["Streamline","Turbo"],"picked":"Steam","floor":0},{"not_picked":["Steam","Stack"],"picked":"Streamline","floor":0},{"not_picked":["Barrage","Fusion"],"picked":"Sweeping Beam","floor":0},{"not_picked":["Doom and Gloom","Storm"],"picked":"Double Energy","floor":0},{"not_picked":["Coolheaded","Defragment"],"picked":"Go for the Eyes","floor":0},{"not_picked":["Sunder","Skim"],"picked":"Auto Shields","floor":0},{"not_picked":["Stack","Hologram"],"picked":"Auto Shields","floor":0},{"not_picked":["Steam","Streamline"],"picked":"Conserve Battery","floor":0},{"not_picked":["Redo","Storm"],"picked":"Steam","floor":0},{"not_picked":["Steam","Blizzard"],"picked":"Go for the Eyes","floor":0}],"player_experience":228049,"relics_obtained":[],"event_choices":[],"boss_relics":[],"items_purged_floors":[],"is_endless":false,"potions_floor_spawned":[],"ascension_level":0}