{"gold_per_floor":[109,123,143,318,363,392,392,404,404,422,434,447,60,70,70,70],"floor_reached":16,"playtime":746,"items_purged":["Doubt"],"score":152,"play_id":"9a7aa11f-8344-4cd8-85c9-ccc390291b05","local_time":"20190619220619","is_ascension_mode":true,"campfire_choices":[{"floor":7,"key":"REST"},{"floor":15,"key":"REST"}],"neow_cost":"NONE","seed_source_timestamp":187565963423718,"circlet_count":0,"master_deck":["Defend_G","Defend_G","Defend_G","Defend_G","Defend_G","Strike_G","Strike_G","Strike_G","Strike_G","Strike_G","Survivor","Neutralize","Footwork","Deadly Poison","Poisoned Stab","Glass Knife","Poisoned Stab","Deadly Poison","Well Laid Plans","Noxious Fumes"],"relics":["Ring of the Snake","Blood Vial","Bag of Preparation","Mango","Peace Pipe"],"potions_floor_usage":[10,16,16],"damage_taken":[{"damage":0,"enemies":"Cultist","floor":1,"turns":5},{"damage":1,"enemies":"2 Louse","floor":2,"turns":3},{"damage":0,"enemies":"Jaw Worm","floor":3,"turns":4},{"damage":62,"enemies":"Gremlin Nob","floor":6,"turns":6},{"damage":0,"enemies":"Exordium Wildlife","floor":8,"turns":4},{"damage":2,"enemies":"Gremlin Gang","floor":10,"turns":5},{"damage":16,"enemies":"Blue Slaver","floor":11,"turns":4},{"damage":2,"enemies":"Looter","floor":12,"turns":3},{"damage":19,"enemies":"Exordium Thugs","floor":14,"turns":4},{"damage":57,"enemies":"Slime Boss","floor":16,"turns":9}],"seed_played":"1292750466792137855","potions_obtained":[{"floor":2,"key":"SpeedPotion"},{"floor":3,"key":"Energy Potion"},{"floor":12,"key":"SkillPotion"},{"floor":14,"key":"SmokeBomb"}],"is_trial":false,"path_per_floor":["M","M","M","?","T","E","R","M","T","M","M","M","$","M","R","B"],"character_chosen":"THE_SILENT","items_purchased":["Peace Pipe"],"campfire_rested":2,"item_purchase_floors":[13],"current_hp_per_floor":[77,76,76,76,76,15,38,40,54,54,40,40,40,23,50,0],"gold":70,"neow_bonus":"TEN_PERCENT_HP_BONUS","is_prod":false,"is_daily":false,"chose_seed":false,"campfire_upgraded":0,"win_rate":0,"timestamp":1560996379,"path_taken":["M","M","?","?","?","E","R","M","T","?","?","?","$","M","R","BOSS"],"build_version":"2019-01-23","purchased_purges":1,"victory":false,"max_hp_per_floor":[77,77,77,77,77,77,77,77,91,91,91,91,91,91,91,91],"card_choices":[{"not_picked":["PiercingWail","Blade Dance"],"picked":"Footwork","floor":1},{"not_picked":["PiercingWail","Masterful Stab"],"picked":"Deadly Poison","floor":2},{"not_picked":["Prepared","Flying Knee"],"picked":"Poisoned Stab","floor":3},{"not_picked":["Underhanded Strike","Eviscerate"],"picked":"Glass Knife","floor":6},{"not_picked":["Calculated Gamble","Dagger Spray"],"picked":"Poisoned Stab","floor":8},{"not_picked":["Dagger Spray","Quick Slash"],"picked":"Deadly Poison","floor":10},{"not_picked":["Reflex","Venomology"],"picked":"Well Laid Plans","floor":11},{"not_picked":["Blur","Eviscerate"],"picked":"Noxious Fumes","floor":12},{"not_picked":["Heel Hook","Dagger Throw","Dagger Spray"],"picked":"SKIP","floor":14}],"player_experience":432388,"relics_obtained":[{"floor":5,"key":"Blood Vial"},{"floor":6,"key":"Bag of Preparation"},{"floor":9,"key":"Mango"}],"event_choices":[{"damage_healed":0,"gold_gain":175,"player_choice":"AGREE","damage_taken":0,"max_hp_gain":0,"max_hp_loss":0,"event_name":"Liars Game","floor":4,"gold_loss":0,"cards_obtained":["Doubt"]}],"is_beta":false,"boss_relics":[],"items_purged_floors":[13],"is_endless":false,"potions_floor_spawned":[2,3,12,14],"killed_by":"Slime Boss","ascension_level":4}