{"gold_per_floor":[109,109,121,46,20,20,47,47,47,81,97,97,97,117,117,217,217,184,184,196,45,61,61],"floor_reached":23,"playtime":1294,"items_purged":["Defend_B"],"score":229,"play_id":"a810b0e0-9a77-4934-bc3c-5ae0e5a8fc4f","local_time":"20190612220517","is_ascension_mode":true,"campfire_choices":[{"data":"Consume","floor":6,"key":"SMITH"},{"floor":8,"key":"REST"},{"floor":12,"key":"REST"},{"floor":15,"key":"REST"}],"neow_cost":"NONE","seed_source_timestamp":4724817912680,"circlet_count":0,"master_deck":["Strike_B","Strike_B","Strike_B","Defend_B","Defend_B","Defend_B","Zap","Dualcast","Consume+1","Conserve Battery","Reboot","Chill","Redo","Parasite","Rebound","Echo Form","Doom and Gloom","Compile Driver+1","Consume","Electrodynamics","Rebound+1"],"relics":["Inserter","Pear","Happy Flower","Cursed Key"],"potions_floor_usage":[7,14,22,23],"damage_taken":[{"damage":11,"enemies":"Small Slimes","floor":1,"turns":4},{"damage":1,"enemies":"Cultist","floor":3,"turns":3},{"damage":35,"enemies":"Gremlin Nob","floor":7,"turns":5},{"damage":46,"enemies":"3 Sentries","floor":10,"turns":12},{"damage":0,"enemies":"Jaw Worm","floor":11,"turns":4},{"damage":15,"enemies":"3 Louse","floor":14,"turns":3},{"damage":44,"enemies":"The Guardian","floor":16,"turns":8},{"damage":32,"enemies":"2 Thieves","floor":18,"turns":5},{"damage":2,"enemies":"Shell Parasite","floor":20,"turns":5},{"damage":26,"enemies":"Cultist and Chosen","floor":22,"turns":6},{"damage":28,"enemies":"Book of Stabbing","floor":23,"turns":2}],"seed_played":"-7274327472041432618","potions_obtained":[{"floor":1,"key":"Block Potion"},{"floor":11,"key":"PowerPotion"},{"floor":16,"key":"Strength Potion"},{"floor":20,"key":"LiquidBronze"}],"is_trial":false,"path_per_floor":["M","?","M","$","$","R","E","R","T","E","M","R","?","M","R","B",null,"M","?","M","$","M","E"],"character_chosen":"DEFECT","items_purchased":["Conserve Battery","Consume","Electrodynamics"],"campfire_rested":3,"item_purchase_floors":[5,21,21],"current_hp_per_floor":[64,64,63,63,63,63,28,50,60,14,14,39,60,45,70,26,85,53,53,51,51,25,0],"gold":61,"neow_bonus":"BOSS_RELIC","is_prod":false,"is_daily":false,"chose_seed":false,"campfire_upgraded":1,"win_rate":0,"timestamp":1560391517,"path_taken":["M","?","M","?","$","R","E","R","T","E","M","R","?","M","R","BOSS","M","?","M","$","M","E"],"build_version":"2019-01-23","purchased_purges":1,"victory":false,"max_hp_per_floor":[75,75,75,75,75,75,75,75,85,85,85,85,85,85,85,85,85,85,85,85,85,85,85],"card_choices":[{"not_picked":["Rip and Tear","Steam","Stack"],"picked":"SKIP","floor":1},{"not_picked":["Lockon","Storm"],"picked":"Consume","floor":3},{"not_picked":["Stack","Redo"],"picked":"Reboot","floor":7},{"not_picked":["Double Energy","Cold Snap"],"picked":"Chill","floor":10},{"not_picked":["Conserve Battery","Sunder"],"picked":"Redo","floor":11},{"not_picked":["Barrage","Compile Driver"],"picked":"Rebound","floor":14},{"not_picked":["Rainbow","Creative AI"],"picked":"Echo Form","floor":16},{"not_picked":["Turbo","Fusion"],"picked":"Doom and Gloom","floor":18},{"not_picked":["Beam Cell","Turbo"],"picked":"Compile Driver+1","floor":20},{"not_picked":["Ball Lightning","Sweeping Beam"],"picked":"Rebound+1","floor":22}],"player_experience":396244,"relics_obtained":[{"floor":9,"key":"Pear"},{"floor":10,"key":"Happy Flower"}],"event_choices":[{"cards_removed":["Strike_B"],"damage_healed":0,"gold_gain":0,"player_choice":"Offered Basic","damage_taken":0,"max_hp_gain":0,"max_hp_loss":0,"event_name":"Bonfire Elementals","floor":2,"gold_loss":0},{"damage_healed":21,"gold_gain":0,"player_choice":"Healed and dodged fight","damage_taken":0,"max_hp_gain":0,"max_hp_loss":0,"event_name":"Mushrooms","floor":13,"gold_loss":0,"cards_obtained":["Parasite"]},{"damage_healed":0,"gold_gain":0,"player_choice":"Ignored","damage_taken":0,"max_hp_gain":0,"max_hp_loss":0,"event_name":"Vampires","floor":19,"gold_loss":0}],"is_beta":false,"boss_relics":[{"not_picked":["Tiny House","Calling Bell"],"picked":"Cursed Key"}],"items_purged_floors":[4],"is_endless":false,"potions_floor_spawned":[1,11,16,20],"killed_by":"Book of Stabbing","ascension_level":3}