{"gold_per_floor":[211,136,154,154,154,489,504,504,504,529,529,545,545,575,575,678,678,693,693,693,713,713],"floor_reached":22,"playtime":738,"items_purged":["Strike_G"],"score":222,"play_id":"fbac381d-8e59-4581-907f-ab7bd997f290","local_time":"20180808194005","is_ascension_mode":true,"campfire_choices":[{"floor":8,"key":"REST"},{"floor":11,"key":"REST"},{"floor":13,"key":"REST"},{"data":"Terror","floor":15,"key":"SMITH"}],"neow_cost":"NONE","seed_source_timestamp":1645330689197122,"circlet_count":0,"master_deck":["Defend_G","Defend_G","Defend_G","Defend_G","Defend_G","Strike_G","Strike_G","Strike_G","Strike_G","Survivor","Neutralize","Infinite Blades+1","Quick Slash","Injury","Bouncing Flask","Flying Knee","Terror+1","Backflip","Adrenaline","Die Die Die","Caltrops","Necronomicurse","Slice"],"relics":["Ring of the Snake","Question Card","Old Coin","Darkstone Periapt","Mercury Hourglass","Boot","Cursed Key","Necronomicon"],"potions_floor_usage":[6,14,16,22],"damage_taken":[{"damage":3,"enemies":"2 Louse","floor":1,"turns":3},{"damage":11,"enemies":"Cultist","floor":3,"turns":4},{"damage":12,"enemies":"3 Sentries","floor":6,"turns":9},{"damage":0,"enemies":"Small Slimes","floor":7,"turns":3},{"damage":26,"enemies":"Gremlin Nob","floor":10,"turns":4},{"damage":11,"enemies":"Looter","floor":12,"turns":2},{"damage":8,"enemies":"Lagavulin","floor":14,"turns":5},{"damage":17,"enemies":"Hexaghost","floor":16,"turns":9},{"damage":0,"enemies":"Chosen","floor":18,"turns":4},{"damage":7,"enemies":"Spheric Guardian","floor":21,"turns":4},{"damage":57,"enemies":"Snecko","floor":22,"turns":5}],"seed_played":"6819758758143198250","potions_obtained":[{"floor":1,"key":"Energy Potion"},{"floor":3,"key":"EssenceOfSteel"},{"floor":14,"key":"Swift Potion"},{"floor":21,"key":"Strength Potion"}],"is_trial":false,"path_per_floor":["M","$","M","?","?","E","M","R","T","E","R","M","R","E","R","B",null,"M","?","?","M"],"character_chosen":"THE_SILENT","items_purchased":[],"campfire_rested":3,"item_purchase_floors":[],"current_hp_per_floor":[67,67,56,56,44,32,32,53,53,27,48,37,58,50,50,33,70,70,70,60,53,0],"gold":713,"neow_bonus":"HUNDRED_GOLD","is_prod":false,"is_daily":false,"chose_seed":false,"campfire_upgraded":1,"win_rate":0,"timestamp":1533775205,"path_taken":["M","$","M","?","?","E","M","R","T","E","R","M","R","E","R","BOSS","M","?","?","M","M"],"build_version":"2018-08-02","purchased_purges":1,"victory":false,"max_hp_per_floor":[70,70,70,70,70,70,70,70,70,70,70,70,70,70,70,70,70,70,70,76,76,76],"card_choices":[{"not_picked":["Choke","PiercingWail"],"picked":"Infinite Blades","floor":1},{"not_picked":["Acrobatics","Outmaneuver"],"picked":"Quick Slash","floor":3},{"not_picked":["Unload","Setup","Finisher"],"picked":"Bouncing Flask","floor":6},{"not_picked":["Dagger Throw","Acrobatics","Cloak And Dagger"],"picked":"Flying Knee","floor":7},{"not_picked":["Dagger Throw","Dodge and Roll","Flechettes"],"picked":"Terror","floor":10},{"not_picked":["Dodge and Roll","Quick Slash","Calculated Gamble"],"picked":"Backflip","floor":12},{"not_picked":["Heel Hook","Crippling Poison","Quick Slash"],"picked":"Adrenaline","floor":14},{"not_picked":["Doppelganger","Malaise","Unload"],"picked":"Die Die Die","floor":16},{"not_picked":["Tactician+1","Poisoned Stab","Concentrate"],"picked":"Caltrops","floor":18},{"not_picked":["Prepared","Dagger Throw","Escape Plan"],"picked":"Slice","floor":21}],"player_experience":129444,"relics_obtained":[{"floor":6,"key":"Old Coin"},{"floor":9,"key":"Darkstone Periapt"},{"floor":10,"key":"Mercury Hourglass"},{"floor":14,"key":"Boot"},{"floor":20,"key":"Necronomicon"}],"event_choices":[{"event_name":"Accursed Blacksmith","player_choice":"Forge","floor":4,"damage_taken":0},{"event_name":"Scrap Ooze","player_choice":"success","floor":5,"damage_taken":12},{"event_name":"Ghosts","player_choice":"Ignored","floor":19,"damage_taken":0},{"event_name":"Cursed Tome","player_choice":"Obtained Book","floor":20,"damage_taken":0}],"is_beta":false,"boss_relics":[{"not_picked":["HoveringKite","Philosopher\u0027s Stone"],"picked":"Cursed Key"}],"items_purged_floors":[2],"is_endless":false,"potions_floor_spawned":[1,3,14,21],"killed_by":"Snecko","ascension_level":2}