{"gold_per_floor":[117,129,129,2,2,2,36,36,36,46,74,84,34,34,34,160,160,181,181,196,49,70,70,101,101,101,114,138,138,38,58,58,58],"floor_reached":33,"playtime":2145,"items_purged":["Strike_R","Defend_R"],"score":275,"play_id":"ccf79b5f-53d6-4c64-806d-5bdad9dd2e20","local_time":"20180711211211","is_ascension_mode":false,"campfire_choices":[{"data":"Flex","floor":6.0,"key":"SMITH"},{"data":"Cleave","floor":8.0,"key":"SMITH"},{"floor":15.0,"key":"REST"},{"data":"Juggernaut","floor":23.0,"key":"SMITH"},{"floor":25.0,"key":"REST"},{"floor":29.0,"key":"REST"},{"floor":32.0,"key":"REST"}],"neow_cost":"","seed_source_timestamp":0,"circlet_count":0,"master_deck":["Strike_R","Strike_R","Strike_R","Defend_R","Defend_R","Bash","Cleave+1","Iron Wave","Flex+1","Clothesline","Perfected Strike","Injury","Juggernaut+1","Iron Wave+1","Ghostly Armor+1","Thunderclap","Blood for Blood+1","Sword Boomerang","Armaments+1"],"special_seed":17724,"relics":["Burning Blood","Paper Frog","Darkstone Periapt","Mercury Hourglass","Golden Idol","Sozu","Bronze Scales","Pantograph","Ornamental Fan"],"potions_floor_usage":[],"damage_taken":[{"damage":3.0,"enemies":"Cultist","floor":1.0,"turns":5.0},{"damage":3.0,"enemies":"Small Slimes","floor":2.0,"turns":3.0},{"damage":31.0,"enemies":"Gremlin Nob","floor":7.0,"turns":5.0},{"damage":3.0,"enemies":"2 Louse","floor":10.0,"turns":2.0},{"damage":16.0,"enemies":"Lagavulin","floor":11.0,"turns":5.0},{"damage":2.0,"enemies":"Blue Slaver","floor":12.0,"turns":3.0},{"damage":83.0,"enemies":"Hexaghost","floor":16.0,"turns":11.0},{"damage":15.0,"enemies":"3 Byrds","floor":18.0,"turns":4.0},{"damage":17.0,"enemies":"Spheric Guardian","floor":20.0,"turns":4.0},{"damage":10.0,"enemies":"Centurion and Healer","floor":22.0,"turns":5.0},{"damage":41.0,"enemies":"Slavers","floor":24.0,"turns":5.0},{"damage":23.0,"enemies":"Slaver and Parasite","floor":27.0,"turns":4.0},{"damage":15.0,"enemies":"Snake Plant","floor":28.0,"turns":3.0},{"damage":20.0,"enemies":"Sentry and Sphere","floor":31.0,"turns":4.0},{"damage":108,"enemies":"Collector","floor":33,"turns":8}],"seed_played":"-4311942942209726919","potions_obtained":[{"floor":2.0,"key":"Swift Potion"},{"floor":7.0,"key":"AttackPotion"}],"is_trial":false,"path_per_floor":["M","M","?","$","?","R","E","R","T","M","E","M","?","?","R","B",null,"M","?","M","$","M","R","E","R","T","M","M","R","$","M","R"],"character_chosen":"IRONCLAD","items_purchased":["Flex","Bronze Scales"],"campfire_rested":4,"item_purchase_floors":[4,21],"current_hp_per_floor":[80,80,85,85,85,85,60,60,60,63,53,57,57,63,90,13,91,82,82,71,71,67,67,32,59,59,42,33,60,60,46,73,0],"gold":58,"neow_bonus":"","is_prod":false,"is_daily":false,"chose_seed":false,"campfire_upgraded":3,"win_rate":0.0,"timestamp":1531361531,"path_taken":["M","?","?","?","?","R","E","R","T","M","E","?","?","?","R","BOSS","M","?","M","?","M","R","E","R","T","M","M","R","$","?","R","BOSS"],"build_version":"2018-07-05","purchased_purges":2,"victory":false,"max_hp_per_floor":[80,80,85,85,85,85,85,85,85,85,85,85,85,91,91,91,91,91,91,91,91,91,91,91,91,91,91,91,91,91,91,91,91],"card_choices":[{"not_picked":["Twin Strike","Searing Blow"],"picked":"Cleave","floor":1.0},{"not_picked":["Cleave","Pommel Strike"],"picked":"Iron Wave","floor":2.0},{"not_picked":["Offering","Flex"],"picked":"Clothesline","floor":7.0},{"not_picked":["Clash","Intimidate","Power Through"],"picked":"SKIP","floor":10.0},{"not_picked":["Carnage","Metallicize","Body Slam"],"picked":"SKIP","floor":11.0},{"not_picked":["Dropkick","Iron Wave"],"picked":"Perfected Strike","floor":12.0},{"not_picked":["Dark Embrace","Barricade"],"picked":"Juggernaut","floor":16.0},{"not_picked":["Cleave","True Grit"],"picked":"Iron Wave+1","floor":18.0},{"not_picked":["Body Slam","Berserk"],"picked":"Ghostly Armor+1","floor":20.0},{"not_picked":["Flex","Iron Wave"],"picked":"Thunderclap","floor":22.0},{"not_picked":["Burning Pact","Feel No Pain"],"picked":"Blood for Blood+1","floor":24.0},{"not_picked":["Dual Wield+1","Feel No Pain+1"],"picked":"Sword Boomerang","floor":27.0},{"not_picked":["Clash","Shrug It Off","Power Through"],"picked":"SKIP","floor":28.0},{"not_picked":["Reckless Charge","Ghostly Armor+1"],"picked":"Armaments+1","floor":31.0}],"player_experience":38047,"relics_obtained":[{"floor":7.0,"key":"Paper Frog"},{"floor":9.0,"key":"Darkstone Periapt"},{"floor":11.0,"key":"Mercury Hourglass"},{"floor":24.0,"key":"Pantograph"},{"floor":26.0,"key":"Ornamental Fan"}],"event_choices":[{"event_name":"Big Fish","player_choice":"Donut","floor":3.0,"damage_taken":0.0},{"event_name":"Living Wall","player_choice":"Forget","floor":5.0,"damage_taken":0.0},{"event_name":"The Cleric","player_choice":"Card Removal","floor":13.0,"damage_taken":0.0},{"event_name":"Golden Idol","player_choice":"Take Wound","floor":14.0,"damage_taken":0.0},{"event_name":"The Lab","player_choice":"Got Potions","floor":19.0,"damage_taken":0.0}],"boss_relics":[{"not_picked":["Empty Cage","Snecko Eye"],"picked":"Sozu"}],"items_purged_floors":[4,30],"is_endless":false,"potions_floor_spawned":[2,7,18,24,28],"killed_by":"Collector","ascension_level":0}