{"gold_per_floor":[118,70,89,89,164,196,53,53,129,158,158,158,171,189,189,293,293,304,76,96,96,96,96,96],"floor_reached":24,"playtime":1012,"items_purged":["Strike_G","Strike_G"],"score":257,"play_id":"2a8bd8f5-a1cf-49c3-a113-aea0bb6605f6","local_time":"20181225200515","is_ascension_mode":true,"campfire_choices":[{"floor":8,"key":"REST"},{"floor":11,"key":"REST"},{"data":"Bouncing Flask","floor":15,"key":"SMITH"},{"floor":23,"key":"REST"}],"neow_cost":"NONE","seed_source_timestamp":516915870111437,"circlet_count":0,"master_deck":["Defend_G","Defend_G+1","Defend_G","Defend_G","Strike_G","Strike_G","Strike_G","Survivor","Neutralize+1","Deadly Poison","Poisoned Stab","Caltrops","Bouncing Flask+1","Poisoned Stab","Poisoned Stab","Envenom","Poisoned Stab","Deadly Poison","Noxious Fumes"],"relics":["Ring of the Serpent","Boot","Mercury Hourglass","Gremlin Horn","Enchiridion"],"potions_floor_usage":[6,14,24,24],"damage_taken":[{"damage":1,"enemies":"Small Slimes","floor":1,"turns":4},{"damage":0,"enemies":"2 Louse","floor":3,"turns":2},{"damage":19,"enemies":"3 Sentries","floor":6,"turns":8},{"damage":7,"enemies":"Lagavulin","floor":10,"turns":5},{"damage":0,"enemies":"Jaw Worm","floor":13,"turns":3},{"damage":0,"enemies":"3 Louse","floor":14,"turns":1},{"damage":24,"enemies":"The Guardian","floor":16,"turns":8},{"damage":0,"enemies":"Spheric Guardian","floor":18,"turns":3},{"damage":43,"enemies":"2 Thieves","floor":20,"turns":4},{"damage":67,"enemies":"Gremlin Leader","floor":24,"turns":3}],"seed_played":"-6669916007892236854","potions_obtained":[{"floor":3,"key":"Explosive Potion"},{"floor":10,"key":"AttackPotion"},{"floor":13,"key":"LiquidBronze"},{"floor":20,"key":"EssenceOfSteel"}],"is_trial":false,"path_per_floor":["M","$","M","?","?","E","$","R","T","E","R","?","M","M","R","B",null,"M","$","M","?","?","R","E"],"character_chosen":"THE_SILENT","items_purchased":["Deadly Poison","Bouncing Flask","Deadly Poison","Noxious Fumes"],"campfire_rested":3,"item_purchase_floors":[2,7,19,19],"current_hp_per_floor":[76,76,76,61,50,31,31,54,54,47,70,63,63,63,63,39,77,77,77,34,34,18,41,0],"gold":96,"neow_bonus":"TEN_PERCENT_HP_BONUS","is_prod":false,"is_daily":false,"chose_seed":false,"campfire_upgraded":1,"win_rate":0,"timestamp":1545789915,"path_taken":["M","$","M","?","?","E","$","R","T","E","R","?","M","M","R","BOSS","M","$","M","?","?","R","E"],"build_version":"2018-12-20","purchased_purges":2,"victory":false,"max_hp_per_floor":[77,77,77,77,77,77,77,77,77,77,77,77,77,77,77,77,77,77,77,77,77,77,77,77],"card_choices":[{"not_picked":["Underhanded Strike","Finisher","Flechettes"],"picked":"SKIP","floor":1},{"not_picked":["All Out Attack","Infinite Blades"],"picked":"Poisoned Stab","floor":3},{"not_picked":["Infinite Blades","Calculated Gamble"],"picked":"Caltrops","floor":6},{"not_picked":["Sucker Punch","Acrobatics"],"picked":"Poisoned Stab","floor":10},{"not_picked":["Calculated Gamble","Concentrate","Quick Slash"],"picked":"SKIP","floor":13},{"not_picked":["Cloak And Dagger","Skewer"],"picked":"Poisoned Stab","floor":14},{"not_picked":["Malaise","Grand Finale"],"picked":"Envenom","floor":16},{"not_picked":["Blade Dance","Sucker Punch"],"picked":"Poisoned Stab","floor":18},{"not_picked":["Masterful Stab+1","Dodge and Roll","PiercingWail+1"],"picked":"SKIP","floor":20}],"player_experience":145066,"relics_obtained":[{"floor":6,"key":"Boot"},{"floor":9,"key":"Mercury Hourglass"},{"floor":10,"key":"Gremlin Horn"},{"floor":22,"key":"Enchiridion"}],"event_choices":[{"damage_healed":0,"gold_gain":0,"player_choice":"Entered Light","damage_taken":15,"max_hp_gain":0,"max_hp_loss":0,"event_name":"Shining Light","floor":4,"gold_loss":0,"cards_upgraded":["Defend_G","Neutralize"]},{"damage_healed":0,"gold_gain":75,"player_choice":"Gather Gold","damage_taken":11,"max_hp_gain":0,"max_hp_loss":0,"event_name":"World of Goop","floor":5,"gold_loss":0},{"cards_removed":["Defend_G"],"damage_healed":0,"gold_gain":0,"player_choice":"Card Removal","damage_taken":7,"max_hp_gain":0,"max_hp_loss":0,"event_name":"Golden Wing","floor":12,"gold_loss":0},{"damage_healed":0,"gold_gain":0,"player_choice":"Ignored","damage_taken":0,"max_hp_gain":0,"max_hp_loss":0,"event_name":"Ghosts","floor":21,"gold_loss":0},{"damage_healed":0,"gold_gain":0,"player_choice":"Obtained Book","damage_taken":16,"max_hp_gain":0,"max_hp_loss":0,"event_name":"Cursed Tome","floor":22,"gold_loss":0}],"is_beta":false,"boss_relics":[{"not_picked":["Orrery","Busted Crown"],"picked":"Ring of the Serpent"}],"items_purged_floors":[7,19],"is_endless":false,"potions_floor_spawned":[3,10,13,20],"killed_by":"Gremlin Leader","ascension_level":3}