{"gold_per_floor":[116,116,116,129,129,129,129,129,129,144,157,31,51,76,76,197,197,213,213,213,234,257,257,4,4,4,38,38,61,0,13,13,13],"floor_reached":33,"playtime":1097,"items_purged":["Strike_G","Defend_G"],"score":296,"play_id":"575d97b2-59a5-4343-9347-7067fba5505d","local_time":"20180811082616","is_ascension_mode":true,"campfire_choices":[{"data":"Crippling Poison","floor":6.0,"key":"SMITH"},{"floor":8.0,"key":"REST"},{"floor":15,"key":"REST"},{"floor":23,"key":"REST"},{"floor":25,"key":"REST"},{"floor":32,"key":"REST"}],"neow_cost":"","seed_source_timestamp":0,"circlet_count":0,"master_deck":["Defend_G","Defend_G","Defend_G","Defend_G","Strike_G","Strike_G","Strike_G","Survivor","Neutralize","Deadly Poison+1","Burst+1","Crippling Poison+1","Slice","Deadly Poison","Poisoned Stab","Adrenaline","Bane","Dagger Spray","Deflect","Dash"],"special_seed":0,"relics":["Ring of the Snake","Golden Idol","Letter Opener","Lizard Tail","Nilry\u0027s Codex","Regal Pillow","Meat on the Bone","Nloth\u0027s Gift","The Courier"],"potions_floor_usage":[16,18,22,27,27],"damage_taken":[{"damage":5.0,"enemies":"Jaw Worm","floor":1.0,"turns":6.0},{"damage":0.0,"enemies":"Cultist","floor":4.0,"turns":4.0},{"damage":5.0,"enemies":"Small Slimes","floor":10.0,"turns":3.0},{"damage":15.0,"enemies":"Gremlin Gang","floor":11.0,"turns":4.0},{"damage":0.0,"enemies":"3 Louse","floor":13.0,"turns":1.0},{"damage":9,"enemies":"Exordium Wildlife","floor":14,"turns":3},{"damage":17,"enemies":"The Guardian","floor":16,"turns":8},{"damage":14,"enemies":"3 Byrds","floor":18,"turns":4},{"damage":6,"enemies":"Shell Parasite","floor":21,"turns":4},{"damage":21,"enemies":"Snecko","floor":22,"turns":4},{"damage":60,"enemies":"Book of Stabbing","floor":27,"turns":6},{"damage":31,"enemies":"Sentry and Sphere","floor":29,"turns":6},{"damage":18,"enemies":"Snake Plant","floor":31,"turns":4},{"damage":88,"enemies":"Champ","floor":33,"turns":10}],"seed_played":"4360947740255500997","potions_obtained":[{"floor":4.0,"key":"SkillPotion"},{"floor":13.0,"key":"SteroidPotion"},{"floor":16,"key":"Fruit Juice"},{"floor":21,"key":"Energy Potion"},{"floor":22,"key":"Regen Potion"}],"is_trial":false,"path_per_floor":["M","?","?","M","?","R","?","R","T","M","M","$","M","M","R","B",null,"M","?","?","M","M","R","$","R","T","E","?","M","?","M","R"],"character_chosen":"THE_SILENT","items_purchased":["Deadly Poison","Regal Pillow"],"campfire_rested":5,"item_purchase_floors":[12,24],"current_hp_per_floor":[65,65,65,65,65,65,48,69,69,64,49,49,49,40,61,44,70,61,45,45,39,18,40,40,75,75,37,37,18,18,49,75,0],"gold":13,"neow_bonus":"","is_prod":false,"is_daily":false,"chose_seed":false,"campfire_upgraded":1,"win_rate":0,"timestamp":1533993976,"path_taken":["M","?","?","M","?","R","?","R","T","M","M","$","M","?","R","BOSS","M","?","?","M","M","R","$","R","T","E","?","M","?","M","R","BOSS"],"build_version":"2018-08-09","purchased_purges":2,"victory":false,"max_hp_per_floor":[70,70,70,70,70,70,70,70,70,70,70,70,70,70,70,70,70,75,75,75,75,75,75,75,75,75,75,75,75,75,75,75,75],"card_choices":[{"not_picked":["Poisoned Stab","Dagger Throw"],"picked":"Deadly Poison","floor":1.0},{"not_picked":["Dagger Throw","Dagger Spray"],"picked":"Crippling Poison","floor":4.0},{"not_picked":["Infinite Blades","Flechettes"],"picked":"Slice","floor":10.0},{"not_picked":["Setup","Riddle With Holes","Endless Agony"],"picked":"SKIP","floor":11.0},{"not_picked":["Sucker Punch","Flying Knee"],"picked":"Poisoned Stab","floor":13.0},{"not_picked":["Eviscerate","Infinite Blades","Slice"],"picked":"SKIP","floor":14},{"not_picked":["Glass Knife","Phantasmal Killer"],"picked":"Adrenaline","floor":16},{"not_picked":["Sucker Punch","Deadly Poison"],"picked":"Bane","floor":18},{"not_picked":["Setup+1","Dagger Throw","PiercingWail+1"],"picked":"SKIP","floor":21},{"not_picked":["Dodge and Roll","Dagger Spray"],"picked":"Deflect","floor":22},{"not_picked":["Dagger Throw","Backflip"],"picked":"Dash","floor":27},{"not_picked":["Phantasmal Killer","Tactician","Acrobatics+1"],"picked":"SKIP","floor":29},{"not_picked":["Tactician+1","Sucker Punch","Bane"],"picked":"SKIP","floor":31}],"player_experience":134544,"relics_obtained":[{"floor":9.0,"key":"Letter Opener"},{"floor":19,"key":"Nilry\u0027s Codex"},{"floor":26,"key":"Meat on the Bone"},{"floor":27,"key":"Du-Vu Doll"}],"event_choices":[{"event_name":"Upgrade Shrine","player_choice":"Upgraded","floor":2.0,"damage_taken":0.0},{"event_name":"Match and Keep!","player_choice":"1 cards matched","floor":3.0,"damage_taken":0.0},{"event_name":"Accursed Blacksmith","player_choice":"Forge","floor":5.0,"damage_taken":0.0},{"event_name":"Golden Idol","player_choice":"Take Damage","floor":7.0,"damage_taken":0.0},{"event_name":"Cursed Tome","player_choice":"Obtained Book","floor":19,"damage_taken":0},{"event_name":"Transmorgrifier","player_choice":"Transform","floor":20,"damage_taken":0},{"event_name":"N\u0027loth","player_choice":"Traded a Du-Vu Doll","floor":28,"damage_taken":0},{"event_name":"WeMeetAgain","player_choice":"Gold","floor":30,"damage_taken":0}],"is_beta":false,"boss_relics":[{"not_picked":["Eternal Feather","WristBlade"],"picked":"Lizard Tail"}],"items_purged_floors":[12,24],"is_endless":false,"potions_floor_spawned":[4,13,16,21,22],"killed_by":"Champ","ascension_level":3}