{"gold_per_floor":[111,121,121,46,46,46,81,98,98,98,111,128,93,128,128,227,227,245,259,277,177,191,191,66,66,96,123,223,241,255,255,255,360,360,372,372,472,487,132,132,132,132,132,132,132,151,161,180,180,180],"floor_reached":50,"playtime":1634,"items_purged":["Defend_G","Strike_G","Strike_G","Defend_G"],"score":650,"play_id":"d0c13d9d-018b-47e2-8c6b-ffdb830ca75d","local_time":"20190618183647","is_ascension_mode":true,"campfire_choices":[{"data":"Backflip","floor":6.0,"key":"SMITH"},{"floor":15.0,"key":"REST"},{"floor":23,"key":"REST"},{"data":"Catalyst","floor":25,"key":"SMITH"},{"floor":32,"key":"REST"},{"floor":40,"key":"REST"},{"data":"Bouncing Flask","floor":42,"key":"SMITH"},{"data":"Bouncing Flask","floor":44,"key":"SMITH"},{"floor":49,"key":"REST"}],"neow_cost":"NONE","seed_source_timestamp":0,"circlet_count":0,"master_deck":["Defend_G","Defend_G+1","Defend_G","Strike_G","Strike_G","Survivor","Neutralize","Backflip+1","Slice+1","Poisoned Stab","Bouncing Flask+1","Catalyst+1","Deadly Poison","Corpse Explosion","Deadly Poison","Injury","Quick Slash+1","Bouncing Flask+1","Writhe","Bane","Bane+1","Decay","Writhe"],"special_seed":0,"relics":["Ring of the Snake","NeowsBlessing","Matryoshka","Potion Belt","Unceasing Top","Du-Vu Doll","Singing Bowl","Cursed Key","Pantograph","Tiny Chest","Oddly Smooth Stone","Pear","Sozu","Incense Burner","Whetstone","Molten Egg 2"],"potions_floor_usage":[16,16,19,20,20,30,33],"damage_taken":[{"damage":0.0,"enemies":"Cultist","floor":1.0,"turns":1.0},{"damage":0.0,"enemies":"Jaw Worm","floor":2.0,"turns":1.0},{"damage":0.0,"enemies":"Lagavulin","floor":7.0,"turns":1.0},{"damage":1.0,"enemies":"2 Louse","floor":8.0,"turns":3.0},{"damage":12.0,"enemies":"Exordium Wildlife","floor":11.0,"turns":5.0},{"damage":14.0,"enemies":"2 Fungi Beasts","floor":12.0,"turns":4.0},{"damage":15.0,"enemies":"3 Sentries","floor":14.0,"turns":7.0},{"damage":43,"enemies":"Slime Boss","floor":16,"turns":12},{"damage":0,"enemies":"Chosen","floor":18,"turns":4},{"damage":25,"enemies":"2 Thieves","floor":19,"turns":3},{"damage":8,"enemies":"Cultist and Chosen","floor":20,"turns":4},{"damage":10,"enemies":"3 Cultists","floor":22,"turns":3},{"damage":36,"enemies":"Gremlin Leader","floor":27,"turns":6},{"damage":0,"enemies":"Snake Plant","floor":29,"turns":2},{"damage":11,"enemies":"Centurion and Healer","floor":30,"turns":5},{"damage":54,"enemies":"Collector","floor":33,"turns":8},{"damage":53,"enemies":"3 Shapes","floor":35,"turns":4},{"damage":16,"enemies":"Mind Bloom Boss Battle","floor":37,"turns":6},{"damage":0,"enemies":"Orb Walker","floor":38,"turns":2},{"damage":27,"enemies":"Sphere and 2 Shapes","floor":46,"turns":4},{"damage":0,"enemies":"3 Darklings","floor":47,"turns":1},{"damage":5,"enemies":"Maw","floor":48,"turns":4},{"damage":106,"enemies":"Donu and Deca","floor":50,"turns":6}],"seed_played":"-3129352860333211890","potions_obtained":[{"floor":2.0,"key":"LiquidBronze"},{"floor":7.0,"key":"FearPotion"},{"floor":8.0,"key":"Swift Potion"},{"floor":14.0,"key":"Weak Potion"},{"floor":16,"key":"PowerPotion"},{"floor":18,"key":"Explosive Potion"},{"floor":19,"key":"PowerPotion"},{"floor":27,"key":"GhostInAJar"},{"floor":30,"key":"EssenceOfSteel"}],"is_trial":false,"path_per_floor":["M","M","?","$","?","R","E","M","T","?","M","M","?","E","R","B",null,"M","M","M","$","M","R","$","R","T","E","?","M","M","?","R","B",null,"M","?","?","M","$","R","?","R","T","R","?","M","M","M","R","B"],"character_chosen":"THE_SILENT","items_purchased":["Bane","Whetstone"],"campfire_rested":5,"item_purchase_floors":[39,39],"current_hp_per_floor":[70,70,56,56,56,56,56,55,55,48,36,22,39,26,47,4,72,74,49,43,43,35,58,58,58,58,22,22,22,13,23,50,23,92,41,41,50,52,52,80,82,82,82,82,98,73,75,72,103,0],"gold":180,"neow_bonus":"THREE_ENEMY_KILL","is_prod":false,"is_daily":false,"chose_seed":false,"campfire_upgraded":4,"win_rate":0,"timestamp":1560901007,"path_taken":["M","?","?","$","?","R","E","M","T","?","M","?","?","E","R","BOSS","M","M","M","$","M","R","$","R","T","E","?","M","?","?","R","BOSS","M","?","?","M","$","R","?","R","T","R","?","M","M","M","R","BOSS"],"build_version":"2019-01-23","purchased_purges":4,"victory":false,"max_hp_per_floor":[70,70,70,70,70,70,70,70,70,70,70,70,70,72,72,72,72,74,74,76,76,78,78,78,78,78,78,78,78,80,90,90,92,92,94,94,94,96,96,96,98,98,98,98,98,100,102,104,104,104],"card_choices":[{"not_picked":["Dodge and Roll","Deflect"],"picked":"Backflip","floor":1.0},{"not_picked":["Flying Knee","Prepared"],"picked":"Slice","floor":2.0},{"not_picked":["Backstab","Wraith Form v2"],"picked":"Poisoned Stab","floor":7.0},{"not_picked":["Dodge and Roll","Skewer"],"picked":"Bouncing Flask","floor":8.0},{"not_picked":["Bouncing Flask","Calculated Gamble"],"picked":"Catalyst","floor":11.0},{"not_picked":["Prepared","Footwork"],"picked":"Deadly Poison","floor":12.0},{"not_picked":["Outmaneuver","Footwork","Dagger Throw"],"picked":"Singing Bowl","floor":14.0},{"not_picked":["Malaise","Envenom"],"picked":"Corpse Explosion","floor":16},{"not_picked":["Dagger Spray","Concentrate","All Out Attack"],"picked":"Singing Bowl","floor":18},{"not_picked":["Backflip+1","Quick Slash"],"picked":"Deadly Poison","floor":19},{"not_picked":["Acrobatics","Outmaneuver","Cloak And Dagger"],"picked":"Singing Bowl","floor":20},{"not_picked":["Cloak And Dagger","Outmaneuver","Endless Agony"],"picked":"Singing Bowl","floor":22},{"not_picked":["Storm of Steel","Reflex"],"picked":"Quick Slash+1","floor":27},{"not_picked":["Dagger Throw+1","Leg Sweep"],"picked":"Bouncing Flask","floor":29},{"not_picked":["Outmaneuver","Concentrate","Dagger Spray"],"picked":"Singing Bowl","floor":30},{"not_picked":["Venomology","Glass Knife","Tools of the Trade"],"picked":"Singing Bowl","floor":33},{"not_picked":["Choke","Acrobatics","Dagger Spray"],"picked":"Singing Bowl","floor":35},{"not_picked":["Flechettes+1","Tactician"],"picked":"Bane","floor":37},{"not_picked":["Accuracy+1","Dodge and Roll+1","Choke+1"],"picked":"Singing Bowl","floor":38},{"not_picked":["Impatience","Madness","HandOfGreed"],"picked":"Singing Bowl","floor":41},{"not_picked":["Cloak And Dagger+1","Choke+1","Backstab+1"],"picked":"Singing Bowl","floor":46},{"not_picked":["Eviscerate+1","Flying Knee+1","Sucker Punch+1"],"picked":"Singing Bowl","floor":47},{"not_picked":["Outmaneuver","Die Die Die+1","Sucker Punch+1"],"picked":"Singing Bowl","floor":48}],"player_experience":168941,"relics_obtained":[{"floor":7.0,"key":"Matryoshka"},{"floor":9.0,"key":"Potion Belt"},{"floor":9.0,"key":"Unceasing Top"},{"floor":14.0,"key":"Singing Bowl"},{"floor":26,"key":"Pantograph"},{"floor":26,"key":"Tiny Chest"},{"floor":27,"key":"Oddly Smooth Stone"},{"floor":37,"key":"Incense Burner"},{"floor":43,"key":"Molten Egg 2"}],"event_choices":[{"damage_healed":0.0,"max_hp_gain":0.0,"max_hp_loss":0.0,"gold_gain":0.0,"event_name":"Shining Light","player_choice":"Entered Light","floor":3.0,"gold_loss":0.0,"damage_taken":14.0,"cards_upgraded":["Strike_G","Defend_G"]},{"damage_healed":0.0,"max_hp_gain":0.0,"max_hp_loss":0.0,"gold_gain":0.0,"event_name":"Liars Game","player_choice":"Ignored","floor":5.0,"gold_loss":0.0,"damage_taken":0.0},{"damage_healed":0.0,"max_hp_gain":0.0,"max_hp_loss":0.0,"gold_gain":0.0,"event_name":"Scrap Ooze","player_choice":"Success","floor":10.0,"gold_loss":0.0,"damage_taken":7.0,"relics_obtained":["Du-Vu Doll"]},{"damage_healed":17.0,"max_hp_gain":0.0,"max_hp_loss":0.0,"gold_gain":0.0,"event_name":"The Cleric","player_choice":"Healed","floor":13.0,"gold_loss":35.0,"damage_taken":0.0},{"damage_healed":0,"gold_gain":100,"player_choice":"Pray","damage_taken":0,"max_hp_gain":0,"max_hp_loss":0,"event_name":"Golden Shrine","floor":28,"gold_loss":0},{"damage_healed":0,"gold_gain":0,"player_choice":"Opened","damage_taken":0,"relics_obtained":["Pear"],"max_hp_gain":0,"max_hp_loss":0,"event_name":"The Mausoleum","floor":31,"gold_loss":0,"cards_obtained":["Writhe"]},{"cards_removed":["Strike_G"],"damage_healed":0,"gold_gain":0,"player_choice":"Removed Attack","damage_taken":0,"max_hp_gain":0,"max_hp_loss":0,"event_name":"Falling","floor":36,"gold_loss":0},{"damage_healed":0,"gold_gain":0,"player_choice":"Fight","damage_taken":0,"max_hp_gain":0,"max_hp_loss":0,"event_name":"MindBloom","floor":37,"gold_loss":0},{"damage_healed":0,"gold_gain":0,"player_choice":"Memory 1","damage_taken":0,"max_hp_gain":0,"max_hp_loss":0,"event_name":"SensoryStone","floor":41,"gold_loss":0},{"damage_healed":25,"gold_gain":0,"player_choice":"Writhe","damage_taken":0,"max_hp_gain":0,"max_hp_loss":0,"event_name":"Winding Halls","floor":45,"gold_loss":0,"cards_obtained":["Writhe"]}],"is_beta":false,"boss_relics":[{"not_picked":["White Beast Statue","Runic Pyramid"],"picked":"Cursed Key"},{"not_picked":["Black Star","Astrolabe"],"picked":"Sozu"}],"items_purged_floors":[4,21,24,39],"is_endless":false,"potions_floor_spawned":[2,7,8,14,16,18,19,27,30,37,38,47],"killed_by":"Donu and Deca","ascension_level":3}