{"gold_per_floor":[119,119,130,150,150,150,175,175,175,206,206,219,245,245,245,346,346,363,363],"floor_reached":19,"playtime":794,"items_purged":[],"score":213,"play_id":"35b5af82-f185-407c-b603-d75f1ed01770","local_time":"20190613160619","is_ascension_mode":true,"campfire_choices":[{"data":"Poisoned Stab","floor":6.0,"key":"SMITH"},{"floor":8.0,"key":"REST"},{"floor":11.0,"key":"REST"},{"floor":15.0,"key":"REST"}],"neow_cost":"NONE","seed_source_timestamp":0,"circlet_count":0,"master_deck":["Defend_G","Defend_G","Defend_G","Defend_G+1","Defend_G","Strike_G","Strike_G","Strike_G","Strike_G","Survivor","Neutralize","Slice","Backflip","Poisoned Stab+1","Bouncing Flask+1","Noxious Fumes","Quick Slash","Catalyst","Night Terror","Catalyst"],"special_seed":0,"relics":["Ring of the Snake","NeowsBlessing","Shuriken","Letter Opener","Ginger","PreservedInsect","Snecko Eye"],"potions_floor_usage":[16],"damage_taken":[{"damage":0.0,"enemies":"Jaw Worm","floor":1.0,"turns":1.0},{"damage":0.0,"enemies":"Cultist","floor":3.0,"turns":1.0},{"damage":0.0,"enemies":"Small Slimes","floor":4.0,"turns":1.0},{"damage":22.0,"enemies":"3 Sentries","floor":7.0,"turns":11.0},{"damage":32.0,"enemies":"Gremlin Nob","floor":10.0,"turns":4.0},{"damage":6.0,"enemies":"3 Louse","floor":12.0,"turns":3.0},{"damage":34.0,"enemies":"3 Sentries","floor":13.0,"turns":6.0},{"damage":18,"enemies":"The Guardian","floor":16,"turns":12},{"damage":44,"enemies":"3 Byrds","floor":18,"turns":5},{"damage":13,"enemies":"Colosseum Slavers","floor":19,"turns":1}],"seed_played":"2350344131527005221","potions_obtained":[{"floor":3.0,"key":"PowerPotion"},{"floor":12.0,"key":"Swift Potion"},{"floor":13.0,"key":"Explosive Potion"},{"floor":16,"key":"Strength Potion"}],"is_trial":false,"path_per_floor":["M","?","M","M","?","R","E","R","T","E","R","M","E","?","R","B",null,"M","?"],"character_chosen":"THE_SILENT","items_purchased":[],"campfire_rested":3,"item_purchase_floors":[],"current_hp_per_floor":[70,70,70,70,70,70,48,69,69,37,58,52,18,4,25,7,70,26,13],"gold":363,"neow_bonus":"THREE_ENEMY_KILL","is_prod":false,"is_daily":false,"chose_seed":false,"campfire_upgraded":1,"win_rate":0,"timestamp":1560459979,"path_taken":["M","?","M","M","?","R","E","R","T","E","R","?","E","?","R","BOSS","M","?"],"build_version":"2019-01-23","purchased_purges":0,"victory":false,"max_hp_per_floor":[70,70,70,70,70,70,70,70,70,70,70,70,70,70,70,70,70,70,70],"card_choices":[{"not_picked":["Skewer","Outmaneuver"],"picked":"Slice","floor":1.0},{"not_picked":["Finisher","Caltrops"],"picked":"Backflip","floor":3.0},{"not_picked":["Eviscerate","Deflect"],"picked":"Poisoned Stab","floor":4.0},{"not_picked":["Calculated Gamble","Endless Agony"],"picked":"Bouncing Flask","floor":7.0},{"not_picked":["Caltrops","Deadly Poison"],"picked":"Noxious Fumes","floor":10.0},{"not_picked":["Prepared","Flying Knee"],"picked":"Quick Slash","floor":12.0},{"not_picked":["Predator","Cloak And Dagger"],"picked":"Catalyst","floor":13.0},{"not_picked":["Die Die Die","Glass Knife"],"picked":"Night Terror","floor":16},{"not_picked":["Outmaneuver","Prepared+1"],"picked":"Catalyst","floor":18}],"player_experience":160868,"relics_obtained":[{"floor":7.0,"key":"Shuriken"},{"floor":9.0,"key":"Letter Opener"},{"floor":10.0,"key":"Ginger"},{"floor":13.0,"key":"PreservedInsect"}],"event_choices":[{"cards_removed":["Strike_G"],"damage_healed":0.0,"max_hp_gain":0.0,"max_hp_loss":0.0,"gold_gain":0.0,"event_name":"Living Wall","player_choice":"Forget","floor":2.0,"gold_loss":0.0,"damage_taken":0.0},{"damage_healed":0.0,"max_hp_gain":0.0,"max_hp_loss":0.0,"gold_gain":0.0,"event_name":"The Woman in Blue","player_choice":"Bought 0 Potions","floor":5.0,"gold_loss":0.0,"damage_taken":0.0},{"damage_healed":0.0,"max_hp_gain":0.0,"max_hp_loss":0.0,"gold_gain":0.0,"event_name":"Shining Light","player_choice":"Entered Light","floor":14.0,"gold_loss":0.0,"damage_taken":14.0,"cards_upgraded":["Defend_G","Bouncing Flask"]},{"damage_healed":0,"gold_gain":0,"player_choice":"Fight","damage_taken":0,"max_hp_gain":0,"max_hp_loss":0,"event_name":"Colosseum","floor":19,"gold_loss":0}],"is_beta":false,"boss_relics":[{"not_picked":["Black Star","Orrery"],"picked":"Snecko Eye"}],"items_purged_floors":[],"is_endless":false,"potions_floor_spawned":[3,12,13,16],"killed_by":"Colosseum Slavers","ascension_level":3}