{"gold_per_floor":[118,68,88,88,106,133,133,133,133,133,146,71,90,11,11,106,106,88,88,3,13,30,30,45,45,45,45,45,62,62,161,161,265,265,279,35,49,49],"floor_reached":38,"playtime":2439,"items_purged":["Defend_G","Defend_G"],"score":374,"play_id":"de03537e-7112-4ac5-91b9-8529c147fc02","local_time":"20180720201055","is_ascension_mode":false,"campfire_choices":[{"floor":7,"key":"REST"},{"floor":15,"key":"REST"},{"data":"Bouncing Flask","floor":23,"key":"SMITH"},{"floor":27,"key":"REST"},{"data":"Bane","floor":30,"key":"SMITH"},{"floor":32,"key":"REST"}],"neow_cost":"NONE","seed_source_timestamp":3899989203117,"circlet_count":0,"master_deck":["Defend_G+1","Defend_G","Strike_G","Survivor+1","Neutralize","Quick Slash","Bane","Dagger Spray","Riddle With Holes","Cloak And Dagger","Tools of the Trade","Accuracy","Adrenaline","Bouncing Flask+1","Poisoned Stab+1","Bane+1","Distraction+1","Poisoned Stab","Unload","Bane+1","Terror"],"relics":["Ring of the Snake","Peace Pipe","Tough Bandages","Velvet Choker","Potion Belt","Pantograph","Empty Cage","Happy Flower"],"potions_floor_usage":[11,21,33,33],"damage_taken":[{"damage":1,"enemies":"Jaw Worm","floor":1,"turns":6},{"damage":0,"enemies":"2 Louse","floor":3,"turns":3},{"damage":0,"enemies":"Small Slimes","floor":5,"turns":3},{"damage":42,"enemies":"Gremlin Nob","floor":6,"turns":6},{"damage":0,"enemies":"Exordium Wildlife","floor":11,"turns":4},{"damage":1,"enemies":"3 Louse","floor":13,"turns":2},{"damage":44,"enemies":"Slime Boss","floor":16,"turns":15},{"damage":9,"enemies":"2 Thieves","floor":18,"turns":5},{"damage":0,"enemies":"Chosen","floor":21,"turns":3},{"damage":10,"enemies":"Centurion and Healer","floor":22,"turns":5},{"damage":11,"enemies":"Snecko","floor":24,"turns":5},{"damage":16,"enemies":"Chosen and Byrds","floor":29,"turns":5},{"damage":58,"enemies":"Champ","floor":33,"turns":11},{"damage":3,"enemies":"Orb Walker","floor":35,"turns":3},{"damage":55,"enemies":"3 Shapes","floor":37,"turns":5},{"damage":27,"enemies":"Maw","floor":38,"turns":4}],"seed_played":"-3810927344401187058","potions_obtained":[{"floor":1,"key":"Fire Potion"},{"floor":3,"key":"Fire Potion"},{"floor":13,"key":"SneckoOil"},{"floor":16,"key":"Dexterity Potion"},{"floor":22,"key":"EssenceOfSteel"},{"floor":24,"key":"Fruit Juice"},{"floor":29,"key":"GamblersBrew"},{"floor":35,"key":"Swift Potion"}],"is_trial":false,"path_per_floor":["M","?","M","?","M","E","R","?","T","?","M","$","M","$","R","B",null,"M","$","?","M","M","R","M","?","T","R","$","M","R","?","R","B",null,"M","$","M"],"character_chosen":"THE_SILENT","items_purchased":["Accuracy","Happy Flower"],"campfire_rested":4,"item_purchase_floors":[14,36],"current_hp_per_floor":[76,76,76,61,61,19,42,42,42,42,42,42,41,41,64,20,77,68,68,68,68,58,58,47,47,47,70,70,54,54,54,77,24,82,79,79,24,0],"gold":49,"neow_bonus":"TEN_PERCENT_HP_BONUS","is_prod":false,"is_daily":false,"chose_seed":false,"campfire_upgraded":2,"win_rate":0.0,"timestamp":1532135455,"path_taken":["M","?","M","?","M","E","R","?","T","?","M","?","?","?","R","BOSS","M","$","?","M","M","R","M","?","T","R","$","?","R","?","R","BOSS","M","?","?","M"],"build_version":"2018-07-19v2","purchased_purges":2,"victory":false,"max_hp_per_floor":[77,77,77,77,77,77,77,77,77,77,77,77,77,77,77,77,77,77,77,77,77,77,77,77,77,77,77,77,77,77,77,77,82,82,82,82,82,82],"card_choices":[{"not_picked":["Predator","Prepared"],"picked":"Quick Slash","floor":1},{"not_picked":["Escape Plan","Prepared"],"picked":"Bane","floor":3},{"not_picked":["Backflip","Acrobatics"],"picked":"Dagger Spray","floor":5},{"not_picked":["Well Laid Plans","Acrobatics"],"picked":"Riddle With Holes","floor":6},{"not_picked":["Expertise","Sucker Punch"],"picked":"Tools of the Trade","floor":11},{"not_picked":["Endless Agony","Eviscerate","Masterful Stab"],"picked":"SKIP","floor":13},{"not_picked":["Night Terror","Corpse Explosion"],"picked":"Adrenaline","floor":16},{"not_picked":["Backflip","Tactician"],"picked":"Bouncing Flask","floor":18},{"not_picked":["Deadly Poison","Accuracy"],"picked":"Poisoned Stab+1","floor":21},{"not_picked":["Masterful Stab","Backflip+1"],"picked":"Bane","floor":22},{"not_picked":["Acrobatics","Dagger Throw+1"],"picked":"Distraction+1","floor":24},{"not_picked":["Prepared","Sucker Punch"],"picked":"Poisoned Stab","floor":29},{"not_picked":["Tools of the Trade","Wraith Form v2"],"picked":"Unload","floor":33},{"not_picked":["Infinite Blades+1","Sucker Punch"],"picked":"Bane+1","floor":35},{"not_picked":["Riddle With Holes","Dagger Spray"],"picked":"Terror","floor":37}],"player_experience":45886,"relics_obtained":[{"floor":6,"key":"Peace Pipe"},{"floor":9,"key":"Tough Bandages"},{"floor":26,"key":"Pantograph"}],"event_choices":[{"event_name":"The Cleric","player_choice":"Card Removal","floor":2,"damage_taken":0},{"event_name":"Shining Light","player_choice":"Entered Light","floor":4,"damage_taken":0},{"event_name":"Transmorgrifier","player_choice":"Transform","floor":8,"damage_taken":0},{"event_name":"Purifier","player_choice":"One Purge","floor":10,"damage_taken":0},{"event_name":"Addict","player_choice":"Obtained Relic","floor":20,"damage_taken":0},{"event_name":"Ghosts","player_choice":"Ignored","floor":25,"damage_taken":0},{"event_name":"Nest","player_choice":"Stole From Cult","floor":31,"damage_taken":0}],"is_beta":false,"boss_relics":[{"not_picked":["Lizard Tail","Runic Dome"],"picked":"Velvet Choker"},{"not_picked":["Astrolabe","Tiny House"],"picked":"Empty Cage"}],"items_purged_floors":[12,36],"is_endless":false,"potions_floor_spawned":[1,3,13,16,22,24,29,35],"killed_by":"Maw","ascension_level":0}