{"gold_per_floor":[119,119,44,60,72,72,83,93,93,93,113,127,147,172,172,273,273,285,200,212,112,126,126,126],"floor_reached":24,"playtime":695,"items_purged":["Strike_G","Defend_G"],"score":232,"play_id":"925e4628-1f4e-4c12-8796-678eddcc8634","local_time":"20180809203748","is_ascension_mode":true,"campfire_choices":[{"data":"Caltrops","floor":6,"key":"SMITH"},{"data":"Deadly Poison","floor":10,"key":"SMITH"},{"floor":15,"key":"REST"},{"floor":23,"key":"REST"}],"neow_cost":"NONE","seed_source_timestamp":1735235162818224,"circlet_count":0,"master_deck":["Defend_G","Defend_G","Defend_G","Defend_G+1","Strike_G","Strike_G","Strike_G+1","Strike_G","Survivor","Neutralize","Caltrops+1","Adrenaline","Deadly Poison+1","Terror","Backflip","Dash","Poisoned Stab","Corpse Explosion","Deadly Poison","Deadly Poison","Flying Knee+1"],"relics":["Ring of the Snake","NeowsBlessing","Matryoshka","Bronze Scales","Runic Pyramid","Unceasing Top"],"potions_floor_usage":[14,14,14,22],"damage_taken":[{"damage":0,"enemies":"Jaw Worm","floor":1,"turns":1},{"damage":0,"enemies":"Small Slimes","floor":4,"turns":1},{"damage":0,"enemies":"2 Louse","floor":5,"turns":1},{"damage":4,"enemies":"Blue Slaver","floor":7,"turns":4},{"damage":0,"enemies":"3 Louse","floor":8,"turns":4},{"damage":7,"enemies":"2 Fungi Beasts","floor":11,"turns":4},{"damage":1,"enemies":"Red Slaver","floor":12,"turns":3},{"damage":5,"enemies":"3 Louse","floor":13,"turns":3},{"damage":7,"enemies":"Lagavulin","floor":14,"turns":5},{"damage":17,"enemies":"Hexaghost","floor":16,"turns":7},{"damage":36,"enemies":"2 Thieves","floor":18,"turns":3},{"damage":13,"enemies":"Shell Parasite","floor":20,"turns":5},{"damage":8,"enemies":"Sentry and Sphere","floor":22,"turns":4},{"damage":34,"enemies":"Slavers","floor":24,"turns":2}],"seed_played":"-3247229204353980839","potions_obtained":[{"floor":1,"key":"LiquidBronze"},{"floor":5,"key":"SkillPotion"},{"floor":11,"key":"Weak Potion"},{"floor":18,"key":"SpeedPotion"}],"is_trial":false,"path_per_floor":["M","?","$","M","M","R","M","M","T","R","M","M","M","E","R","B",null,"M","?","M","$","M","R"],"character_chosen":"THE_SILENT","items_purchased":[],"campfire_rested":2,"item_purchase_floors":[],"current_hp_per_floor":[70,56,56,56,56,56,52,52,52,52,45,44,39,32,53,36,70,34,34,21,21,13,34,0],"gold":126,"neow_bonus":"THREE_ENEMY_KILL","is_prod":false,"is_daily":false,"chose_seed":false,"campfire_upgraded":2,"win_rate":0,"timestamp":1533865068,"path_taken":["M","?","$","M","M","R","M","M","T","R","M","M","M","E","R","BOSS","M","?","M","$","?","R","E"],"build_version":"2018-08-09","purchased_purges":2,"victory":false,"max_hp_per_floor":[70,70,70,70,70,70,70,70,70,70,70,70,70,70,70,70,70,70,70,70,70,70,70,70],"card_choices":[{"not_picked":["Backstab","Eviscerate"],"picked":"Caltrops","floor":1},{"not_picked":["Sucker Punch","Blade Dance","Underhanded Strike"],"picked":"SKIP","floor":4},{"not_picked":["Reflex","PiercingWail"],"picked":"Adrenaline","floor":5},{"not_picked":["Dagger Throw","Bane"],"picked":"Deadly Poison","floor":7},{"not_picked":["Choke","Reflex"],"picked":"Terror","floor":8},{"not_picked":["Blade Dance","Predator"],"picked":"Backflip","floor":11},{"not_picked":["Blade Dance","Flying Knee","Reflex"],"picked":"SKIP","floor":12},{"not_picked":["Outmaneuver","Endless Agony"],"picked":"Dash","floor":13},{"not_picked":["Eviscerate","Dash"],"picked":"Poisoned Stab","floor":14},{"not_picked":["Bullet Time","Tools of the Trade"],"picked":"Corpse Explosion","floor":16},{"not_picked":["Dagger Throw","Expertise+1"],"picked":"Deadly Poison","floor":18},{"not_picked":["Prepared","Dagger Throw+1"],"picked":"Deadly Poison","floor":20},{"not_picked":["Accuracy","Terror"],"picked":"Flying Knee+1","floor":22}],"player_experience":133550,"relics_obtained":[{"floor":9,"key":"Matryoshka"},{"floor":14,"key":"Bronze Scales"}],"event_choices":[{"event_name":"Shining Light","player_choice":"Entered Light","floor":2,"damage_taken":0},{"event_name":"Addict","player_choice":"Obtained Relic","floor":19,"damage_taken":0}],"is_beta":false,"boss_relics":[{"not_picked":["Philosopher\u0027s Stone","Ectoplasm"],"picked":"Runic Pyramid"}],"items_purged_floors":[3,21],"is_endless":false,"potions_floor_spawned":[1,5,11,12,18],"killed_by":"Slavers","ascension_level":3}