{"gold_per_floor":[116,41,56,7,26,26,52,68,68,68,68,83,83,83,83,179,179,192,291,241,261,13,13,13,13,13,13,27,27,40,40,40,140,140,158,203,203,203,223,223,256,39,39,39,69,69],"floor_reached":46,"playtime":1670,"items_purged":["Strike_R","Defend_R","Strike_R"],"score":472,"play_id":"8ff66f41-ebd9-4676-84cd-44a04220e26a","local_time":"20180804103142","is_ascension_mode":false,"campfire_choices":[{"data":"Shrug It Off","floor":6,"key":"SMITH"},{"floor":10,"key":"DIG"},{"data":"Strike_R","floor":15,"key":"SMITH"},{"floor":24,"key":"REST"},{"floor":27,"key":"REST"},{"data":"Thunderclap","floor":29,"key":"SMITH"},{"data":"True Grit","floor":32,"key":"SMITH"},{"floor":40,"key":"REST"},{"floor":44,"key":"REST"}],"neow_cost":"NONE","seed_source_timestamp":1265898890684646,"circlet_count":0,"master_deck":["Strike_R","Strike_R+1","Defend_R","Defend_R","Bash","Anger","Spot Weakness","Shrug It Off+1","Iron Wave","Thunderclap+1","Fiend Fire","Cleave+1","Body Slam+1","Writhe","True Grit+1","Madness","Madness","Inflame+1","Pain"],"relics":["Burning Blood","NeowsBlessing","Shovel","Torii","Peace Pipe","Cursed Key","Boot","Enchiridion","Paper Frog","Runic Pyramid","Ice Cream","The Courier","Regal Pillow","Potion Belt","Thread and Needle"],"potions_floor_usage":[7,16,16,30,33,39,39,45],"damage_taken":[{"damage":0,"enemies":"Jaw Worm","floor":1,"turns":1},{"damage":0,"enemies":"Cultist","floor":3,"turns":1},{"damage":3,"enemies":"Small Slimes","floor":5,"turns":2},{"damage":23,"enemies":"Lagavulin","floor":7,"turns":6},{"damage":8,"enemies":"2 Fungi Beasts","floor":8,"turns":3},{"damage":1,"enemies":"Looter","floor":12,"turns":3},{"damage":38,"enemies":"Hexaghost","floor":16,"turns":8},{"damage":27,"enemies":"Shell Parasite","floor":18,"turns":5},{"damage":11,"enemies":"3 Byrds","floor":21,"turns":4},{"damage":24,"enemies":"Sentry and Sphere","floor":28,"turns":4},{"damage":6,"enemies":"Centurion and Healer","floor":30,"turns":4},{"damage":69,"enemies":"Automaton","floor":33,"turns":9},{"damage":15,"enemies":"Orb Walker","floor":35,"turns":2},{"damage":23,"floor":36,"turns":4},{"damage":22,"enemies":"Flame Bruiser 1 Orb","floor":39,"turns":3},{"damage":52,"enemies":"Giant Head","floor":41,"turns":7},{"damage":58,"enemies":"Nemesis","floor":45,"turns":5},{"damage":29,"enemies":"Transient","floor":46,"turns":1}],"seed_played":"2609599733573853701","potions_obtained":[{"floor":1,"key":"EntropicBrew"},{"floor":8,"key":"Energy Potion"},{"floor":21,"key":"AttackPotion"},{"floor":28,"key":"BloodPotion"},{"floor":33,"key":"Explosive Potion"},{"floor":41,"key":"Dexterity Potion"},{"floor":45,"key":"Block Potion"}],"is_trial":false,"path_per_floor":["M","$","M","$","M","R","E","M","T","R","?","M","?","?","R","B",null,"M","?","?","M","$","?","R","?","T","R","M","R","M","?","R","B",null,"M","?","?","?","M","R","E","$","T","R","E"],"character_chosen":"IRONCLAD","items_purchased":["Shrug It Off","Boot","Regal Pillow"],"campfire_rested":4,"item_purchase_floors":[4,22,42],"current_hp_per_floor":[80,80,80,80,80,80,63,61,61,61,61,66,71,71,71,39,85,64,64,64,59,59,43,70,54,54,81,63,63,72,72,72,16,90,81,64,53,53,37,64,18,18,18,60,8,0],"gold":69,"neow_bonus":"THREE_ENEMY_KILL","is_prod":false,"is_daily":false,"chose_seed":false,"campfire_upgraded":4,"win_rate":0.0,"timestamp":1533396702,"path_taken":["M","$","M","$","M","R","E","M","T","R","?","M","?","?","R","BOSS","M","?","?","M","?","?","R","?","T","R","M","R","?","?","R","BOSS","M","?","?","?","M","R","E","?","T","R","E","M"],"build_version":"2018-08-02","purchased_purges":3,"victory":false,"max_hp_per_floor":[80,80,80,80,80,80,80,80,80,80,80,80,85,85,85,85,85,85,85,85,85,85,90,90,90,90,90,90,90,90,90,90,90,90,90,90,90,90,90,90,90,90,90,90,90,90],"card_choices":[{"not_picked":["Dual Wield","Twin Strike"],"picked":"Anger","floor":1},{"not_picked":["Clothesline","True Grit"],"picked":"Spot Weakness","floor":3},{"not_picked":["Power Through","Armaments"],"picked":"Iron Wave","floor":5},{"not_picked":["Blood for Blood","Wild Strike"],"picked":"Thunderclap","floor":7},{"not_picked":["Entrench","Pommel Strike"],"picked":"Fiend Fire","floor":8},{"not_picked":["Searing Blow","Sever Soul"],"picked":"Dropkick","floor":12},{"not_picked":["Thunderclap","Flame Barrier"],"picked":"Cleave+1","floor":18},{"not_picked":["True Grit","Infernal Blade"],"picked":"Body Slam+1","floor":21},{"not_picked":["Dropkick+1","Metallicize"],"picked":"True Grit","floor":28},{"not_picked":["Power Through","Flex","Double Tap"],"picked":"SKIP","floor":30},{"not_picked":["Pommel Strike","Wild Strike+1","Rage+1"],"picked":"SKIP","floor":35},{"not_picked":["Clash","Wild Strike","Carnage+1"],"picked":"SKIP","floor":39},{"not_picked":["Carnage+1","Fiend Fire"],"picked":"Inflame+1","floor":41},{"not_picked":["Pommel Strike","Evolve+1","Rage"],"picked":"SKIP","floor":45}],"player_experience":113280,"relics_obtained":[{"floor":7,"key":"Shovel"},{"floor":9,"key":"Torii"},{"floor":10,"key":"Peace Pipe"},{"floor":25,"key":"Enchiridion"},{"floor":26,"key":"Paper Frog"},{"floor":36,"key":"Ice Cream"},{"floor":41,"key":"The Courier"},{"floor":43,"key":"Potion Belt"},{"floor":45,"key":"Thread and Needle"}],"event_choices":[{"event_name":"Bonfire Elementals","player_choice":"BASIC","floor":11,"damage_taken":0},{"event_name":"Big Fish","player_choice":"Donut","floor":13,"damage_taken":0},{"event_name":"Living Wall","player_choice":"Forget","floor":14,"damage_taken":0},{"event_name":"Nest","player_choice":"Stole From Cult","floor":19,"damage_taken":0},{"event_name":"The Joust","player_choice":"Bet on Owner","floor":20,"damage_taken":0},{"event_name":"Forgotten Altar","player_choice":"Shed Blood","floor":23,"damage_taken":0},{"event_name":"Cursed Tome","player_choice":"Obtained Book","floor":25,"damage_taken":0},{"event_name":"Drug Dealer","player_choice":"Ignored","floor":31,"damage_taken":0},{"event_name":"Mysterious Sphere","player_choice":"Fight","floor":36,"damage_taken":0},{"event_name":"Winding Halls","player_choice":"Embrace Madness","floor":37,"damage_taken":0},{"event_name":"Falling","player_choice":"Removed Attack","floor":38,"damage_taken":0}],"is_beta":false,"boss_relics":[{"not_picked":["Calling Bell","Astrolabe"],"picked":"Cursed Key"},{"not_picked":["Runic Dome","Snecko Eye"],"picked":"Runic Pyramid"}],"items_purged_floors":[2,22,42],"is_endless":false,"potions_floor_spawned":[1,8,12,21,28,33,41,45],"killed_by":"Transient","ascension_level":0}