{"gold_per_floor":[112,112,124,124,45,70,70,104,104,123,134,134,209,227,227,299,299,299,299,299,299,299,299,299,299,299,299,22,22,22,22,22,22,22,22,22,22,22,22,22,22,22,22,22,22,22,22,22,22,22],"floor_reached":50,"playtime":1999,"items_purged":[],"score":1073,"play_id":"d101fd20-04e2-42b2-84dd-fc3916223fb2","local_time":"20190616215041","is_ascension_mode":true,"campfire_choices":[{"data":"Defragment","floor":7.0,"key":"SMITH"},{"data":"Defragment","floor":12.0,"key":"SMITH"},{"floor":15.0,"key":"REST"},{"data":"Self Repair","floor":23.0,"key":"SMITH"},{"data":"Amplify","floor":25.0,"key":"SMITH"},{"floor":27.0,"key":"REST"},{"data":"Electrodynamics","floor":29.0,"key":"SMITH"},{"data":"Coolheaded","floor":32.0,"key":"SMITH"},{"data":"Skim","floor":40.0,"key":"SMITH"},{"data":"Dualcast","floor":42.0,"key":"SMITH"},{"data":"Zap","floor":44.0,"key":"SMITH"},{"data":"Barrage","floor":47.0,"key":"SMITH"},{"data":"Barrage","floor":49.0,"key":"SMITH"}],"neow_cost":"NONE","seed_source_timestamp":322762973809974,"circlet_count":0,"master_deck":["AscendersBane","Strike_B","Strike_B","Strike_B","Defend_B","Defend_B","Zap+1","Dualcast+1","Rebound","Defragment+1","Hologram","Skim+1","Defragment+1","Self Repair+1","Electrodynamics+1","Barrage+1","Core Surge","Amplify+1","Coolheaded+1","White Noise","Echo Form","Go for the Eyes+1","Cold Snap","Barrage+1"],"special_seed":0,"relics":["Cracked Core","NeowsBlessing","Mummified Hand","Dead Branch","Meat on the Bone","Mercury Hourglass","Ectoplasm","Bottled Flame","Happy Flower","Pantograph","Letter Opener","Nuclear Battery","Bottled Lightning","Juzu Bracelet"],"potions_floor_usage":[50],"damage_taken":[{"damage":0.0,"enemies":"Small Slimes","floor":1.0,"turns":1.0},{"damage":0.0,"enemies":"Jaw Worm","floor":3.0,"turns":1.0},{"damage":0.0,"enemies":"Gremlin Nob","floor":6.0,"turns":1.0},{"damage":30.0,"enemies":"3 Sentries","floor":8.0,"turns":8.0},{"damage":3.0,"enemies":"2 Louse","floor":10.0,"turns":2.0},{"damage":13.0,"enemies":"Exordium Thugs","floor":11.0,"turns":4.0},{"damage":11.0,"enemies":"Lots of Slimes","floor":14.0,"turns":3.0},{"damage":36.0,"enemies":"The Guardian","floor":16.0,"turns":8.0},{"damage":2.0,"enemies":"Chosen","floor":18.0,"turns":3.0},{"damage":2.0,"enemies":"Spheric Guardian","floor":19.0,"turns":3.0},{"damage":33.0,"enemies":"Shelled Parasite and Fungi","floor":20.0,"turns":5.0},{"damage":26.0,"enemies":"Centurion and Healer","floor":22.0,"turns":6.0},{"damage":15.0,"enemies":"Slavers","floor":30.0,"turns":3.0},{"damage":9.0,"enemies":"3 Cultists","floor":31.0,"turns":3.0},{"damage":60.0,"enemies":"Champ","floor":33.0,"turns":8.0},{"damage":1.0,"enemies":"3 Shapes","floor":35.0,"turns":3.0},{"damage":3.0,"enemies":"Orb Walker","floor":36.0,"turns":2.0},{"damage":15.0,"enemies":"Transient","floor":38.0,"turns":6.0},{"damage":0.0,"enemies":"Nemesis","floor":41.0,"turns":5.0},{"damage":0.0,"enemies":"Writhing Mass","floor":46.0,"turns":4.0},{"damage":27.0,"enemies":"Maw","floor":48.0,"turns":4.0},{"damage":87,"enemies":"Time Eater","floor":50,"turns":5}],"seed_played":"8635423462316779261","potions_obtained":[{"floor":3.0,"key":"Fruit Juice"},{"floor":8.0,"key":"Poison Potion"},{"floor":10.0,"key":"GamblersBrew"},{"floor":16.0,"key":"SkillPotion"},{"floor":22.0,"key":"Ancient Potion"},{"floor":30.0,"key":"Fire Potion"},{"floor":33.0,"key":"Poison Potion"},{"floor":35.0,"key":"EssenceOfSteel"}],"is_trial":false,"path_per_floor":["M","?","M","T","$","E","R","E","T","M","M","R","?","M","R","B",null,"M","M","M","?","M","R","T","R","T","R","$","R","E","M","R","B",null,"M","M","?","M","$","R","E","R","T","R","$","M","R","M","R","B"],"character_chosen":"DEFECT","items_purchased":["Defragment","Pantograph"],"campfire_rested":2,"item_purchase_floors":[5,28],"current_hp_per_floor":[64,57,62,62,62,62,62,32,32,41,40,40,29,30,52,35,66,64,69,48,48,48,48,48,48,48,70,70,70,55,66,66,38,67,66,63,63,58,58,58,68,68,68,68,68,76,76,59,59,0],"gold":22,"neow_bonus":"THREE_ENEMY_KILL","is_prod":false,"is_daily":false,"chose_seed":false,"campfire_upgraded":11,"win_rate":0,"timestamp":1560693041,"path_taken":["M","?","M","?","?","E","R","E","T","M","M","R","?","M","R","BOSS","M","M","M","?","M","R","?","R","T","R","$","R","E","M","R","BOSS","M","M","?","M","$","R","E","R","T","R","$","M","R","M","R","BOSS"],"build_version":"2019-01-23","purchased_purges":0,"victory":false,"max_hp_per_floor":[71,71,76,76,76,76,76,76,76,76,76,76,76,76,76,76,76,76,76,76,76,76,76,76,76,76,76,76,76,76,76,76,76,76,76,76,76,76,76,76,76,76,76,76,76,76,76,76,76,76],"card_choices":[{"not_picked":["Redo","Compile Driver","Beam Cell"],"picked":"SKIP","floor":1.0},{"not_picked":["Beam Cell","Tempest"],"picked":"Rebound","floor":3.0},{"not_picked":["Darkness","Redo"],"picked":"Hologram","floor":6.0},{"not_picked":["Rip and Tear","FTL"],"picked":"Skim","floor":8.0},{"not_picked":["Aggregate","Leap","Redo"],"picked":"SKIP","floor":10.0},{"not_picked":["Leap","Hello World"],"picked":"Defragment","floor":11.0},{"not_picked":["Barrage","Tempest"],"picked":"Self Repair","floor":14.0},{"not_picked":["Amplify","Machine Learning"],"picked":"Electrodynamics","floor":16.0},{"not_picked":["Rebound","Compile Driver","BootSequence"],"picked":"SKIP","floor":18.0},{"not_picked":["Leap","Fission","Sunder"],"picked":"SKIP","floor":19.0},{"not_picked":["Leap","Steam"],"picked":"Barrage","floor":20.0},{"not_picked":["Conserve Battery","Beam Cell+1","Compile Driver"],"picked":"SKIP","floor":22.0},{"not_picked":["Electrodynamics","Sweeping Beam"],"picked":"Coolheaded","floor":30.0},{"not_picked":["Chaos","BootSequence"],"picked":"White Noise","floor":31.0},{"not_picked":["Multi-Cast","All For One"],"picked":"Echo Form","floor":33.0},{"not_picked":["Chaos","Redo"],"picked":"Go for the Eyes+1","floor":35.0},{"not_picked":["Go for the Eyes","Beam Cell","Steam"],"picked":"SKIP","floor":36.0},{"not_picked":["Steam Power","FTL+1"],"picked":"Cold Snap","floor":38.0},{"not_picked":["Core Surge","Sunder"],"picked":"Barrage","floor":41.0},{"not_picked":["Turbo","Compile Driver","Ball Lightning+1"],"picked":"SKIP","floor":46.0},{"not_picked":["Compile Driver+1","Rebound","Barrage"],"picked":"SKIP","floor":48.0}],"player_experience":706110,"relics_obtained":[{"floor":4.0,"key":"Mummified Hand"},{"floor":6.0,"key":"Dead Branch"},{"floor":8.0,"key":"Meat on the Bone"},{"floor":9.0,"key":"Mercury Hourglass"},{"floor":24.0,"key":"Bottled Flame"},{"floor":26.0,"key":"Happy Flower"},{"floor":30.0,"key":"Letter Opener"},{"floor":41.0,"key":"Bottled Lightning"},{"floor":43.0,"key":"Juzu Bracelet"}],"event_choices":[{"cards_removed":["Defend_B"],"damage_healed":0.0,"max_hp_gain":0.0,"max_hp_loss":0.0,"gold_gain":0.0,"event_name":"Golden Wing","player_choice":"Card Removal","floor":2.0,"gold_loss":0.0,"damage_taken":7.0},{"damage_healed":0.0,"max_hp_gain":0.0,"max_hp_loss":0.0,"gold_gain":75.0,"event_name":"World of Goop","player_choice":"Gather Gold","floor":13.0,"gold_loss":0.0,"damage_taken":11.0},{"damage_healed":0.0,"max_hp_gain":0.0,"max_hp_loss":0.0,"gold_gain":0.0,"cards_transformed":["Strike_B","Defend_B"],"event_name":"Drug Dealer","player_choice":"Became Test Subject","floor":21.0,"gold_loss":0.0,"damage_taken":0.0,"cards_obtained":["Core Surge","Amplify"]},{"damage_healed":0.0,"max_hp_gain":0.0,"max_hp_loss":0.0,"gold_gain":50.0,"event_name":"Golden Shrine","player_choice":"Pray","floor":37.0,"gold_loss":0.0,"damage_taken":0.0}],"is_beta":false,"boss_relics":[{"not_picked":["Fusion Hammer","Cursed Key"],"picked":"Ectoplasm"},{"not_picked":["Velvet Choker","Tiny House"],"picked":"Nuclear Battery"}],"items_purged_floors":[],"is_endless":false,"potions_floor_spawned":[3,8,10,16,22,30,33,35,38],"killed_by":"Time Eater","ascension_level":19}