{"gold_per_floor":[111,186,37,52,1,1,21,21,101,124,94,94,119,135,135,265,265,285,285,325,341,440,440,440,440,467,467,296,366,390,408,408,408],"floor_reached":33,"playtime":1172,"items_purged":["Strike_G","Strike_G"],"score":282,"play_id":"ffbddd97-7fce-42ff-bd76-d23fe7a16c93","local_time":"20180723161753","is_ascension_mode":false,"campfire_choices":[{"data":"Noxious Fumes","floor":6,"key":"SMITH"},{"data":"Poisoned Stab","floor":12,"key":"SMITH"},{"floor":15,"key":"REST"},{"floor":23,"key":"REST"},{"floor":25,"key":"REST"},{"floor":27,"key":"REST"},{"floor":32,"key":"REST"}],"neow_cost":"CURSE","seed_source_timestamp":250386411396919,"circlet_count":0,"master_deck":["Defend_G","Defend_G","Defend_G","Defend_G","Defend_G","Strike_G+1","Strike_G+1","Survivor","Neutralize","Parasite","Flying Knee","Noxious Fumes+1","Deadly Poison","Slice","Bane","Injury","Poisoned Stab+1","Backflip","Malaise","Noxious Fumes","Caltrops+1","Bane+1","Slice+1"],"relics":["Ring of the Snake","Golden Idol","Matryoshka","Sozu","Red Mask","Mercury Hourglass","Whetstone","Tiny Chest"],"potions_floor_usage":[12,13,24],"damage_taken":[{"damage":3,"enemies":"Jaw Worm","floor":1,"turns":6},{"damage":1,"enemies":"Cultist","floor":4,"turns":4},{"damage":0,"enemies":"Small Slimes","floor":7,"turns":4},{"damage":7,"enemies":"Blue Slaver","floor":10,"turns":4},{"damage":9,"enemies":"3 Louse","floor":13,"turns":2},{"damage":11,"enemies":"Exordium Thugs","floor":14,"turns":4},{"damage":38,"enemies":"Hexaghost","floor":16,"turns":8},{"damage":15,"enemies":"3 Byrds","floor":18,"turns":5},{"damage":49,"floor":20,"turns":5},{"damage":19,"enemies":"Chosen","floor":21,"turns":5},{"damage":11,"enemies":"Slaver and Parasite","floor":24,"turns":3},{"damage":36,"enemies":"Slavers","floor":29,"turns":5},{"damage":26,"enemies":"Cultist and Chosen","floor":30,"turns":5},{"damage":9,"enemies":"Centurion and Healer","floor":31,"turns":6},{"damage":48,"enemies":"Automaton","floor":33,"turns":6}],"seed_played":"-4590489142999486157","potions_obtained":[{"floor":7,"key":"Explosive Potion"},{"floor":11,"key":"Fruit Juice"},{"floor":11,"key":"SmokeBomb"}],"is_trial":false,"path_per_floor":["M","?","$","M","$","R","M","?","T","M","?","R","M","M","R","B",null,"M","?","?","M","?","R","M","R","T","R","$","E","M","M","R"],"character_chosen":"THE_SILENT","items_purchased":["Noxious Fumes","Slice","Noxious Fumes"],"campfire_rested":5,"item_purchase_floors":[3,5,28],"current_hp_per_floor":[81,70,70,69,69,69,69,69,69,62,62,67,58,47,73,35,89,74,74,25,6,6,32,21,47,47,73,73,37,11,2,28,0],"gold":408,"neow_bonus":"TWENTY_PERCENT_HP_BONUS","is_prod":false,"is_daily":false,"chose_seed":false,"campfire_upgraded":2,"win_rate":0.0,"timestamp":1532380673,"path_taken":["M","?","$","M","$","R","M","?","T","M","?","R","M","M","R","BOSS","M","?","?","?","?","R","?","R","T","R","?","E","M","M","R","BOSS"],"build_version":"2018-07-19v2","purchased_purges":2,"victory":false,"max_hp_per_floor":[84,84,84,84,84,84,84,84,84,84,84,89,89,89,89,89,89,89,89,89,89,89,89,89,89,89,89,89,89,89,89,89,89],"card_choices":[{"not_picked":["Underhanded Strike","Dodge and Roll"],"picked":"Flying Knee","floor":1},{"not_picked":["Backflip","Phantasmal Killer"],"picked":"Deadly Poison","floor":4},{"not_picked":["Riddle With Holes","Deflect"],"picked":"Bane","floor":7},{"not_picked":["Prepared","Sucker Punch"],"picked":"Poisoned Stab","floor":10},{"not_picked":["Flechettes","Underhanded Strike"],"picked":"Backflip","floor":13},{"not_picked":["Dagger Spray","Backflip","Dodge and Roll"],"picked":"SKIP","floor":14},{"not_picked":["Phantasmal Killer","Wraith Form v2"],"picked":"Malaise","floor":16},{"not_picked":["PiercingWail","Outmaneuver","Cloak And Dagger"],"picked":"SKIP","floor":18},{"not_picked":["Quick Slash","PiercingWail","Flechettes"],"picked":"SKIP","floor":21},{"not_picked":["Terror+1","Malaise"],"picked":"Caltrops+1","floor":29},{"not_picked":["Footwork","Backstab+1"],"picked":"Bane+1","floor":30},{"not_picked":["Sucker Punch","Concentrate"],"picked":"Slice+1","floor":31}],"player_experience":72311,"relics_obtained":[{"floor":9,"key":"Matryoshka"},{"floor":20,"key":"Red Mask"},{"floor":26,"key":"Mercury Hourglass"},{"floor":26,"key":"Whetstone"},{"floor":29,"key":"Tiny Chest"}],"event_choices":[{"event_name":"World of Goop","player_choice":"Gather Gold","floor":2,"damage_taken":0},{"event_name":"Golden Idol","player_choice":"Take Wound","floor":8,"damage_taken":0},{"event_name":"The Woman in Blue","player_choice":"Bought 2 Potions","floor":11,"damage_taken":0},{"event_name":"Purifier","player_choice":"One Purge","floor":19,"damage_taken":0},{"event_name":"Masked Bandits","player_choice":"Fought over 285 gold","floor":20,"damage_taken":0},{"event_name":"Nest","player_choice":"Stole From Cult","floor":22,"damage_taken":0}],"is_beta":false,"boss_relics":[{"not_picked":["Black Star","Ectoplasm"],"picked":"Sozu"}],"items_purged_floors":[3,28],"is_endless":false,"potions_floor_spawned":[7,24,30,31],"killed_by":"Automaton","ascension_level":0}