{"gold_per_floor":[111,43,43,63,82,82,108,108,108,58,75,75,88,121,121,121],"floor_reached":16,"playtime":488,"items_purged":[],"score":127,"play_id":"e1ce2371-b962-42a0-bf59-bcc2971e234f","local_time":"20180811183250","is_ascension_mode":true,"campfire_choices":[{"data":"Catalyst","floor":6,"key":"SMITH"},{"floor":8,"key":"REST"},{"data":"Noxious Fumes","floor":12,"key":"SMITH"},{"floor":15,"key":"REST"}],"neow_cost":"NONE","seed_source_timestamp":0,"circlet_count":0,"master_deck":["Defend_G","Defend_G","Defend_G","Defend_G","Strike_G+1","Strike_G","Strike_G","Strike_G","Strike_G","Survivor","Neutralize+1","Noxious Fumes+1","Catalyst+1","Deadly Poison","Dash","Slice"],"special_seed":0,"relics":["Ring of the Snake","Question Card","Pen Nib","Whetstone"],"potions_floor_usage":[4,7,7,14,16],"damage_taken":[{"damage":1.0,"enemies":"Small Slimes","floor":1.0,"turns":4.0},{"damage":1,"enemies":"Cultist","floor":4,"turns":5},{"damage":12,"enemies":"2 Louse","floor":5,"turns":3},{"damage":19,"enemies":"3 Sentries","floor":7,"turns":6},{"damage":10,"enemies":"2 Fungi Beasts","floor":11,"turns":4},{"damage":25,"enemies":"Exordium Thugs","floor":13,"turns":4},{"damage":20,"enemies":"Gremlin Nob","floor":14,"turns":4},{"damage":42,"enemies":"Slime Boss","floor":16,"turns":8}],"seed_played":"-3957006339472848287","potions_obtained":[{"floor":0.0,"key":"Fruit Juice"},{"floor":0.0,"key":"GamblersBrew"},{"floor":0.0,"key":"LiquidBronze"},{"floor":3,"key":"Fruit Juice"},{"floor":3,"key":"AttackPotion"},{"floor":7,"key":"SteroidPotion"},{"floor":13,"key":"Dexterity Potion"}],"is_trial":false,"path_per_floor":["M","$","?","M","M","R","E","R","T","?","M","R","M","E","R"],"character_chosen":"THE_SILENT","items_purchased":["Catalyst"],"campfire_rested":2,"item_purchase_floors":[2],"current_hp_per_floor":[74,74,74,78,66,66,47,71,71,71,61,61,36,16,40,0],"gold":121,"neow_bonus":"THREE_SMALL_POTIONS","is_prod":false,"is_daily":false,"chose_seed":false,"campfire_upgraded":2,"win_rate":0,"timestamp":1534030370,"path_taken":["M","$","?","M","M","R","E","R","T","?","M","R","M","E","R","BOSS"],"build_version":"2018-08-09","purchased_purges":0,"victory":false,"max_hp_per_floor":[75,75,75,80,80,80,80,80,80,80,80,80,80,80,80,80],"card_choices":[{"not_picked":["Distraction","Acrobatics"],"picked":"Noxious Fumes","floor":1.0},{"not_picked":["Flechettes","Concentrate","Skewer"],"picked":"SKIP","floor":4},{"not_picked":["Flechettes","Cloak And Dagger"],"picked":"Deadly Poison","floor":5},{"not_picked":["Deflect","Skewer"],"picked":"Dash","floor":7},{"not_picked":["Setup","Flying Knee","Escape Plan"],"picked":"Slice","floor":11},{"not_picked":["Sucker Punch","Unload","Outmaneuver","PiercingWail"],"picked":"SKIP","floor":13},{"not_picked":["Slice","Finisher","Sucker Punch","Expertise"],"picked":"SKIP","floor":14}],"player_experience":137670,"relics_obtained":[{"floor":7,"key":"Question Card"},{"floor":9,"key":"Pen Nib"},{"floor":14,"key":"Whetstone"}],"event_choices":[{"event_name":"The Lab","player_choice":"Got Potions","floor":3,"damage_taken":0},{"event_name":"The Cleric","player_choice":"Card Removal","floor":10,"damage_taken":0}],"is_beta":false,"boss_relics":[],"items_purged_floors":[],"is_endless":false,"potions_floor_spawned":[7,13],"killed_by":"Slime Boss","ascension_level":3}