{"gold_per_floor":[114,12,27,42,57,57,57,82,132,162,162,162,162,181,181,181],"floor_reached":16,"playtime":1220,"items_purged":["Night Terror"],"score":125,"play_id":"f6bc5c91-6005-4465-8885-2a059f9d39d1","local_time":"20180729091755","daily_mods":["Specialized","Cursed Run","Binary"],"is_ascension_mode":false,"campfire_choices":[{"floor":6,"key":"REST"},{"floor":11,"key":"REST"},{"floor":13,"key":"REST"},{"data":"Backflip","floor":15,"key":"SMITH"}],"neow_cost":"","seed_source_timestamp":0,"circlet_count":0,"master_deck":["Defend_G","Defend_G","Defend_G","Defend_G","Defend_G","Strike_G","Strike_G","Strike_G","Strike_G","Strike_G","Survivor","Neutralize","Night Terror","Night Terror","Night Terror","Well Laid Plans","Deflect","Deflect","Flying Knee","Decay","Writhe","Flying Knee","Injury","Backflip+1"],"special_seed":17741,"relics":["Cursed Key","Darkstone Periapt","Du-Vu Doll","Ancient Tea Set","Bag of Marbles","Juzu Bracelet","Golden Idol"],"potions_floor_usage":[5,10,16],"damage_taken":[{"damage":10,"enemies":"Cultist","floor":1,"turns":6},{"damage":2,"enemies":"Jaw Worm","floor":3,"turns":7},{"damage":11,"enemies":"Small Slimes","floor":4,"turns":4},{"damage":19,"enemies":"3 Louse","floor":5,"turns":7},{"damage":29,"enemies":"Gremlin Nob","floor":10,"turns":5},{"damage":10,"enemies":"Blue Slaver","floor":14,"turns":3},{"damage":82,"enemies":"Slime Boss","floor":16,"turns":8}],"seed_played":"3633398992768724987","potions_obtained":[{"floor":1,"key":"Strength Potion"},{"floor":3,"key":"PowerPotion"},{"floor":14,"key":"Dexterity Potion"}],"is_trial":false,"path_per_floor":["M","$","M","M","M","R","?","T","T","E","R","?","R","M","R"],"character_chosen":"THE_SILENT","items_purchased":["Deflect"],"campfire_rested":3,"item_purchase_floors":[2],"current_hp_per_floor":[60,60,58,47,28,49,42,48,54,25,49,55,81,71,71,0],"gold":181,"neow_bonus":"","is_prod":false,"is_daily":true,"chose_seed":false,"campfire_upgraded":1,"win_rate":0,"timestamp":1532873875,"path_taken":["M","?","?","M","M","R","?","?","T","E","R","?","R","M","R","BOSS"],"build_version":"2018-07-26","purchased_purges":1,"victory":false,"max_hp_per_floor":[70,70,70,70,70,70,70,76,82,82,82,88,88,88,88,88],"card_choices":[{"not_picked":["Concentrate"],"picked":"Well Laid Plans","floor":1},{"not_picked":["Acrobatics"],"picked":"Deflect","floor":3},{"not_picked":["Calculated Gamble","Masterful Stab"],"picked":"SKIP","floor":4},{"not_picked":["Cloak And Dagger"],"picked":"Flying Knee","floor":5},{"not_picked":["Well Laid Plans"],"picked":"Flying Knee","floor":10},{"not_picked":["Cloak And Dagger"],"picked":"Backflip","floor":14}],"player_experience":89104,"relics_obtained":[{"floor":8,"key":"Ancient Tea Set"},{"floor":9,"key":"Bag of Marbles"},{"floor":10,"key":"Juzu Bracelet"}],"event_choices":[{"event_name":"Golden Wing","player_choice":"Card Removal","floor":7,"damage_taken":0},{"event_name":"Golden Idol","player_choice":"Take Wound","floor":12,"damage_taken":0}],"is_beta":false,"boss_relics":[],"items_purged_floors":[2],"is_endless":false,"potions_floor_spawned":[1,3,14],"killed_by":"Slime Boss","ascension_level":0}