{"gold_per_floor":[119,69,81,99,119,145,145,156,179,179,104,179,6,24,24,129,129,147,147,246,260,82,100,100,117,144,163,174,174,89,89,89,89],"floor_reached":33,"playtime":1087,"items_purged":["Strike_G","Defend_G","Strike_G"],"score":249,"play_id":"a8bced05-8fd0-4ef5-a885-4d944ec6f91b","local_time":"20180725120136","is_ascension_mode":false,"campfire_choices":[{"floor":7,"key":"REST"},{"data":"Bouncing Flask","floor":10,"key":"SMITH"},{"floor":15,"key":"REST"},{"floor":24,"key":"REST"},{"floor":29,"key":"REST"},{"data":"Noxious Fumes","floor":32,"key":"SMITH"}],"neow_cost":"NONE","seed_source_timestamp":407891823569373,"circlet_count":0,"master_deck":["Defend_G","Defend_G","Defend_G","Defend_G","Strike_G","Survivor","Neutralize","Bouncing Flask+1","Slice","Deadly Poison","Bane","Terror","Noxious Fumes+1","Corpse Explosion","Deflect","Slice","Poisoned Stab","Backflip+1","Crippling Poison","Caltrops"],"relics":["Ring of the Snake","Blood Vial","Art of War","Philosopher\u0027s Stone","Centennial Puzzle","Lantern","Nilry\u0027s Codex"],"potions_floor_usage":[6,6,16,18,23,23,27,33,33],"damage_taken":[{"damage":0,"enemies":"2 Louse","floor":1,"turns":4},{"damage":5,"enemies":"Jaw Worm","floor":3,"turns":3},{"damage":6,"enemies":"Cultist","floor":4,"turns":3},{"damage":3,"enemies":"Red Slaver","floor":5,"turns":3},{"damage":18,"enemies":"Gremlin Nob","floor":6,"turns":3},{"damage":20,"enemies":"3 Louse","floor":8,"turns":3},{"damage":2,"enemies":"Looter","floor":14,"turns":3},{"damage":30,"enemies":"Slime Boss","floor":16,"turns":9},{"damage":11,"enemies":"2 Thieves","floor":18,"turns":3},{"damage":13,"enemies":"Shell Parasite","floor":21,"turns":5},{"damage":16,"enemies":"Sentry and Sphere","floor":23,"turns":5},{"damage":22,"enemies":"Snake Plant","floor":25,"turns":3},{"damage":5,"enemies":"Snecko","floor":27,"turns":4},{"damage":0,"enemies":"3 Cultists","floor":28,"turns":2},{"damage":63,"enemies":"Automaton","floor":33,"turns":6}],"seed_played":"6891749252260564398","potions_obtained":[{"floor":1,"key":"SpeedPotion"},{"floor":4,"key":"SteroidPotion"},{"floor":5,"key":"Poison Potion"},{"floor":6,"key":"LiquidBronze"},{"floor":16,"key":"GhostInAJar"},{"floor":21,"key":"SkillPotion"},{"floor":25,"key":"LiquidBronze"},{"floor":27,"key":"GamblersBrew"},{"floor":28,"key":"Explosive Potion"}],"is_trial":false,"path_per_floor":["M","?","M","M","M","E","R","M","T","R","$","?","$","M","R","B",null,"M","?","?","M","$","M","R","M","T","M","M","R","?","?","R"],"character_chosen":"THE_SILENT","items_purchased":["Noxious Fumes","Poisoned Stab"],"campfire_rested":4,"item_purchase_floors":[13,22],"current_hp_per_floor":[77,77,72,66,63,45,68,50,50,50,50,39,39,39,62,34,77,66,66,66,55,55,41,64,44,44,41,43,66,66,50,50,0],"gold":89,"neow_bonus":"TEN_PERCENT_HP_BONUS","is_prod":false,"is_daily":false,"chose_seed":false,"campfire_upgraded":2,"win_rate":0.0,"timestamp":1532538096,"path_taken":["M","?","M","?","M","E","R","M","T","R","$","?","$","M","R","BOSS","M","?","?","?","$","M","R","M","T","M","M","R","?","?","R","BOSS"],"build_version":"2018-07-19v2","purchased_purges":3,"victory":false,"max_hp_per_floor":[77,77,77,77,77,77,77,77,77,77,77,77,77,77,77,77,77,77,77,77,77,77,77,77,77,77,77,77,77,77,77,77,77],"card_choices":[{"not_picked":["PiercingWail","Masterful Stab"],"picked":"Bouncing Flask","floor":1},{"not_picked":["Acrobatics","PiercingWail"],"picked":"Slice","floor":3},{"not_picked":["Dodge and Roll","Concentrate"],"picked":"Deadly Poison","floor":4},{"not_picked":["Tactician","Deflect"],"picked":"Bane","floor":5},{"not_picked":["Finisher","Quick Slash"],"picked":"Terror","floor":6},{"not_picked":["Dash","Masterful Stab","Dagger Throw"],"picked":"SKIP","floor":8},{"not_picked":["Dodge and Roll","Dagger Throw","Expertise"],"picked":"SKIP","floor":14},{"not_picked":["Burst","Venomology"],"picked":"Corpse Explosion","floor":16},{"not_picked":["Underhanded Strike","Dagger Spray+1"],"picked":"Deflect","floor":18},{"not_picked":["Flying Knee","Reflex+1"],"picked":"Slice","floor":21},{"not_picked":["Quick Slash","Dash+1"],"picked":"Backflip+1","floor":23},{"not_picked":["Prepared","Outmaneuver","Flying Knee"],"picked":"SKIP","floor":25},{"not_picked":["Leg Sweep","Grand Finale"],"picked":"Crippling Poison","floor":27},{"not_picked":["Dash","Flechettes"],"picked":"Caltrops","floor":28}],"player_experience":75550,"relics_obtained":[{"floor":6,"key":"Blood Vial"},{"floor":9,"key":"Art of War"},{"floor":26,"key":"Centennial Puzzle"},{"floor":31,"key":"Nilry\u0027s Codex"}],"event_choices":[{"event_name":"The Cleric","player_choice":"Card Removal","floor":2,"damage_taken":0},{"event_name":"World of Goop","player_choice":"Gather Gold","floor":12,"damage_taken":0},{"event_name":"Purifier","player_choice":"One Purge","floor":19,"damage_taken":0},{"event_name":"Nest","player_choice":"Stole From Cult","floor":20,"damage_taken":0},{"event_name":"Addict","player_choice":"Obtained Relic","floor":30,"damage_taken":0},{"event_name":"Cursed Tome","player_choice":"Obtained Book","floor":31,"damage_taken":0}],"is_beta":false,"boss_relics":[{"not_picked":["Black Star","White Beast Statue"],"picked":"Philosopher\u0027s Stone"}],"items_purged_floors":[11,13,22],"is_endless":false,"potions_floor_spawned":[1,4,5,6,16,21,25,27,28],"killed_by":"Automaton","ascension_level":0}