{"gold_per_floor":[113,39,54,54,71,71,71,71,95,20,20,34,34,49,49,144,144,160,173,173,5,5,5,30,120,120,131,3,3,3,19,19,19],"floor_reached":33,"playtime":2211,"items_purged":["Defend_G","Strike_G"],"score":233,"play_id":"8f0367e9-17df-4c79-bb32-431018ca6b06","local_time":"20180708145819","is_ascension_mode":false,"campfire_choices":[{"data":"Caltrops","floor":6,"key":"SMITH"},{"data":"Deflect","floor":8,"key":"SMITH"},{"data":"Terror","floor":13,"key":"SMITH"},{"data":"Bane","floor":15,"key":"SMITH"},{"floor":23,"key":"REST"},{"floor":30,"key":"REST"},{"floor":32,"key":"REST"}],"neow_cost":"NONE","seed_source_timestamp":2448565903228,"circlet_count":0,"master_deck":["Defend_G","Defend_G","Defend_G","Strike_G","Strike_G","Strike_G","Survivor","Neutralize","Deflect+1","Backflip","Bane+1","Caltrops+1","Terror+1","Flying Knee","Adrenaline","Bouncing Flask+1","Dodge and Roll","Bullet Time","Envenom","Jack Of All Trades","Crippling Poison+1","Noxious Fumes","Poisoned Stab","Skewer","Dagger Spray","Quick Slash","Skewer+1"],"relics":["Lizard Tail","Anchor","Potion Belt","Black Star","Dream Catcher","Vajra"],"potions_floor_usage":[],"damage_taken":[{"damage":0,"enemies":"2 Louse","floor":1,"turns":3},{"damage":2,"enemies":"Small Slimes","floor":3,"turns":5},{"damage":0,"enemies":"Jaw Worm","floor":5,"turns":5},{"damage":5,"enemies":"3 Louse","floor":12,"turns":3},{"damage":5,"enemies":"Exordium Thugs","floor":14,"turns":5},{"damage":91,"enemies":"Slime Boss","floor":16,"turns":15},{"damage":32,"enemies":"Spheric Guardian","floor":18,"turns":5},{"damage":0,"enemies":"Shell Parasite","floor":19,"turns":3},{"damage":0,"enemies":"Centurion and Healer","floor":27,"turns":5},{"damage":15,"enemies":"Snake Plant","floor":31,"turns":4},{"damage":102,"enemies":"Automaton","floor":33,"turns":6}],"seed_played":"3535822955566457890","potions_obtained":[{"floor":3,"key":"GhostInAJar"},{"floor":18,"key":"SkillPotion"},{"floor":27,"key":"GamblersBrew"}],"is_trial":false,"path_per_floor":["M","$","M","?","M","R","?","R","T","$","?","M","R","M","R","B",null,"M","M","?","$","?","R","T","?","T","M","$","?","R","M","R"],"character_chosen":"THE_SILENT","items_purchased":["Backflip","Bane","Bullet Time","Noxious Fumes","Poisoned Stab"],"campfire_rested":3,"item_purchase_floors":[2,2,21,28,28],"current_hp_per_floor":[70,70,68,65,65,65,70,70,70,70,63,58,58,53,53,4,75,43,43,43,43,43,65,65,44,44,44,44,44,66,51,73,0],"gold":19,"neow_bonus":"BOSS_RELIC","is_prod":false,"is_daily":false,"chose_seed":false,"campfire_upgraded":4,"win_rate":0.0,"timestamp":1531079899,"path_taken":["M","$","M","?","M","R","?","R","T","?","?","M","R","M","R","BOSS","M","M","?","$","?","R","?","?","T","?","$","?","R","?","R","BOSS"],"build_version":"2018-07-05","purchased_purges":2,"victory":false,"max_hp_per_floor":[70,70,70,70,70,70,75,75,75,75,75,75,75,75,75,75,75,75,75,75,75,75,75,75,75,75,75,75,75,75,75,75,75],"card_choices":[{"not_picked":["Dodge and Roll","Sucker Punch"],"picked":"Deflect","floor":1},{"not_picked":["Flying Knee","Outmaneuver"],"picked":"Caltrops","floor":3},{"not_picked":["Prepared","Dash"],"picked":"Terror","floor":5},{"not_picked":["Riddle With Holes","Acrobatics","Heel Hook"],"picked":"SKIP","floor":12},{"not_picked":["Dagger Throw","Doppelganger"],"picked":"Flying Knee","floor":14},{"not_picked":["Envenom","Burst"],"picked":"Adrenaline","floor":16},{"not_picked":["Prepared","Eviscerate+1"],"picked":"Bouncing Flask+1","floor":18},{"not_picked":["PiercingWail+1","Bane"],"picked":"Dodge and Roll","floor":19},{"not_picked":["Flying Knee","Footwork"],"picked":"Crippling Poison+1","floor":27},{"not_picked":["PiercingWail","Flying Knee"],"picked":"Dagger Spray","floor":30},{"not_picked":["Flechettes","Dodge and Roll"],"picked":"Quick Slash","floor":31},{"not_picked":["Venomology","Prepared"],"picked":"Skewer+1","floor":32}],"player_experience":16448,"relics_obtained":[{"floor":9,"key":"Potion Belt"},{"floor":24,"key":"Dream Catcher"},{"floor":26,"key":"Vajra"}],"event_choices":[{"event_name":"Scrap Ooze","player_choice":"success","floor":4,"damage_taken":3},{"event_name":"Big Fish","player_choice":"Donut","floor":7,"damage_taken":0},{"event_name":"Golden Wing","player_choice":"Card Removal","floor":11,"damage_taken":0},{"event_name":"Ghosts","player_choice":"Ignored","floor":20,"damage_taken":0},{"event_name":"Transmorgrifier","player_choice":"Transform","floor":22,"damage_taken":0},{"event_name":"Knowing Skull","player_choice":"GOLD CARD ","floor":25,"damage_taken":0},{"event_name":"The Library","player_choice":"Read","floor":29,"damage_taken":0}],"boss_relics":[{"not_picked":["Snecko Eye","Ectoplasm"],"picked":"Black Star"}],"items_purged_floors":[10,21],"is_endless":false,"potions_floor_spawned":[3,18,27],"killed_by":"Automaton","ascension_level":0}