{"gold_per_floor":[115,115,65,82,93,93,123,134,179,179,35,35,35,49,49,149,149,160,60,60,79,9,38,38,49,74,101,101,101,101,115,115,115],"floor_reached":33,"playtime":1108,"items_purged":["Defend_G","Defend_G"],"score":311,"play_id":"86f5709b-31aa-42b5-ae43-6e6bb4024787","local_time":"20180807163240","is_ascension_mode":true,"campfire_choices":[{"data":"Noxious Fumes","floor":6.0,"key":"SMITH"},{"floor":15.0,"key":"REST"},{"floor":24,"key":"REST"},{"floor":30,"key":"REST"},{"floor":32,"key":"REST"}],"neow_cost":"NONE","seed_source_timestamp":0,"circlet_count":0,"master_deck":["Defend_G","Defend_G","Defend_G","Strike_G","Strike_G","Strike_G","Survivor","Neutralize","Noxious Fumes+1","Catalyst+1","Corpse Explosion","Catalyst","Deadly Poison","Burst","Bane","Backflip+1","Caltrops","Leg Sweep+1"],"special_seed":0,"relics":["Ring of the Snake","NeowsBlessing","Letter Opener","Juzu Bracelet","Bag of Preparation","Lizard Tail","Pen Nib","Bag of Marbles","Strawberry"],"potions_floor_usage":[21,25,27,31,33,33],"damage_taken":[{"damage":0.0,"enemies":"2 Louse","floor":1.0,"turns":1.0},{"damage":0.0,"enemies":"Cultist","floor":4.0,"turns":1.0},{"damage":0.0,"enemies":"Jaw Worm","floor":5.0,"turns":1.0},{"damage":33.0,"enemies":"Gremlin Nob","floor":7.0,"turns":5.0},{"damage":9.0,"enemies":"2 Fungi Beasts","floor":8.0,"turns":3.0},{"damage":1.0,"enemies":"Large Slime","floor":14.0,"turns":4.0},{"damage":53.0,"enemies":"Slime Boss","floor":16.0,"turns":10.0},{"damage":0.0,"enemies":"3 Byrds","floor":18.0,"turns":2.0},{"damage":31,"enemies":"Chosen","floor":21,"turns":5},{"damage":38,"enemies":"Gremlin Leader","floor":23,"turns":6},{"damage":8,"enemies":"Snecko","floor":25,"turns":5},{"damage":44,"enemies":"Slavers","floor":27,"turns":3},{"damage":26,"enemies":"Slaver and Parasite","floor":31,"turns":4},{"damage":50,"enemies":"Automaton","floor":33,"turns":6}],"seed_played":"-5640810848050901761","potions_obtained":[{"floor":1.0,"key":"Regen Potion"},{"floor":4.0,"key":"AttackPotion"},{"floor":10.0,"key":"PowerPotion"},{"floor":10.0,"key":"Ancient Potion"},{"floor":10.0,"key":"FairyPotion"},{"floor":14.0,"key":"SteroidPotion"},{"floor":16.0,"key":"Swift Potion"},{"floor":18.0,"key":"Ancient Potion"},{"floor":21,"key":"SteroidPotion"},{"floor":25,"key":"LiquidBronze"},{"floor":27,"key":"Dexterity Potion"},{"floor":31,"key":"Explosive Potion"}],"is_trial":false,"path_per_floor":["M","?","?","M","M","R","E","M","T","?","$","?","?","M","R","B",null,"M","$","?","M","$","E","R","M","T","E","?","?","R","M","R"],"character_chosen":"THE_SILENT","items_purchased":["Catalyst","Caltrops"],"campfire_rested":4,"item_purchase_floors":[11,22],"current_hp_per_floor":[70,67,67,67,67,67,44,35,35,35,35,28,28,27,48,7,70,70,70,70,39,39,1,22,14,14,18,18,18,41,15,38,0],"gold":115,"neow_bonus":"THREE_ENEMY_KILL","is_prod":false,"is_daily":false,"chose_seed":false,"campfire_upgraded":1,"win_rate":0,"timestamp":1533677560,"path_taken":["M","?","?","M","M","R","E","M","T","?","$","?","?","M","R","BOSS","M","$","?","M","?","E","R","M","T","E","?","?","R","M","R","BOSS"],"build_version":"2018-08-02","purchased_purges":2,"victory":false,"max_hp_per_floor":[70,70,70,70,70,70,70,70,70,70,70,70,70,70,70,70,70,70,70,70,70,70,70,70,70,70,77,77,77,77,77,77,77],"card_choices":[{"not_picked":["Blur","Backflip"],"picked":"Noxious Fumes","floor":1.0},{"not_picked":["Reflex","Underhanded Strike","Dagger Spray"],"picked":"SKIP","floor":4.0},{"not_picked":["Sucker Punch","Slice"],"picked":"Catalyst","floor":5.0},{"not_picked":["Dagger Throw","Acrobatics"],"picked":"Corpse Explosion","floor":7.0},{"not_picked":["Blur","Blade Dance","Well Laid Plans"],"picked":"SKIP","floor":8.0},{"not_picked":["Terror","Dodge and Roll"],"picked":"Deadly Poison","floor":14.0},{"not_picked":["Malaise","Night Terror"],"picked":"Burst","floor":16.0},{"not_picked":["Blur","Eviscerate","Blade Dance"],"picked":"SKIP","floor":18.0},{"not_picked":["Deadly Poison","Masterful Stab"],"picked":"Backflip+1","floor":21},{"not_picked":["Quick Slash","Dodge and Roll","Blade Dance"],"picked":"SKIP","floor":23},{"not_picked":["Endless Agony","Prepared"],"picked":"Leg Sweep+1","floor":25},{"not_picked":["Sucker Punch","Acrobatics+1","Masterful Stab"],"picked":"SKIP","floor":27},{"not_picked":["Predator","Flying Knee+1","Underhanded Strike"],"picked":"SKIP","floor":31}],"player_experience":124425,"relics_obtained":[{"floor":7.0,"key":"Juzu Bracelet"},{"floor":9.0,"key":"Bag of Preparation"},{"floor":23,"key":"Pen Nib"},{"floor":26,"key":"Bag of Marbles"},{"floor":27,"key":"Strawberry"}],"event_choices":[{"event_name":"Scrap Ooze","player_choice":"success","floor":2.0,"damage_taken":3.0},{"event_name":"The Cleric","player_choice":"Card Removal","floor":3.0,"damage_taken":0.0},{"event_name":"The Lab","player_choice":"Got Potions","floor":10.0,"damage_taken":0.0},{"event_name":"Golden Wing","player_choice":"Card Removal","floor":12.0,"damage_taken":0.0},{"event_name":"Living Wall","player_choice":"Grow","floor":13.0,"damage_taken":0.0},{"event_name":"The Library","player_choice":"Read","floor":20,"damage_taken":0},{"event_name":"Vampires","player_choice":"Ignored","floor":28,"damage_taken":0},{"event_name":"Drug Dealer","player_choice":"Ignored","floor":29,"damage_taken":0}],"is_beta":false,"boss_relics":[{"not_picked":["Tiny House","Astrolabe"],"picked":"Lizard Tail"}],"items_purged_floors":[11,19],"is_endless":false,"potions_floor_spawned":[1,4,14,16,18,21,25,27,31],"killed_by":"Automaton","ascension_level":2}