{"gold_per_floor":[15,34,34,49,68,68,95,95,118,118,132,132,132,132,132,132],"floor_reached":16,"playtime":707,"items_purged":[],"score":125,"play_id":"c07f6a4f-3c8e-40ed-b75f-1a1d15ca53da","local_time":"20180721145009","is_ascension_mode":false,"campfire_choices":[{"floor":6,"key":"REST"},{"data":"Terror","floor":10,"key":"SMITH"},{"data":"Adrenaline","floor":12,"key":"SMITH"},{"floor":15,"key":"REST"}],"neow_cost":"NO_GOLD","seed_source_timestamp":72789128316097,"circlet_count":0,"master_deck":["Defend_G","Defend_G","Defend_G","Defend_G","Defend_G","Strike_G","Strike_G","Strike_G","Strike_G","Survivor","Neutralize","Adrenaline+1","Deflect","Terror+1","All Out Attack","Finisher","PiercingWail","Injury"],"relics":["Ring of the Snake","Snake Skull","Strawberry","Juzu Bracelet","Golden Idol"],"potions_floor_usage":[4,5,5],"damage_taken":[{"damage":2,"enemies":"Small Slimes","floor":1,"turns":4},{"damage":0,"enemies":"2 Louse","floor":2,"turns":2},{"damage":0,"enemies":"Cultist","floor":4,"turns":2},{"damage":7,"enemies":"Lots of Slimes","floor":5,"turns":4},{"damage":15,"enemies":"3 Sentries","floor":7,"turns":8},{"damage":0,"enemies":"2 Fungi Beasts","floor":11,"turns":3},{"damage":88,"enemies":"Hexaghost","floor":16,"turns":14}],"seed_played":"7207201493871669939","potions_obtained":[{"floor":1,"key":"SkillPotion"},{"floor":2,"key":"Fruit Juice"},{"floor":4,"key":"PowerPotion"}],"is_trial":false,"path_per_floor":["M","M","?","M","M","R","E","?","T","R","M","R","?","?","R"],"character_chosen":"THE_SILENT","items_purchased":[],"campfire_rested":2,"item_purchase_floors":[],"current_hp_per_floor":[68,68,50,55,48,70,62,55,55,55,55,55,60,60,86,0],"gold":132,"neow_bonus":"THREE_RARE_CARDS","is_prod":false,"is_daily":false,"chose_seed":false,"campfire_upgraded":2,"win_rate":0.0,"timestamp":1532202609,"path_taken":["M","M","?","M","M","R","E","?","T","R","M","R","?","?","R","BOSS"],"build_version":"2018-07-19v2","purchased_purges":0,"victory":false,"max_hp_per_floor":[70,70,70,75,75,75,82,82,82,82,82,82,87,87,87,87],"card_choices":[{"not_picked":["Storm of Steel","Doppelganger"],"picked":"Adrenaline","floor":0},{"not_picked":["Reflex","Outmaneuver"],"picked":"Deflect","floor":1},{"not_picked":["Riddle With Holes","Accuracy"],"picked":"Terror","floor":2},{"not_picked":["Flying Knee","Underhanded Strike"],"picked":"All Out Attack","floor":4},{"not_picked":["Predator","Dodge and Roll"],"picked":"Finisher","floor":5},{"not_picked":["Well Laid Plans","Prepared"],"picked":"PiercingWail","floor":7},{"not_picked":["Blade Dance","Cloak And Dagger","Flying Knee"],"picked":"SKIP","floor":11}],"player_experience":53552,"relics_obtained":[{"floor":7,"key":"Strawberry"},{"floor":9,"key":"Juzu Bracelet"}],"event_choices":[{"event_name":"Scrap Ooze","player_choice":"success","floor":3,"damage_taken":18},{"event_name":"Golden Wing","player_choice":"Card Removal","floor":8,"damage_taken":0},{"event_name":"Big Fish","player_choice":"Donut","floor":13,"damage_taken":0},{"event_name":"Golden Idol","player_choice":"Take Wound","floor":14,"damage_taken":0}],"is_beta":false,"boss_relics":[],"items_purged_floors":[],"is_endless":false,"potions_floor_spawned":[1,2,4],"killed_by":"Hexaghost","ascension_level":0}