{"gold_per_floor":[113,113,132,25,25,57,57,68,117,144,174,174,194,194,194,299,299,314,330,341,47,47,47,72,82,107,132,132,145,160,194,194,194],"floor_reached":33,"playtime":1676,"items_purged":[],"score":340,"play_id":"51a22849-0f0d-4e18-80d9-3169fb050e8b","local_time":"20190618162301","is_ascension_mode":false,"campfire_choices":[{"floor":7.0,"key":"REST"},{"data":"Coolheaded","floor":12.0,"key":"SMITH"},{"floor":15.0,"key":"REST"},{"data":"Biased Cognition","floor":23,"key":"SMITH"},{"floor":28,"key":"REST"},{"floor":32,"key":"REST"}],"neow_cost":"NONE","seed_source_timestamp":476403450306671,"circlet_count":0,"master_deck":["Strike_B","Strike_B","Strike_B","Strike_B","Defend_B","Defend_B","Defend_B","Defend_B","Zap","Dualcast","Loop","Hologram","FTL+1","Loop","Coolheaded+1","Go for the Eyes","Cold Snap+1","Cold Snap","Biased Cognition+1","Gash+1","Hologram","Glacier","Seek+1","Gash+1","Coolheaded+1","Go for the Eyes","Coolheaded+1","Ball Lightning+1","Cold Snap"],"special_seed":0,"relics":["Cracked Core","Orichalcum","Potion Belt","Question Card","Odd Mushroom","Matryoshka","Black Star","DataDisk","Whetstone","Toxic Egg 2","Emotion Chip","Dream Catcher","Juzu Bracelet","The Courier","Kunai","Blue Candle","Pen Nib"],"potions_floor_usage":[20,24,27,27,31,31,33],"damage_taken":[{"damage":0.0,"enemies":"Small Slimes","floor":1.0,"turns":2.0},{"damage":6.0,"enemies":"Jaw Worm","floor":3.0,"turns":3.0},{"damage":31.0,"enemies":"Gremlin Nob","floor":6.0,"turns":5.0},{"damage":0.0,"enemies":"2 Louse","floor":8.0,"turns":2.0},{"damage":14.0,"enemies":"Lagavulin","floor":10.0,"turns":8.0},{"damage":22.0,"enemies":"The Mushroom Lair","floor":11.0,"turns":5.0},{"damage":3.0,"enemies":"Looter","floor":13.0,"turns":4.0},{"damage":7.0,"enemies":"The Guardian","floor":16.0,"turns":15.0},{"damage":12,"enemies":"Shell Parasite","floor":18,"turns":5},{"damage":2,"enemies":"Chosen","floor":19,"turns":5},{"damage":3,"enemies":"Snake Plant","floor":20,"turns":3},{"damage":16,"enemies":"Slavers","floor":24,"turns":8},{"damage":1,"enemies":"Shelled Parasite and Fungi","floor":25,"turns":6},{"damage":0,"enemies":"Book of Stabbing","floor":27,"turns":4},{"damage":19,"enemies":"Centurion and Healer","floor":29,"turns":7},{"damage":0,"enemies":"Cultist and Chosen","floor":30,"turns":9},{"damage":30,"enemies":"Slavers","floor":31,"turns":5},{"damage":45,"enemies":"Collector","floor":33,"turns":14}],"seed_played":"6427979236974900943","potions_obtained":[{"floor":0.0,"key":"Ancient Potion"},{"floor":0.0,"key":"Explosive Potion"},{"floor":0.0,"key":"PowerPotion"},{"floor":8.0,"key":"FearPotion"},{"floor":10.0,"key":"LiquidBronze"},{"floor":11.0,"key":"SteroidPotion"},{"floor":16.0,"key":"GamblersBrew"},{"floor":19,"key":"Fire Potion"},{"floor":25,"key":"GamblersBrew"},{"floor":29,"key":"SmokeBomb"},{"floor":31,"key":"SteroidPotion"}],"is_trial":false,"path_per_floor":["M","?","M","$","?","E","R","M","T","E","?","R","M","T","R","B",null,"M","M","M","$","?","R","E","M","T","E","R","M","M","E","R","B"],"character_chosen":"DEFECT","items_purchased":["FTL","Loop","DataDisk","Whetstone"],"campfire_rested":4,"item_purchase_floors":[4,4,21,21],"current_hp_per_floor":[75,80,74,74,74,43,67,67,67,53,31,31,28,28,52,45,80,68,66,63,63,63,63,47,46,46,46,70,51,51,21,45,0],"gold":194,"neow_bonus":"THREE_SMALL_POTIONS","is_prod":false,"is_daily":false,"chose_seed":false,"campfire_upgraded":2,"win_rate":0,"timestamp":1560846181,"path_taken":["M","?","M","$","?","E","R","M","T","E","?","R","M","?","R","BOSS","M","M","?","$","?","R","E","M","T","E","R","M","M","E","R","BOSS"],"build_version":"2019-01-23","purchased_purges":0,"victory":false,"max_hp_per_floor":[75,80,80,80,80,80,80,80,80,80,80,80,80,80,80,80,80,80,80,80,80,80,80,80,80,80,80,80,80,80,80,80,80],"card_choices":[{"not_picked":["Turbo","Force Field"],"picked":"Loop","floor":1.0},{"not_picked":["Force Field","Barrage"],"picked":"Hologram","floor":3.0},{"not_picked":["Rebound","Sunder"],"picked":"Coolheaded","floor":6.0},{"not_picked":["Stack","Buffer"],"picked":"Go for the Eyes","floor":8.0},{"not_picked":["Gash","Redo"],"picked":"Cold Snap","floor":10.0},{"not_picked":["Streamline","Hologram","Beam Cell"],"picked":"Cold Snap","floor":11.0},{"not_picked":["Turbo","Rebound","Doom and Gloom","Recycle"],"picked":"SKIP","floor":13.0},{"not_picked":["Buffer","Rainbow","Electrodynamics"],"picked":"Biased Cognition","floor":16.0},{"not_picked":["Go for the Eyes","Barrage","Steam Power"],"picked":"Gash+1","floor":18},{"not_picked":["Hello World","Barrage","Storm"],"picked":"Hologram","floor":19},{"not_picked":["Gash+1","Barrage","BootSequence"],"picked":"Glacier","floor":20},{"not_picked":["Gash","Steam","Sunder"],"picked":"Seek","floor":24},{"not_picked":["Barrage","Stack+1","Turbo+1","Rip and Tear"],"picked":"SKIP","floor":25},{"not_picked":["FTL","Streamline+1","Go for the Eyes"],"picked":"Gash+1","floor":27},{"not_picked":["Barrage+1","Capacitor","Rip and Tear"],"picked":"Coolheaded+1","floor":28},{"not_picked":["Turbo+1","Streamline","Conserve Battery+1"],"picked":"Go for the Eyes","floor":29},{"not_picked":["Ball Lightning","Rebound","Stack+1"],"picked":"Coolheaded+1","floor":30},{"not_picked":["Core Surge","Steam+1","Reinforced Body+1"],"picked":"Ball Lightning+1","floor":31},{"not_picked":["Darkness+1","Reprogram+1","Redo+1"],"picked":"Cold Snap","floor":32}],"player_experience":711799,"relics_obtained":[{"floor":6.0,"key":"Orichalcum"},{"floor":9.0,"key":"Potion Belt"},{"floor":10.0,"key":"Question Card"},{"floor":11.0,"key":"Odd Mushroom"},{"floor":14.0,"key":"Matryoshka"},{"floor":24,"key":"Toxic Egg 2"},{"floor":24,"key":"Emotion Chip"},{"floor":26,"key":"Dream Catcher"},{"floor":26,"key":"Juzu Bracelet"},{"floor":27,"key":"The Courier"},{"floor":27,"key":"Kunai"},{"floor":31,"key":"Blue Candle"},{"floor":31,"key":"Pen Nib"}],"event_choices":[{"damage_healed":0.0,"max_hp_gain":5.0,"max_hp_loss":0.0,"gold_gain":0.0,"event_name":"Big Fish","player_choice":"Donut","floor":2.0,"gold_loss":0.0,"damage_taken":0.0},{"damage_healed":0.0,"max_hp_gain":0.0,"max_hp_loss":0.0,"gold_gain":0.0,"event_name":"Liars Game","player_choice":"Ignored","floor":5.0,"gold_loss":0.0,"damage_taken":0.0},{"damage_healed":0.0,"max_hp_gain":0.0,"max_hp_loss":0.0,"gold_gain":0.0,"event_name":"Mushrooms","player_choice":"Fought Mushrooms","floor":11.0,"gold_loss":0.0,"damage_taken":0.0},{"damage_healed":0,"gold_gain":0,"player_choice":"Ignored","damage_taken":0,"max_hp_gain":0,"max_hp_loss":0,"event_name":"Ghosts","floor":22,"gold_loss":0}],"is_beta":false,"boss_relics":[{"not_picked":["Empty Cage","Runic Pyramid"],"picked":"Black Star"}],"items_purged_floors":[],"is_endless":false,"potions_floor_spawned":[8,10,11,16,19,25,29,31],"killed_by":"Collector","ascension_level":0}