{"gold_per_floor":[115,130,55,74,87,87,107,107,131,131,145,178,178,209,209,311,311,324,23,32,32,46,46,80,80,80,80],"floor_reached":27,"playtime":1108,"items_purged":["Strike_G","Defend_G"],"score":267,"play_id":"3950a57c-87ac-4916-97f2-06e701850932","local_time":"20180809171827","is_ascension_mode":true,"campfire_choices":[{"data":"Blur","floor":6,"key":"SMITH"},{"floor":8,"key":"REST"},{"floor":13,"key":"REST"},{"floor":15,"key":"REST"},{"floor":23,"key":"REST"}],"neow_cost":"","seed_source_timestamp":1722861588963115,"circlet_count":0,"master_deck":["Defend_G+1","Defend_G+1","Defend_G","Defend_G","Strike_G","Strike_G","Strike_G","Strike_G+1","Survivor","Neutralize","Quick Slash","Blur+1","Slice+1","Bane","Noxious Fumes","Flying Knee","Envenom","Dodge and Roll","Backflip","Poisoned Stab","Backflip+1"],"relics":["Ring of the Snake","Whetstone","Anchor","Strawberry","Lizard Tail","Centennial Puzzle","Oddly Smooth Stone","Toxic Egg 2"],"potions_floor_usage":[16,16,16,20,22,24],"damage_taken":[{"damage":0,"enemies":"Cultist","floor":1,"turns":3},{"damage":7,"enemies":"2 Louse","floor":2,"turns":3},{"damage":1,"enemies":"Jaw Worm","floor":4,"turns":5},{"damage":1,"enemies":"Looter","floor":5,"turns":3},{"damage":23,"enemies":"Exordium Wildlife","floor":7,"turns":8},{"damage":23,"enemies":"Lots of Slimes","floor":11,"turns":5},{"damage":6,"enemies":"3 Sentries","floor":12,"turns":12},{"damage":6,"enemies":"Gremlin Nob","floor":14,"turns":4},{"damage":35,"enemies":"The Guardian","floor":16,"turns":12},{"damage":32,"enemies":"Spheric Guardian","floor":18,"turns":6},{"damage":2,"enemies":"2 Thieves","floor":20,"turns":4},{"damage":36,"enemies":"Sentry and Sphere","floor":22,"turns":7},{"damage":66,"enemies":"Slavers","floor":24,"turns":8},{"damage":27,"enemies":"3 Cultists","floor":27,"turns":4}],"seed_played":"1755324931919719789","potions_obtained":[{"floor":4,"key":"Weak Potion"},{"floor":5,"key":"EssenceOfSteel"},{"floor":12,"key":"Explosive Potion"},{"floor":14,"key":"SkillPotion"},{"floor":16,"key":"Energy Potion"},{"floor":18,"key":"Explosive Potion"},{"floor":20,"key":"Regen Potion"}],"is_trial":false,"path_per_floor":["M","M","$","M","M","R","M","R","T","?","M","E","R","E","R","B",null,"M","$","M","$","M","R","E","?","T"],"character_chosen":"THE_SILENT","items_purchased":["Backflip","Centennial Puzzle"],"campfire_rested":4,"item_purchase_floors":[19,19],"current_hp_per_floor":[70,63,63,62,61,61,38,59,59,45,22,16,37,38,61,26,77,45,45,43,43,22,45,24,24,24,0],"gold":80,"neow_bonus":"","is_prod":false,"is_daily":false,"chose_seed":false,"campfire_upgraded":1,"win_rate":0,"timestamp":1533853107,"path_taken":["M","?","?","M","M","R","M","R","T","?","?","E","R","E","R","BOSS","M","?","M","$","M","R","E","?","T","M"],"build_version":"2018-08-02","purchased_purges":2,"victory":false,"max_hp_per_floor":[70,70,70,70,70,70,70,70,70,70,70,70,70,77,77,77,77,77,77,77,77,77,77,77,77,77,77],"card_choices":[{"not_picked":["Underhanded Strike","Escape Plan"],"picked":"Quick Slash","floor":1},{"not_picked":["Dodge and Roll","Quick Slash"],"picked":"Blur","floor":2},{"not_picked":["Riddle With Holes","Unload"],"picked":"Slice","floor":4},{"not_picked":["Skewer","Expertise","Sucker Punch"],"picked":"SKIP","floor":5},{"not_picked":["Prepared","Blade Dance","Dagger Throw"],"picked":"SKIP","floor":7},{"not_picked":["Slice","Acrobatics"],"picked":"Bane","floor":11},{"not_picked":["Blade Dance","Burst"],"picked":"Noxious Fumes","floor":12},{"not_picked":["Acrobatics","Dodge and Roll"],"picked":"Flying Knee","floor":14},{"not_picked":["A Thousand Cuts","Die Die Die"],"picked":"Envenom","floor":16},{"not_picked":["Acrobatics","Endless Agony+1"],"picked":"Dodge and Roll","floor":18},{"not_picked":["Acrobatics","Slice"],"picked":"Poisoned Stab","floor":20},{"not_picked":["Acrobatics","Dagger Throw","Flying Knee"],"picked":"SKIP","floor":22},{"not_picked":["Dodge and Roll+1","Underhanded Strike"],"picked":"Backflip+1","floor":24}],"player_experience":130548,"relics_obtained":[{"floor":9,"key":"Whetstone"},{"floor":12,"key":"Anchor"},{"floor":14,"key":"Strawberry"},{"floor":24,"key":"Oddly Smooth Stone"},{"floor":26,"key":"Toxic Egg 2"}],"event_choices":[{"event_name":"Shining Light","player_choice":"Entered Light","floor":10,"damage_taken":0},{"event_name":"Addict","player_choice":"Ignored","floor":25,"damage_taken":0}],"is_beta":false,"boss_relics":[{"not_picked":["Astrolabe","Runic Dome"],"picked":"Lizard Tail"}],"items_purged_floors":[3,19],"is_endless":false,"potions_floor_spawned":[4,5,12,14,16,18,20],"killed_by":"3 Cultists","ascension_level":2}