{"gold_per_floor":[118,43,59,71,81,111,111,111,138,138,155,172,172,172,172,273,273,288,298,313,37,57,57,57,57,57,76,89,89,89,120,120,120],"floor_reached":33,"playtime":1334,"items_purged":["Strike_G","Defend_G"],"score":309,"play_id":"4ef2ae03-be02-49b8-a96a-5d929cf632d4","local_time":"20190613213719","is_ascension_mode":true,"campfire_choices":[{"floor":8,"key":"REST"},{"floor":10,"key":"REST"},{"floor":13,"key":"REST"},{"data":"Noxious Fumes","floor":15,"key":"SMITH"},{"floor":24,"key":"REST"},{"floor":29,"key":"REST"},{"floor":32,"key":"REST"}],"neow_cost":"PERCENT_DAMAGE","seed_source_timestamp":107529043935550,"circlet_count":0,"master_deck":["Defend_G","Defend_G","Defend_G","Defend_G","Strike_G","Strike_G","Strike_G","Strike_G","Survivor","Neutralize","Slice","Slice","Deadly Poison","Noxious Fumes+1","Bouncing Flask","After Image","Flying Knee+1","Quick Slash","Deflect+1","Terror"],"relics":["Ring of the Snake","PreservedInsect","Orichalcum","Happy Flower","The Courier","Lizard Tail","Bottled Lightning","Enchiridion","Meat on the Bone","Lantern"],"potions_floor_usage":[6,16,16,20,28,28,31,33],"damage_taken":[{"damage":5,"enemies":"Cultist","floor":1,"turns":4},{"damage":12,"enemies":"Small Slimes","floor":3,"turns":4},{"damage":2,"enemies":"Jaw Worm","floor":4,"turns":4},{"damage":5,"enemies":"3 Louse","floor":5,"turns":3},{"damage":32,"enemies":"Lagavulin","floor":6,"turns":7},{"damage":5,"enemies":"2 Fungi Beasts","floor":11,"turns":4},{"damage":19,"enemies":"Exordium Wildlife","floor":12,"turns":5},{"damage":10,"enemies":"Hexaghost","floor":16,"turns":9},{"damage":18,"enemies":"Shell Parasite","floor":18,"turns":6},{"damage":11,"enemies":"3 Byrds","floor":19,"turns":4},{"damage":45,"enemies":"3 Cultists","floor":20,"turns":5},{"damage":44,"enemies":"Cultist and Chosen","floor":22,"turns":6},{"damage":35,"enemies":"Shelled Parasite and Fungi","floor":27,"turns":7},{"damage":19,"enemies":"Snake Plant","floor":28,"turns":4},{"damage":13,"enemies":"Gremlin Leader","floor":31,"turns":4},{"damage":70,"enemies":"Automaton","floor":33,"turns":10}],"seed_played":"5153670602238345840","potions_obtained":[{"floor":3,"key":"Explosive Potion"},{"floor":5,"key":"Dexterity Potion"},{"floor":12,"key":"Block Potion"},{"floor":16,"key":"PowerPotion"},{"floor":18,"key":"Ancient Potion"},{"floor":19,"key":"AttackPotion"},{"floor":22,"key":"Swift Potion"},{"floor":27,"key":"Strength Potion"},{"floor":28,"key":"AttackPotion"}],"is_trial":false,"path_per_floor":["M","$","M","M","M","E","?","R","T","R","M","M","R","T","R","B",null,"M","M","M","$","M","?","R","?","T","M","M","R","$","E","R","B"],"character_chosen":"THE_SILENT","items_purchased":["Bottled Lightning"],"campfire_rested":6,"item_purchase_floors":[21],"current_hp_per_floor":[58,58,46,44,39,7,4,29,29,54,49,30,55,55,55,45,84,66,55,10,10,10,38,63,47,47,24,17,42,42,41,66,0],"gold":120,"neow_bonus":"TWENTY_PERCENT_HP_BONUS","is_prod":false,"is_daily":false,"chose_seed":false,"campfire_upgraded":1,"win_rate":0,"timestamp":1560479839,"path_taken":["M","?","?","?","M","E","?","R","T","R","M","M","R","?","R","BOSS","M","M","M","$","M","?","R","?","T","M","M","R","$","E","R","BOSS"],"build_version":"2019-01-23","purchased_purges":2,"victory":false,"max_hp_per_floor":[84,84,84,84,84,84,84,84,84,84,84,84,84,84,84,84,84,84,84,84,84,84,84,84,84,84,84,84,84,84,84,84,84],"card_choices":[{"not_picked":["PiercingWail","Skewer"],"picked":"Slice","floor":1},{"not_picked":["Distraction","Flying Knee","Underhanded Strike"],"picked":"SKIP","floor":3},{"not_picked":["Prepared","Dagger Throw"],"picked":"Slice","floor":4},{"not_picked":["Deflect","Concentrate"],"picked":"Deadly Poison","floor":5},{"not_picked":["Cloak And Dagger","Grand Finale"],"picked":"Noxious Fumes","floor":6},{"not_picked":["Underhanded Strike","Blade Dance","Calculated Gamble"],"picked":"SKIP","floor":11},{"not_picked":["All Out Attack","Deadly Poison"],"picked":"Bouncing Flask","floor":12},{"not_picked":["Storm of Steel","Unload"],"picked":"After Image","floor":16},{"not_picked":["Choke","Dagger Spray"],"picked":"Flying Knee+1","floor":18},{"not_picked":["Backstab","Accuracy+1"],"picked":"Quick Slash","floor":19},{"not_picked":["Sucker Punch","Dagger Throw+1","Flying Knee+1"],"picked":"SKIP","floor":20},{"not_picked":["Endless Agony","Footwork"],"picked":"Deflect+1","floor":22},{"not_picked":["Deflect","Reflex"],"picked":"Terror","floor":27},{"not_picked":["Underhanded Strike+1","Blade Dance","Backflip"],"picked":"SKIP","floor":28},{"not_picked":["Masterful Stab+1","Sucker Punch+1","Dagger Throw"],"picked":"SKIP","floor":31}],"player_experience":163483,"relics_obtained":[{"floor":6,"key":"PreservedInsect"},{"floor":9,"key":"Happy Flower"},{"floor":14,"key":"The Courier"},{"floor":25,"key":"Enchiridion"},{"floor":26,"key":"Meat on the Bone"},{"floor":31,"key":"Lantern"}],"event_choices":[{"damage_healed":0,"gold_gain":0,"player_choice":"Success","damage_taken":3,"relics_obtained":["Orichalcum"],"max_hp_gain":0,"max_hp_loss":0,"event_name":"Scrap Ooze","floor":7,"gold_loss":0},{"damage_healed":28,"gold_gain":0,"player_choice":"Heal","damage_taken":0,"max_hp_gain":0,"max_hp_loss":0,"event_name":"The Library","floor":23,"gold_loss":0},{"damage_healed":0,"gold_gain":0,"player_choice":"Obtained Book","damage_taken":16,"max_hp_gain":0,"max_hp_loss":0,"event_name":"Cursed Tome","floor":25,"gold_loss":0}],"is_beta":false,"boss_relics":[{"not_picked":["Pandora\u0027s Box","Eternal Feather"],"picked":"Lizard Tail"}],"items_purged_floors":[2,21],"is_endless":false,"potions_floor_spawned":[3,5,12,16,18,19,22,27,28],"killed_by":"Automaton","ascension_level":3}