{"gold_per_floor":[112,112,15,29,29,29,29,49,49,64,82,82,82,82,82,82],"floor_reached":16,"playtime":455,"items_purged":["Strike_G"],"score":99,"play_id":"5579985f-0f72-43e4-ad3a-63db36f7ed89","local_time":"20180808153027","is_ascension_mode":true,"campfire_choices":[{"data":"Infinite Blades","floor":6,"key":"SMITH"},{"floor":12,"key":"REST"},{"floor":15,"key":"DIG"}],"neow_cost":"","seed_source_timestamp":1630638347059334,"circlet_count":0,"master_deck":["Defend_G","Defend_G","Defend_G","Defend_G","Defend_G","Strike_G","Strike_G","Strike_G","Strike_G","Survivor","Neutralize","Infinite Blades+1","Backflip","Footwork","Infinite Blades","Cloak And Dagger","Injury"],"relics":["Ring of the Snake","Bag of Marbles","Shovel","Strawberry","Golden Idol","The Courier"],"potions_floor_usage":[11,16],"damage_taken":[{"damage":9,"enemies":"Jaw Worm","floor":1,"turns":6},{"damage":8,"enemies":"Small Slimes","floor":4,"turns":4},{"damage":0,"enemies":"Cultist","floor":8,"turns":4},{"damage":9,"enemies":"Exordium Thugs","floor":10,"turns":6},{"damage":14,"enemies":"Lots of Slimes","floor":11,"turns":6},{"damage":55,"enemies":"Slime Boss","floor":16,"turns":8}],"seed_played":"7274162065191705487","potions_obtained":[{"floor":1,"key":"EssenceOfSteel"},{"floor":10,"key":"Dexterity Potion"}],"is_trial":false,"path_per_floor":["M","?","$","M","$","R","$","M","T","M","M","R","?","?","R"],"character_chosen":"THE_SILENT","items_purchased":["Backflip"],"campfire_rested":1,"item_purchase_floors":[3],"current_hp_per_floor":[61,58,58,50,50,50,50,50,50,41,27,48,55,55,55,0],"gold":82,"neow_bonus":"","is_prod":false,"is_daily":false,"chose_seed":false,"campfire_upgraded":1,"win_rate":0,"timestamp":1533760227,"path_taken":["M","?","$","M","?","R","$","M","T","?","M","R","?","?","R","BOSS"],"build_version":"2018-08-02","purchased_purges":1,"victory":false,"max_hp_per_floor":[70,70,70,70,70,70,70,70,70,70,70,70,77,77,77,77],"card_choices":[{"not_picked":["Well Laid Plans","Masterful Stab"],"picked":"Infinite Blades","floor":1},{"not_picked":["Backstab","Deflect"],"picked":"Footwork","floor":4},{"not_picked":["Bane","Concentrate"],"picked":"Infinite Blades","floor":8},{"not_picked":["Deflect","Infinite Blades"],"picked":"Cloak And Dagger","floor":10},{"not_picked":["Distraction","Calculated Gamble","Masterful Stab"],"picked":"SKIP","floor":11}],"player_experience":126830,"relics_obtained":[{"floor":9,"key":"Shovel"},{"floor":15,"key":"The Courier"}],"event_choices":[{"event_name":"Scrap Ooze","player_choice":"success","floor":2,"damage_taken":3},{"event_name":"Dead Adventurer","player_choice":"Searched \u00271\u0027 times","floor":13,"damage_taken":0},{"event_name":"Golden Idol","player_choice":"Take Wound","floor":14,"damage_taken":0}],"is_beta":false,"boss_relics":[],"items_purged_floors":[3],"is_endless":false,"potions_floor_spawned":[1,10],"killed_by":"Slime Boss","ascension_level":2}