{"gold_per_floor":[115,115,290,303,378,378,395,414,440,47,65,65,65,76,76,76],"floor_reached":16,"playtime":813,"items_purged":[],"score":92,"play_id":"83242ed3-67a1-4d89-be8e-7210919f6e51","local_time":"20180709180856","is_ascension_mode":false,"campfire_choices":[{"data":"Dualcast","floor":6.0,"key":"SMITH"},{"floor":15,"key":"REST"}],"neow_cost":"NONE","seed_source_timestamp":0,"circlet_count":0,"master_deck":["Strike_B","Strike_B","Defend_B","Defend_B","Defend_B","Defend_B","Zap","Dualcast+1","Conserve Battery","Doubt","Coolheaded","Melter","Redo","Storm","All For One","Barrage","Stack"],"special_seed":0,"relics":["Cracked Core","NeowsBlessing","Juzu Bracelet","ClockworkSouvenir"],"potions_floor_usage":[],"damage_taken":[{"damage":0.0,"enemies":"2 Louse","floor":1.0,"turns":1.0},{"damage":0.0,"enemies":"Small Slimes","floor":4.0,"turns":1.0},{"damage":0,"enemies":"Jaw Worm","floor":7,"turns":1},{"damage":0,"enemies":"Blue Slaver","floor":8,"turns":4},{"damage":12,"enemies":"3 Louse","floor":11,"turns":3},{"damage":17,"enemies":"Large Slime","floor":14,"turns":7},{"damage":57,"enemies":"Slime Boss","floor":16,"turns":8}],"seed_played":"91688616027792910","potions_obtained":[{"floor":8,"key":"Swift Potion"},{"floor":11,"key":"EssenceOfSteel"},{"floor":14,"key":"GamblersBrew"}],"is_trial":false,"path_per_floor":["M","?","?","M","?","R","M","M","T","$","M","$","?","M","R"],"character_chosen":"DEFECT","items_purchased":["ClockworkSouvenir","Storm","All For One"],"campfire_rested":1,"item_purchase_floors":[10,10,10],"current_hp_per_floor":[75,68,68,68,57,57,57,57,57,57,45,45,45,28,50,0],"gold":76,"neow_bonus":"THREE_ENEMY_KILL","is_prod":false,"is_daily":false,"chose_seed":false,"campfire_upgraded":1,"win_rate":0.0,"timestamp":1531177736,"path_taken":["M","?","?","M","?","R","M","?","T","$","M","?","?","M","R","BOSS"],"build_version":"2018-07-05","purchased_purges":0,"victory":false,"max_hp_per_floor":[75,75,75,75,75,75,75,75,75,75,75,75,75,75,75,75],"card_choices":[{"not_picked":["Beam Cell","Hello World"],"picked":"Conserve Battery","floor":1.0},{"not_picked":["Lockon","Fusion"],"picked":"Coolheaded","floor":4.0},{"not_picked":["Gash","Stack"],"picked":"Melter","floor":7},{"not_picked":["BootSequence","Beam Cell"],"picked":"Redo","floor":8},{"not_picked":["Redo","Go for the Eyes"],"picked":"Barrage","floor":11},{"not_picked":["Conserve Battery","Lockon"],"picked":"Stack","floor":14}],"player_experience":25251,"relics_obtained":[{"floor":9,"key":"Juzu Bracelet"}],"event_choices":[{"event_name":"Golden Wing","player_choice":"Card Removal","floor":2.0,"damage_taken":0.0},{"event_name":"Liars Game","player_choice":"agreed","floor":3.0,"damage_taken":0.0},{"event_name":"World of Goop","player_choice":"Gather Gold","floor":5.0,"damage_taken":0.0},{"event_name":"Living Wall","player_choice":"Forget","floor":13,"damage_taken":0}],"boss_relics":[],"items_purged_floors":[],"is_endless":false,"potions_floor_spawned":[8,11,14],"killed_by":"Slime Boss","ascension_level":0}