{"gold_per_floor":[115,115,40,40,54,54,65,93,93,108,120,137,312,312,312,408,408,418,418,436,452,452],"floor_reached":22,"playtime":813,"items_purged":["Strike_G"],"score":178,"play_id":"262d3d04-ff9c-4fa4-bae7-36270a5034b6","local_time":"20180729131841","is_ascension_mode":false,"campfire_choices":[{"data":"Poisoned Stab","floor":6,"key":"SMITH"},{"floor":15,"key":"REST"}],"neow_cost":"NONE","seed_source_timestamp":758385768760694,"circlet_count":0,"master_deck":["Defend_G","Defend_G","Defend_G","Defend_G","Defend_G","Strike_G","Strike_G","Strike_G","Survivor","Neutralize","Poisoned Stab+1","Deadly Poison","Deadly Poison","After Image","Catalyst","Bane","Doubt","Flechettes","Bullet Time","PiercingWail+1","PiercingWail"],"relics":["Ring of the Snake","Anchor","Shuriken","Odd Mushroom","Darkstone Periapt","Philosopher\u0027s Stone"],"potions_floor_usage":[16,18,20,21,22],"damage_taken":[{"damage":4,"enemies":"Small Slimes","floor":1,"turns":5},{"damage":2,"enemies":"Jaw Worm","floor":5,"turns":4},{"damage":0,"enemies":"2 Louse","floor":7,"turns":2},{"damage":16,"floor":8,"turns":5},{"damage":1,"enemies":"2 Fungi Beasts","floor":10,"turns":3},{"damage":19,"enemies":"Exordium Thugs","floor":11,"turns":4},{"damage":0,"enemies":"3 Louse","floor":12,"turns":4},{"damage":8,"enemies":"The Guardian","floor":16,"turns":8},{"damage":30,"enemies":"Spheric Guardian","floor":18,"turns":5},{"damage":0,"enemies":"Shell Parasite","floor":20,"turns":6},{"damage":39,"enemies":"Cultist and Chosen","floor":21,"turns":10},{"damage":24,"enemies":"Snake Plant","floor":22,"turns":2}],"seed_played":"-8074650942131204237","potions_obtained":[{"floor":1,"key":"SpeedPotion"},{"floor":5,"key":"FearPotion"},{"floor":12,"key":"GhostInAJar"},{"floor":16,"key":"Regen Potion"},{"floor":18,"key":"Explosive Potion"},{"floor":19,"key":"FearPotion"},{"floor":20,"key":"Energy Potion"}],"is_trial":false,"path_per_floor":["M","?","$","?","M","R","M","?","T","M","M","M","?","?","R","B",null,"M","?","M","M"],"character_chosen":"THE_SILENT","items_purchased":[],"campfire_rested":1,"item_purchase_floors":[],"current_hp_per_floor":[66,63,63,70,68,68,68,52,52,51,32,32,38,38,60,52,76,58,58,58,19,0],"gold":452,"neow_bonus":"RANDOM_COMMON_RELIC","is_prod":false,"is_daily":false,"chose_seed":false,"campfire_upgraded":1,"win_rate":0,"timestamp":1532888321,"path_taken":["M","?","$","?","M","R","M","?","T","?","M","M","?","?","R","BOSS","M","?","?","?","M"],"build_version":"2018-07-26","purchased_purges":1,"victory":false,"max_hp_per_floor":[70,70,70,70,70,70,70,70,70,70,70,70,76,76,76,76,76,76,76,76,76,76],"card_choices":[{"not_picked":["Calculated Gamble","Underhanded Strike"],"picked":"Poisoned Stab","floor":1},{"not_picked":["Backflip","Dagger Throw"],"picked":"Deadly Poison","floor":5},{"not_picked":["Backstab","Cloak And Dagger","Prepared"],"picked":"SKIP","floor":7},{"not_picked":["Flying Knee","Outmaneuver"],"picked":"Deadly Poison","floor":8},{"not_picked":["Deadly Poison","Dagger Spray"],"picked":"After Image","floor":10},{"not_picked":["Cloak And Dagger","Predator"],"picked":"Catalyst","floor":11},{"not_picked":["Infinite Blades","PiercingWail"],"picked":"Bane","floor":12},{"not_picked":["Envenom","Malaise"],"picked":"Bullet Time","floor":16},{"not_picked":["Concentrate","Predator+1"],"picked":"PiercingWail+1","floor":18},{"not_picked":["Flying Knee","Cloak And Dagger","Eviscerate"],"picked":"SKIP","floor":20},{"not_picked":["Tactician+1","Glass Knife"],"picked":"PiercingWail","floor":21}],"player_experience":91948,"relics_obtained":[{"floor":8,"key":"Odd Mushroom"},{"floor":9,"key":"Darkstone Periapt"}],"event_choices":[{"event_name":"Scrap Ooze","player_choice":"success","floor":2,"damage_taken":3},{"event_name":"Wheel of Change","player_choice":"Full Heal","floor":4,"damage_taken":0},{"event_name":"Mushrooms","player_choice":"Fought Mushrooms","floor":8,"damage_taken":0},{"event_name":"Liars Game","player_choice":"agreed","floor":13,"damage_taken":0},{"event_name":"Transmorgrifier","player_choice":"Transform","floor":14,"damage_taken":0},{"event_name":"The Lab","player_choice":"Got Potions","floor":19,"damage_taken":0}],"is_beta":false,"boss_relics":[{"not_picked":["Fusion Hammer","Ectoplasm"],"picked":"Philosopher\u0027s Stone"}],"items_purged_floors":[3],"is_endless":false,"potions_floor_spawned":[1,5,12,16,18,20],"killed_by":"Snake Plant","ascension_level":0}