{"gold_per_floor":[109,109,34,209,224,258,258,258,258,258,106,116,116,126,126,126],"floor_reached":16,"playtime":432,"items_purged":["Defend_R","Strike_R"],"score":123,"play_id":"77ccc0b1-51b4-406e-a295-8869057d9ab8","local_time":"20180729122841","is_ascension_mode":false,"campfire_choices":[{"data":"Shrug It Off","floor":8,"key":"SMITH"},{"data":"Pommel Strike","floor":10,"key":"SMITH"},{"data":"Intimidate","floor":13,"key":"SMITH"},{"data":"Inflame","floor":15,"key":"SMITH"}],"neow_cost":"NONE","seed_source_timestamp":755768509209426,"circlet_count":0,"master_deck":["Strike_R","Strike_R","Strike_R","Defend_R","Defend_R","Defend_R","Bash","Pommel Strike+1","Warcry","Doubt","Shrug It Off+1","Cleave","Intimidate+1","Inflame+1"],"relics":["Burning Blood","NeowsBlessing","Vajra","Ice Cream","Pen Nib"],"potions_floor_usage":[12],"damage_taken":[{"damage":0,"enemies":"Cultist","floor":1,"turns":1},{"damage":0,"enemies":"2 Louse","floor":5,"turns":1},{"damage":0,"enemies":"Gremlin Nob","floor":6,"turns":1},{"damage":0,"enemies":"Jaw Worm","floor":12,"turns":2},{"damage":7,"enemies":"Blue Slaver","floor":14,"turns":3},{"damage":90,"enemies":"The Guardian","floor":16,"turns":15}],"seed_played":"8326284543039492954","potions_obtained":[{"floor":1,"key":"AttackPotion"},{"floor":12,"key":"FairyPotion"}],"is_trial":false,"path_per_floor":["M","?","$","?","M","E","?","R","T","R","$","M","R","M","R"],"character_chosen":"IRONCLAD","items_purchased":["Cleave"],"campfire_rested":0,"item_purchase_floors":[11],"current_hp_per_floor":[80,80,80,80,80,80,80,80,80,80,80,80,80,79,79,0],"gold":126,"neow_bonus":"THREE_ENEMY_KILL","is_prod":false,"is_daily":false,"chose_seed":false,"campfire_upgraded":4,"win_rate":0.0,"timestamp":1532885321,"path_taken":["M","?","$","?","M","E","?","R","T","R","$","M","R","M","R","BOSS"],"build_version":"2018-07-26","purchased_purges":2,"victory":false,"max_hp_per_floor":[80,80,80,80,80,80,80,80,80,80,80,80,80,80,80,80],"card_choices":[{"not_picked":["Perfected Strike","Body Slam"],"picked":"Pommel Strike","floor":1},{"not_picked":["Disarm","Headbutt"],"picked":"Shrug It Off","floor":5},{"not_picked":["Bloodletting","Second Wind","Warcry"],"picked":"SKIP","floor":6},{"not_picked":["Feel No Pain","Perfected Strike"],"picked":"Intimidate","floor":12},{"not_picked":["Armaments","Perfected Strike"],"picked":"Inflame","floor":14}],"player_experience":91516,"relics_obtained":[{"floor":6,"key":"Vajra"},{"floor":9,"key":"Pen Nib"}],"event_choices":[{"event_name":"Transmorgrifier","player_choice":"Transform","floor":2,"damage_taken":0},{"event_name":"Liars Game","player_choice":"agreed","floor":4,"damage_taken":0},{"event_name":"Wheel of Change","player_choice":"Relic","floor":7,"damage_taken":0}],"is_beta":false,"boss_relics":[],"items_purged_floors":[3,11],"is_endless":false,"potions_floor_spawned":[1,12],"killed_by":"The Guardian","ascension_level":0}