{"gold_per_floor":[111,111,71,83,83,83,97,97,97,22,97,114,114,125,125,221,221,235,235],"floor_reached":19,"playtime":826,"items_purged":["Defend_G"],"score":181,"play_id":"c44967ba-17a1-411b-9e3c-a68bf0f4b37f","local_time":"20190616191824","is_ascension_mode":true,"campfire_choices":[{"floor":6,"key":"REST"},{"data":"Catalyst","floor":8,"key":"SMITH"},{"floor":15,"key":"REST"}],"neow_cost":"NONE","seed_source_timestamp":358904839996447,"circlet_count":0,"master_deck":["Defend_G","Defend_G","Defend_G","Defend_G","Strike_G","Strike_G","Strike_G","Survivor","Neutralize","Deflect","Dagger Spray","Bouncing Flask","Slice","Catalyst+1","Slice","Poisoned Stab","Prepared"],"relics":["Ring of the Snake","Bag of Marbles","Bottled Lightning","HoveringKite"],"potions_floor_usage":[18],"damage_taken":[{"damage":0,"enemies":"Jaw Worm","floor":1,"turns":4},{"damage":0,"enemies":"Small Slimes","floor":4,"turns":1},{"damage":0,"enemies":"2 Louse","floor":7,"turns":1},{"damage":4,"enemies":"Exordium Thugs","floor":12,"turns":4},{"damage":1,"enemies":"Red Slaver","floor":14,"turns":2},{"damage":43,"enemies":"Hexaghost","floor":16,"turns":7},{"damage":8,"enemies":"Chosen","floor":18,"turns":3},{"damage":9,"enemies":"Shell Parasite","floor":19,"turns":4}],"seed_played":"-6814858865711792226","potions_obtained":[{"floor":4,"key":"Poison Potion"},{"floor":14,"key":"Strength Potion"},{"floor":16,"key":"Strength Potion"}],"is_trial":false,"path_per_floor":["M","?","$","M","?","R","M","R","T","$","?","M","?","M","R","B",null,"M","M"],"character_chosen":"THE_SILENT","items_purchased":["Bouncing Flask"],"campfire_rested":2,"item_purchase_floors":[3],"current_hp_per_floor":[70,45,45,45,38,59,59,59,59,59,48,44,44,43,64,21,70,62,53],"gold":235,"neow_bonus":"THREE_CARDS","is_prod":false,"is_daily":false,"chose_seed":false,"campfire_upgraded":1,"win_rate":0,"timestamp":1560730704,"path_taken":["M","?","$","M","?","R","M","R","T","$","?","M","?","M","R","BOSS","M","M"],"build_version":"2019-01-23","purchased_purges":1,"victory":false,"max_hp_per_floor":[70,70,70,70,70,70,70,70,70,70,70,70,70,70,70,70,70,70,70],"card_choices":[{"not_picked":["Leg Sweep","Skewer"],"picked":"Deflect","floor":0},{"not_picked":["Acrobatics","Leg Sweep"],"picked":"Dagger Spray","floor":1},{"not_picked":["Dagger Spray","Backstab"],"picked":"Slice","floor":4},{"not_picked":["Poisoned Stab","Dagger Throw"],"picked":"Catalyst","floor":7},{"not_picked":["Wraith Form v2","Sucker Punch"],"picked":"Slice","floor":12},{"not_picked":["Outmaneuver","Backstab"],"picked":"Poisoned Stab","floor":14},{"not_picked":["Well Laid Plans+1","Blade Dance+1"],"picked":"Prepared","floor":18}],"player_experience":164817,"relics_obtained":[{"floor":9,"key":"Bottled Lightning"}],"event_choices":[{"damage_healed":0,"gold_gain":0,"player_choice":"Success","damage_taken":25,"relics_obtained":["Bag of Marbles"],"max_hp_gain":0,"max_hp_loss":0,"event_name":"Scrap Ooze","floor":2,"gold_loss":0},{"cards_removed":["Strike_G"],"damage_healed":0,"gold_gain":0,"player_choice":"Card Removal","damage_taken":7,"max_hp_gain":0,"max_hp_loss":0,"event_name":"Golden Wing","floor":5,"gold_loss":0},{"damage_healed":0,"gold_gain":75,"player_choice":"Gather Gold","damage_taken":11,"max_hp_gain":0,"max_hp_loss":0,"event_name":"World of Goop","floor":11,"gold_loss":0},{"cards_removed":["Strike_G"],"damage_healed":0,"gold_gain":0,"player_choice":"Forget","damage_taken":0,"max_hp_gain":0,"max_hp_loss":0,"event_name":"Living Wall","floor":13,"gold_loss":0}],"is_beta":false,"boss_relics":[{"not_picked":["Calling Bell","Ectoplasm"],"picked":"HoveringKite"}],"items_purged_floors":[10],"is_endless":false,"potions_floor_spawned":[4,14,16],"killed_by":"Shell Parasite","ascension_level":3}