{"gold_per_floor":[118,43,53,153,167,167,167,167,167,167,182,182,202,214,214,318,318,328,328,340,356,229,262,262,262],"floor_reached":25,"playtime":822,"items_purged":["Strike_G","Defend_G"],"score":234,"play_id":"534f149d-5ad6-436f-9092-6187841f7e74","local_time":"20180806211543","is_ascension_mode":true,"campfire_choices":[{"data":"Caltrops","floor":6,"key":"SMITH"},{"floor":8,"key":"REST"},{"data":"Defend_G","floor":10,"key":"SMITH"},{"data":"Caltrops","floor":12,"key":"SMITH"},{"data":"Survivor","floor":15,"key":"SMITH"},{"floor":24,"key":"REST"}],"neow_cost":"NONE","seed_source_timestamp":1478188400076495,"circlet_count":0,"master_deck":["Defend_G","Defend_G","Defend_G","Defend_G+1","Strike_G","Strike_G","Strike_G","Survivor+1","Neutralize+1","Deadly Poison+1","Caltrops+1","Caltrops+1","Slice","Night Terror","Quick Slash","Backflip","Deadly Poison","Bouncing Flask"],"relics":["Ring of the Snake","Anchor","Runic Pyramid","Frozen Egg 2"],"potions_floor_usage":[13,16,16,23,23],"damage_taken":[{"damage":7,"enemies":"Cultist","floor":1,"turns":5},{"damage":0,"enemies":"2 Louse","floor":3,"turns":3},{"damage":0,"enemies":"Jaw Worm","floor":5,"turns":5},{"damage":5,"enemies":"3 Louse","floor":11,"turns":3},{"damage":0,"enemies":"2 Fungi Beasts","floor":13,"turns":3},{"damage":12,"enemies":"Gremlin Gang","floor":14,"turns":3},{"damage":20,"enemies":"The Guardian","floor":16,"turns":9},{"damage":20,"enemies":"3 Byrds","floor":18,"turns":2},{"damage":8,"enemies":"Chosen","floor":20,"turns":5},{"damage":3,"enemies":"Snake Plant","floor":21,"turns":3},{"damage":45,"enemies":"Gremlin Leader","floor":23,"turns":7},{"damage":25,"enemies":"3 Cultists","floor":25,"turns":4}],"seed_played":"7698881522876539338","potions_obtained":[{"floor":3,"key":"PowerPotion"},{"floor":5,"key":"Strength Potion"},{"floor":14,"key":"Dexterity Potion"},{"floor":18,"key":"GamblersBrew"},{"floor":21,"key":"Poison Potion"}],"is_trial":false,"path_per_floor":["M","$","M","?","M","R","?","R","T","R","M","R","M","M","R","B",null,"M","?","M","M","$","E","R"],"character_chosen":"THE_SILENT","items_purchased":["Deadly Poison"],"campfire_rested":2,"item_purchase_floors":[22],"current_hp_per_floor":[70,70,70,70,70,70,55,77,77,77,72,72,72,60,60,40,77,57,57,49,46,46,1,24,0],"gold":262,"neow_bonus":"TEN_PERCENT_HP_BONUS","is_prod":false,"is_daily":false,"chose_seed":false,"campfire_upgraded":4,"win_rate":0,"timestamp":1533608143,"path_taken":["M","$","?","?","M","R","?","R","T","R","?","R","M","M","R","BOSS","M","?","?","M","?","E","R","M"],"build_version":"2018-08-02","purchased_purges":2,"victory":false,"max_hp_per_floor":[77,77,77,77,77,77,77,77,77,77,77,77,77,77,77,77,77,77,77,77,77,77,77,77,77],"card_choices":[{"not_picked":["Cloak And Dagger","Poisoned Stab"],"picked":"Deadly Poison","floor":1},{"not_picked":["Infinite Blades","Prepared","Well Laid Plans"],"picked":"SKIP","floor":3},{"not_picked":["PiercingWail","Dagger Throw"],"picked":"Caltrops","floor":5},{"not_picked":["Outmaneuver","Acrobatics"],"picked":"Caltrops","floor":11},{"not_picked":["Dagger Throw","Blade Dance"],"picked":"Slice","floor":13},{"not_picked":["Dodge and Roll","Dagger Throw","Sucker Punch"],"picked":"SKIP","floor":14},{"not_picked":["Storm of Steel","Doppelganger"],"picked":"Night Terror","floor":16},{"not_picked":["Sucker Punch","Slice","Calculated Gamble"],"picked":"SKIP","floor":18},{"not_picked":["Calculated Gamble","Deadly Poison"],"picked":"Backflip","floor":20},{"not_picked":["Dagger Throw","Quick Slash","Cloak And Dagger+1"],"picked":"SKIP","floor":21},{"not_picked":["Bane","Sucker Punch"],"picked":"Bouncing Flask","floor":23}],"player_experience":123603,"relics_obtained":[{"floor":9,"key":"Anchor"},{"floor":23,"key":"Frozen Egg 2"}],"event_choices":[{"event_name":"Wheel of Change","player_choice":"Gold","floor":4,"damage_taken":0},{"event_name":"Shining Light","player_choice":"Entered Light","floor":7,"damage_taken":0},{"event_name":"Transmorgrifier","player_choice":"Transform","floor":19,"damage_taken":0}],"is_beta":false,"boss_relics":[{"not_picked":["Eternal Feather","WristBlade"],"picked":"Runic Pyramid"}],"items_purged_floors":[2,22],"is_endless":false,"potions_floor_spawned":[3,5,14,18,21],"killed_by":"3 Cultists","ascension_level":2}