{"gold_per_floor":[159,177,27,39,50,77,93,93,93,20,30,30,6,36,36,132,132,147,74,74,85,85,85,115,115,115,30,55,68,101,101,101,203,203,222,234,245,79,90,125,125,159,206,236,250,250,260,0,0,0],"floor_reached":51,"playtime":3513,"items_purged":["Strike_B"],"score":943,"play_id":"c2cd2744-46d4-489c-b711-d9ceec6b01d8","local_time":"20190614163558","is_ascension_mode":true,"campfire_choices":[{"floor":8,"key":"REST"},{"data":"Defragment","floor":15,"key":"SMITH"},{"data":"Seek","floor":23,"key":"SMITH"},{"data":"Heatsinks","floor":25,"key":"SMITH"},{"data":"Amplify","floor":32,"key":"SMITH"},{"floor":41,"key":"REST"},{"floor":49,"key":"REST"}],"neow_cost":"NONE","seed_source_timestamp":155471006273294,"circlet_count":0,"master_deck":["Strike_B","Strike_B+1","Defend_B","Defend_B","Defend_B","Zap","Dualcast","Beam Cell","Chill","White Noise","Defragment+1","Ball Lightning","Darkness","Static Discharge","Cold Snap","Defragment","Ball Lightning","Amplify+1","Seek+1","Ball Lightning+1","Defragment","Heatsinks+1","Storm","Defragment+1","Capacitor","Consume","Rainbow","Fusion+1","Consume","Pain","Capacitor+1"],"relics":["Tiny House","Bag of Marbles","Question Card","Dead Branch","Nuclear Battery","PreservedInsect","Pear","Bottled Lightning","Meat on the Bone","Vajra","Art of War","Cursed Key","Bag of Preparation","The Courier","Omamori","Centennial Puzzle","Red Mask"],"potions_floor_usage":[6,6,11,16,28,38,39,50,50],"damage_taken":[{"damage":0,"enemies":"Cultist","floor":1,"turns":4},{"damage":0,"enemies":"2 Louse","floor":2,"turns":4},{"damage":0,"enemies":"Small Slimes","floor":4,"turns":4},{"damage":28,"enemies":"Gremlin Gang","floor":5,"turns":6},{"damage":24,"enemies":"Gremlin Nob","floor":6,"turns":4},{"damage":9,"enemies":"Looter","floor":7,"turns":2},{"damage":9,"enemies":"2 Fungi Beasts","floor":11,"turns":4},{"damage":14,"enemies":"Lagavulin","floor":14,"turns":6},{"damage":8,"enemies":"Hexaghost","floor":16,"turns":7},{"damage":0,"enemies":"3 Byrds","floor":18,"turns":3},{"damage":9,"enemies":"Shell Parasite","floor":21,"turns":5},{"damage":4,"enemies":"Slavers","floor":24,"turns":2},{"damage":7,"enemies":"Book of Stabbing","floor":28,"turns":2},{"damage":33,"enemies":"Shelled Parasite and Fungi","floor":29,"turns":4},{"damage":6,"enemies":"Gremlin Leader","floor":30,"turns":4},{"damage":25,"enemies":"Champ","floor":33,"turns":7},{"damage":8,"enemies":"3 Shapes","floor":35,"turns":4},{"damage":0,"enemies":"Orb Walker","floor":36,"turns":3},{"damage":1,"enemies":"Maw","floor":37,"turns":4},{"damage":62,"enemies":"Transient","floor":39,"turns":5},{"damage":21,"enemies":"Nemesis","floor":40,"turns":3},{"damage":9,"enemies":"Reptomancer","floor":42,"turns":5},{"damage":29,"enemies":"Giant Head","floor":44,"turns":5},{"damage":0,"enemies":"Jaw Worm Horde","floor":45,"turns":1},{"damage":13,"enemies":"Sphere and 2 Shapes","floor":47,"turns":4},{"damage":58,"enemies":"Time Eater","floor":50,"turns":7}],"seed_played":"1066134587010598120","potions_obtained":[{"floor":0,"key":"PowerPotion"},{"floor":5,"key":"Poison Potion"},{"floor":7,"key":"AttackPotion"},{"floor":11,"key":"SkillPotion"},{"floor":14,"key":"Energy Potion"},{"floor":28,"key":"FearPotion"},{"floor":29,"key":"Block Potion"},{"floor":33,"key":"FearPotion"},{"floor":40,"key":"EssenceOfSteel"},{"floor":44,"key":"Poison Potion"},{"floor":47,"key":"AttackPotion"}],"is_trial":false,"path_per_floor":["M","M","$","M","M","E","M","R","T","$","M","?","$","E","R","B",null,"M","$","T","M","?","R","E","R","T","?","E","M","E","?","R","B",null,"M","M","M","$","M","E","R","E","T","E","M","?","M","?","R","B",null],"character_chosen":"DEFECT","items_purchased":["Defragment","Static Discharge","Ball Lightning","Defragment","Fruit Juice","Consume"],"campfire_rested":3,"item_purchase_floors":[3,10,13,19,38,38],"current_hp_per_floor":[80,80,80,80,52,28,19,43,43,43,34,34,34,20,20,12,80,80,80,80,71,71,71,77,77,77,77,70,49,55,55,55,42,90,82,82,81,86,36,27,55,58,58,41,53,53,52,52,79,33],"gold":0,"neow_bonus":"BOSS_RELIC","is_prod":false,"is_daily":false,"chose_seed":false,"campfire_upgraded":4,"win_rate":0,"timestamp":1560544558,"path_taken":["M","M","$","M","?","E","M","R","T","?","M","?","$","E","R","BOSS","M","$","?","M","?","R","E","R","T","?","E","M","E","?","R","BOSS","M","M","M","$","?","E","R","E","T","E","M","?","M","?","R","BOSS"],"build_version":"2019-01-23","purchased_purges":1,"victory":true,"max_hp_per_floor":[80,80,80,80,80,80,80,80,80,80,80,80,80,80,80,80,80,80,80,80,80,80,80,90,90,90,90,90,90,90,90,90,90,90,90,90,90,95,95,95,95,95,95,95,95,90,90,90,90,90],"card_choices":[{"not_picked":["Go for the Eyes","Streamline"],"picked":"Beam Cell","floor":0},{"not_picked":["Glacier","Redo"],"picked":"Chill","floor":1},{"not_picked":["Rip and Tear","Streamline"],"picked":"White Noise","floor":2},{"not_picked":["Stack","Sweeping Beam","Skim"],"picked":"SKIP","floor":4},{"not_picked":["Leap","Steam","Double Energy"],"picked":"SKIP","floor":5},{"not_picked":["Sweeping Beam","Streamline"],"picked":"Ball Lightning","floor":6},{"not_picked":["Steam","Skim"],"picked":"Darkness","floor":7},{"not_picked":["Turbo","BootSequence","Ball Lightning"],"picked":"Cold Snap","floor":11},{"not_picked":["Chaos","Streamline","Melter"],"picked":"Amplify","floor":14},{"not_picked":["Rainbow","Buffer","All For One"],"picked":"Seek","floor":16},{"not_picked":["Steam","Sweeping Beam","Leap"],"picked":"Ball Lightning+1","floor":18},{"not_picked":["Capacitor","Genetic Algorithm","Beam Cell"],"picked":"Heatsinks","floor":21},{"not_picked":["Leap","Heatsinks","Redo"],"picked":"Defragment+1","floor":24},{"not_picked":["Fusion","Steam","Go for the Eyes","Compile Driver"],"picked":"SKIP","floor":28},{"not_picked":["Ball Lightning+1","Leap","Redo","Hologram"],"picked":"SKIP","floor":29},{"not_picked":["Conserve Battery+1","Leap","Compile Driver"],"picked":"Capacitor","floor":30},{"not_picked":["Biased Cognition","Fission","Seek"],"picked":"Rainbow","floor":33},{"not_picked":["Sweeping Beam+1","Genetic Algorithm","Ball Lightning"],"picked":"Fusion+1","floor":35},{"not_picked":["Sweeping Beam+1","Ball Lightning","Turbo","Hologram+1"],"picked":"SKIP","floor":36},{"not_picked":["Leap+1","Steam","Streamline","Hologram+1"],"picked":"SKIP","floor":37},{"not_picked":["Reprogram+1","Go for the Eyes","Conserve Battery+1","Sweeping Beam+1"],"picked":"SKIP","floor":39},{"not_picked":["Defragment","Gash","Skim+1","Turbo+1"],"picked":"SKIP","floor":40},{"not_picked":["Go for the Eyes","Steam+1","Compile Driver+1","Rainbow"],"picked":"SKIP","floor":42},{"not_picked":["FTL+1","Steam Power+1","Biased Cognition","BootSequence+1"],"picked":"SKIP","floor":44},{"not_picked":["Static Discharge","Barrage","Conserve Battery+1"],"picked":"Capacitor+1","floor":45},{"not_picked":["Gash+1","Go for the Eyes+1","Rebound","Steam"],"picked":"SKIP","floor":47}],"player_experience":399608,"relics_obtained":[{"floor":6,"key":"Bag of Marbles"},{"floor":9,"key":"Question Card"},{"floor":14,"key":"Dead Branch"},{"floor":20,"key":"PreservedInsect"},{"floor":24,"key":"Pear"},{"floor":26,"key":"Bottled Lightning"},{"floor":28,"key":"Vajra"},{"floor":30,"key":"Art of War"},{"floor":40,"key":"Bag of Preparation"},{"floor":42,"key":"The Courier"},{"floor":43,"key":"Omamori"},{"floor":44,"key":"Centennial Puzzle"}],"event_choices":[{"damage_healed":0,"gold_gain":0,"cards_transformed":["Defend_B"],"player_choice":"Transformed","damage_taken":0,"max_hp_gain":0,"max_hp_loss":0,"event_name":"Transmorgrifier","floor":12,"gold_loss":0,"cards_obtained":["Defragment"]},{"damage_healed":0,"gold_gain":0,"player_choice":"Read","damage_taken":0,"max_hp_gain":0,"max_hp_loss":0,"event_name":"The Library","floor":22,"gold_loss":0,"cards_obtained":["Storm"]},{"damage_healed":0,"gold_gain":0,"player_choice":"Obtained Relic","damage_taken":0,"relics_obtained":["Meat on the Bone"],"max_hp_gain":0,"max_hp_loss":0,"event_name":"Addict","floor":27,"gold_loss":85},{"damage_healed":0,"gold_gain":0,"cards_transformed":["Strike_B"],"player_choice":"Transformed","damage_taken":0,"max_hp_gain":0,"max_hp_loss":0,"event_name":"Transmorgrifier","floor":31,"gold_loss":0,"cards_obtained":["Consume"]},{"damage_healed":0,"gold_gain":0,"player_choice":"Max HP","damage_taken":0,"max_hp_gain":0,"max_hp_loss":5,"event_name":"Winding Halls","floor":46,"gold_loss":0},{"damage_healed":0,"gold_gain":0,"player_choice":"Paid","damage_taken":0,"relics_obtained":["Red Mask"],"max_hp_gain":0,"max_hp_loss":0,"event_name":"Tomb of Lord Red Mask","floor":48,"gold_loss":260}],"is_beta":false,"boss_relics":[{"not_picked":["White Beast Statue","Runic Dome"],"picked":"Nuclear Battery"},{"not_picked":["Velvet Choker","Fusion Hammer"],"picked":"Cursed Key"}],"items_purged_floors":[3],"is_endless":false,"potions_floor_spawned":[5,7,11,14,28,29,33,35,40,44,47],"ascension_level":3}