{"gold_per_floor":[214,227,242,258,258,258,278,278,278,278,290,290,111,121,121,224,224,240,240,165,185,185],"floor_reached":22,"playtime":1175,"items_purged":["Strike_G"],"score":178,"play_id":"3993bb33-1d10-4e4d-9de7-b0f1706376cb","local_time":"20180731173039","is_ascension_mode":false,"campfire_choices":[{"data":"Cloak And Dagger","floor":6,"key":"SMITH"},{"data":"Dash","floor":8,"key":"SMITH"},{"data":"Panacea","floor":12,"key":"SMITH"},{"floor":15,"key":"REST"}],"neow_cost":"NONE","seed_source_timestamp":945937854075529,"circlet_count":0,"master_deck":["Defend_G","Defend_G","Defend_G","Defend_G","Defend_G","Strike_G","Strike_G","Strike_G","Survivor","Neutralize","Blade Dance","Dodge and Roll","Dash+1","Cloak And Dagger+1","Panacea+1","Tactician","Leg Sweep","After Image","Infinite Blades","Night Terror","Predator+1","Riddle With Holes"],"relics":["Ring of the Snake","The Courier","Question Card","Cursed Key","Enchiridion"],"potions_floor_usage":[16,16,16],"damage_taken":[{"damage":0,"enemies":"Cultist","floor":1,"turns":4},{"damage":7,"enemies":"Jaw Worm","floor":2,"turns":5},{"damage":0,"enemies":"Small Slimes","floor":3,"turns":6},{"damage":3,"enemies":"Blue Slaver","floor":4,"turns":5},{"damage":2,"enemies":"Large Slime","floor":7,"turns":7},{"damage":2,"enemies":"Lots of Slimes","floor":11,"turns":5},{"damage":0,"enemies":"2 Fungi Beasts","floor":14,"turns":5},{"damage":8,"enemies":"The Guardian","floor":16,"turns":14},{"damage":0,"enemies":"Shell Parasite","floor":18,"turns":8},{"damage":42,"enemies":"2 Thieves","floor":21,"turns":4},{"damage":4,"enemies":"Slaver and Parasite","floor":22,"turns":2}],"seed_played":"-1311216097139631256","potions_obtained":[{"floor":1,"key":"Poison Potion"},{"floor":11,"key":"SkillPotion"},{"floor":14,"key":"Fire Potion"}],"is_trial":false,"path_per_floor":["M","M","M","M","?","R","M","R","T","?","M","R","$","M","R","B",null,"M","?","?","M"],"character_chosen":"THE_SILENT","items_purchased":["After Image"],"campfire_rested":1,"item_purchase_floors":[13],"current_hp_per_floor":[70,63,63,60,57,57,55,55,55,55,53,53,53,53,70,62,70,70,54,54,12,8],"gold":185,"neow_bonus":"HUNDRED_GOLD","is_prod":false,"is_daily":false,"chose_seed":false,"campfire_upgraded":3,"win_rate":0,"timestamp":1533076239,"path_taken":["M","?","M","?","?","R","M","R","T","?","?","R","?","M","R","BOSS","M","?","?","M","M"],"build_version":"2018-07-26","purchased_purges":1,"victory":false,"max_hp_per_floor":[70,70,70,70,70,70,70,70,70,70,70,70,70,70,70,70,70,70,70,70,70,70],"card_choices":[{"not_picked":["Flying Knee","Deflect"],"picked":"Blade Dance","floor":1},{"not_picked":["Sucker Punch","Dagger Spray"],"picked":"Dodge and Roll","floor":2},{"not_picked":["Dagger Spray","Dodge and Roll"],"picked":"Dash","floor":3},{"not_picked":["Noxious Fumes","Predator"],"picked":"Cloak And Dagger","floor":4},{"not_picked":["Dash","Reflex","Prepared"],"picked":"SKIP","floor":7},{"not_picked":["PiercingWail","Acrobatics","Prepared"],"picked":"Leg Sweep","floor":11},{"not_picked":["Backflip","A Thousand Cuts","Blade Dance"],"picked":"Infinite Blades","floor":14},{"not_picked":["Envenom","Malaise","Grand Finale"],"picked":"Night Terror","floor":16},{"not_picked":["Dodge and Roll","Outmaneuver","Underhanded Strike+1"],"picked":"Predator+1","floor":18},{"not_picked":["Masterful Stab+1","Dodge and Roll+1","Deadly Poison"],"picked":"Riddle With Holes","floor":21}],"player_experience":96387,"relics_obtained":[{"floor":9,"key":"Question Card"},{"floor":19,"key":"Enchiridion"}],"event_choices":[{"event_name":"Scrap Ooze","player_choice":"success","floor":5,"damage_taken":3},{"event_name":"Match and Keep!","player_choice":"2 cards matched","floor":10,"damage_taken":0},{"event_name":"Cursed Tome","player_choice":"Obtained Book","floor":19,"damage_taken":0},{"event_name":"Beggar","player_choice":"Gave Gold","floor":20,"damage_taken":0}],"is_beta":false,"boss_relics":[{"not_picked":["Runic Dome","White Beast Statue"],"picked":"Cursed Key"}],"items_purged_floors":[13],"is_endless":false,"potions_floor_spawned":[1,11,14],"killed_by":"Slaver and Parasite","ascension_level":0}