{"gold_per_floor":[118,138,63,138,150,150,164,164,164,164,164,180,180,191,191,290,290,301,400,400,400,35,35,49,383,406,406,425,425,177,193,193,193],"floor_reached":33,"playtime":1223,"items_purged":["Defend_G","Defend_G","Defend_G"],"score":318,"play_id":"8c40a0fc-37a7-4703-ad21-3fdddfa3fc65","local_time":"20190206182230","is_ascension_mode":true,"campfire_choices":[{"data":"Deadly Poison","floor":6,"key":"SMITH"},{"floor":8,"key":"REST"},{"data":"Poisoned Stab","floor":11,"key":"SMITH"},{"data":"Crippling Poison","floor":15,"key":"SMITH"},{"data":"Corpse Explosion","floor":23,"key":"SMITH"},{"floor":27,"key":"REST"},{"floor":29,"key":"REST"},{"data":"Noxious Fumes","floor":32,"key":"SMITH"}],"neow_cost":"NONE","seed_source_timestamp":523365143965369,"circlet_count":0,"master_deck":["Defend_G","Survivor","Neutralize","Deadly Poison+1","Deflect","Slice","Poisoned Stab+1","Crippling Poison+1","Dagger Spray+1","Bite","Bite","Bite","Bite","Bite","Corpse Explosion+1","Deadly Poison","Flying Knee","Noxious Fumes+1","Deadly Poison","Bane","Noxious Fumes"],"relics":["Ring of the Serpent","Pear","The Courier","TwistedFunnel","Old Coin","Centennial Puzzle"],"potions_floor_usage":[16,25,33],"damage_taken":[{"damage":4,"enemies":"2 Louse","floor":1,"turns":4},{"damage":3,"enemies":"Jaw Worm","floor":2,"turns":3},{"damage":7,"enemies":"Small Slimes","floor":5,"turns":4},{"damage":0,"enemies":"Blue Slaver","floor":7,"turns":3},{"damage":0,"enemies":"3 Louse","floor":12,"turns":3},{"damage":0,"enemies":"2 Fungi Beasts","floor":14,"turns":3},{"damage":82,"enemies":"Slime Boss","floor":16,"turns":11},{"damage":13,"enemies":"Chosen","floor":18,"turns":5},{"damage":6,"enemies":"3 Byrds","floor":24,"turns":2},{"damage":37,"enemies":"Gremlin Leader","floor":25,"turns":5},{"damage":10,"enemies":"Snake Plant","floor":28,"turns":3},{"damage":12,"enemies":"Chosen and Byrds","floor":31,"turns":4},{"damage":73,"enemies":"Collector","floor":33,"turns":6}],"seed_played":"-938283686070221469","potions_obtained":[{"floor":2,"key":"Explosive Potion"},{"floor":5,"key":"FearPotion"},{"floor":14,"key":"Ancient Potion"},{"floor":24,"key":"GamblersBrew"}],"is_trial":false,"path_per_floor":["M","M","$","?","M","R","M","R","T","?","R","M","?","M","R","B",null,"M","?","?","?","$","R","M","E","T","R","M","R","$","M","R","B"],"character_chosen":"THE_SILENT","items_purchased":["Corpse Explosion","TwistedFunnel","Noxious Fumes","Deadly Poison","Bane"],"campfire_rested":3,"item_purchase_floors":[22,22,30,30,30],"current_hp_per_floor":[73,70,70,59,52,52,52,75,85,78,78,78,83,83,83,1,92,79,79,64,64,64,64,60,33,33,52,46,64,64,54,54,0],"gold":193,"neow_bonus":"TEN_PERCENT_HP_BONUS","is_prod":false,"is_daily":false,"chose_seed":false,"campfire_upgraded":5,"win_rate":0,"timestamp":1549498950,"path_taken":["M","M","$","?","M","R","M","R","T","?","R","M","?","?","R","BOSS","M","?","?","?","$","R","M","E","T","R","?","R","$","M","R","BOSS"],"build_version":"2019-01-23","purchased_purges":3,"victory":false,"max_hp_per_floor":[77,77,77,77,77,77,77,77,87,87,87,87,92,92,92,92,92,92,92,64,64,64,64,64,64,64,64,64,64,64,64,64,64],"card_choices":[{"not_picked":["Deflect","Dagger Throw"],"picked":"Deadly Poison","floor":1},{"not_picked":["Choke","Heel Hook"],"picked":"Deflect","floor":2},{"not_picked":["Outmaneuver","Eviscerate"],"picked":"Slice","floor":5},{"not_picked":["Heel Hook","Backflip"],"picked":"Poisoned Stab","floor":7},{"not_picked":["Acrobatics","Doppelganger","Outmaneuver"],"picked":"SKIP","floor":12},{"not_picked":["Deadly Poison","Backstab"],"picked":"Crippling Poison","floor":14},{"not_picked":["Quick Slash","Dagger Throw"],"picked":"Dagger Spray+1","floor":18},{"not_picked":["PiercingWail","Reflex","Slice"],"picked":"SKIP","floor":24},{"not_picked":["Crippling Poison","Tactician"],"picked":"Deadly Poison","floor":25},{"not_picked":["All Out Attack","Outmaneuver"],"picked":"Flying Knee","floor":28},{"not_picked":["Dodge and Roll","Outmaneuver"],"picked":"Noxious Fumes","floor":31}],"player_experience":147038,"relics_obtained":[{"floor":9,"key":"Pear"},{"floor":25,"key":"Old Coin"},{"floor":26,"key":"Centennial Puzzle"}],"event_choices":[{"damage_healed":0,"gold_gain":75,"player_choice":"Gather Gold","damage_taken":11,"max_hp_gain":0,"max_hp_loss":0,"event_name":"World of Goop","floor":4,"gold_loss":0},{"damage_healed":0,"gold_gain":0,"player_choice":"Success","damage_taken":7,"relics_obtained":["The Courier"],"max_hp_gain":0,"max_hp_loss":0,"event_name":"Scrap Ooze","floor":10,"gold_loss":0},{"damage_healed":0,"gold_gain":0,"player_choice":"Donut","damage_taken":0,"max_hp_gain":5,"max_hp_loss":0,"event_name":"Big Fish","floor":13,"gold_loss":0},{"damage_healed":0,"gold_gain":99,"player_choice":"Stole From Cult","damage_taken":0,"max_hp_gain":0,"max_hp_loss":0,"event_name":"Nest","floor":19,"gold_loss":0},{"damage_healed":0,"gold_gain":0,"player_choice":"Became a vampire","damage_taken":0,"max_hp_gain":0,"max_hp_loss":28,"event_name":"Vampires","floor":20,"gold_loss":0,"cards_obtained":["Bite","Bite","Bite","Bite","Bite"]},{"cards_removed":["Defend_G"],"damage_healed":0,"gold_gain":0,"player_choice":"Elegance","damage_taken":0,"max_hp_gain":0,"max_hp_loss":0,"event_name":"Back to Basics","floor":21,"gold_loss":0}],"is_beta":false,"boss_relics":[{"not_picked":["Empty Cage","WristBlade"],"picked":"Ring of the Serpent"}],"items_purged_floors":[3,22,30],"is_endless":false,"potions_floor_spawned":[2,5,14,24],"killed_by":"Collector","ascension_level":3}