{"gold_per_floor":[114,129,149,224,51,21,21,37,37,37,37],"floor_reached":11,"playtime":460,"items_purged":[],"score":76,"play_id":"8e92d0a6-00ed-4c27-be2d-b72531782bea","local_time":"20190619193316","is_ascension_mode":true,"campfire_choices":[{"data":"Underhanded Strike","floor":7,"key":"SMITH"}],"neow_cost":"NONE","seed_source_timestamp":178668741903112,"circlet_count":0,"master_deck":["Defend_G","Defend_G","Defend_G","Defend_G","Defend_G","Strike_G","Strike_G","Strike_G","Strike_G","Strike_G","Survivor","Neutralize","Underhanded Strike+1","Flash of Steel","Adrenaline","Crippling Poison","Tactician+1"],"relics":["HoveringKite","Gremlin Horn"],"potions_floor_usage":[3],"damage_taken":[{"damage":6,"enemies":"Small Slimes","floor":1,"turns":7},{"damage":7,"enemies":"Jaw Worm","floor":2,"turns":4},{"damage":7,"enemies":"2 Louse","floor":3,"turns":3},{"damage":1,"enemies":"Looter","floor":6,"turns":4},{"damage":33,"enemies":"Large Slime","floor":8,"turns":11},{"damage":10,"enemies":"Lagavulin","floor":11,"turns":2}],"seed_played":"28411842771707281","potions_obtained":[{"floor":3,"key":"Fruit Juice"},{"floor":8,"key":"SteroidPotion"}],"is_trial":false,"path_per_floor":["M","M","M","?","$","M","R","M","T","?","E"],"character_chosen":"THE_SILENT","items_purchased":["Flash of Steel","Adrenaline"],"campfire_rested":0,"item_purchase_floors":[5,5],"current_hp_per_floor":[64,57,55,44,44,43,43,10,10,10,0],"gold":37,"neow_bonus":"BOSS_RELIC","is_prod":false,"is_daily":false,"chose_seed":false,"campfire_upgraded":1,"win_rate":0,"timestamp":1560987196,"path_taken":["M","M","M","?","$","M","R","M","T","?","E"],"build_version":"2019-01-23","purchased_purges":0,"victory":false,"max_hp_per_floor":[70,70,75,75,75,75,75,75,75,75,75],"card_choices":[{"not_picked":["Acrobatics","Blade Dance"],"picked":"Underhanded Strike","floor":1},{"not_picked":["Heel Hook","Setup","Flying Knee"],"picked":"SKIP","floor":2},{"not_picked":["Dodge and Roll","Masterful Stab","Outmaneuver"],"picked":"SKIP","floor":3},{"not_picked":["Noxious Fumes","Bane"],"picked":"Crippling Poison","floor":6},{"not_picked":["Deadly Poison","Dagger Throw"],"picked":"Tactician","floor":8}],"player_experience":431666,"relics_obtained":[{"floor":9,"key":"Gremlin Horn"}],"event_choices":[{"damage_healed":0,"gold_gain":75,"player_choice":"Gather Gold","damage_taken":11,"max_hp_gain":0,"max_hp_loss":0,"event_name":"World of Goop","floor":4,"gold_loss":0},{"damage_healed":0,"gold_gain":0,"player_choice":"Grow","damage_taken":0,"max_hp_gain":0,"max_hp_loss":0,"event_name":"Living Wall","floor":10,"gold_loss":0,"cards_upgraded":["Tactician"]}],"is_beta":false,"boss_relics":[],"items_purged_floors":[],"is_endless":false,"potions_floor_spawned":[3,8],"killed_by":"Lagavulin","ascension_level":4}