{"gold_per_floor":[114,64,15,33,33,66,66,81,111,111,40,40,54,85,85,185,185,202,213,232,157,210,210],"floor_reached":23,"playtime":925,"items_purged":["Defend_G"],"score":235,"play_id":"6e72844d-cf2c-43d9-a10a-33cbf3c286bf","local_time":"20181022201832","is_ascension_mode":true,"campfire_choices":[{"data":"Bane","floor":7,"key":"SMITH"},{"data":"Deadly Poison","floor":10,"key":"SMITH"},{"data":"Catalyst","floor":12,"key":"SMITH"},{"data":"Deflect","floor":15,"key":"SMITH"}],"neow_cost":"NONE","seed_source_timestamp":0,"circlet_count":0,"master_deck":["Defend_G","Defend_G","Defend_G","Defend_G","Strike_G","Strike_G","Strike_G","Strike_G","Survivor","Neutralize","Deflect","Bane+1","Deflect+1","Deadly Poison+1","Catalyst+1","Bane","Die Die Die","Caltrops","Catalyst"],"special_seed":0,"relics":["Ring of the Snake","NeowsBlessing","Matryoshka","Tiny Chest","Boot","Potion Belt","Lizard Tail","Smiling Mask","Blood Vial"],"potions_floor_usage":[16,16,23],"damage_taken":[{"damage":0.0,"enemies":"Jaw Worm","floor":1.0,"turns":1.0},{"damage":0.0,"enemies":"Small Slimes","floor":4.0,"turns":1.0},{"damage":0,"enemies":"3 Sentries","floor":6,"turns":2},{"damage":0,"enemies":"Cultist","floor":8,"turns":5},{"damage":1,"enemies":"Looter","floor":13,"turns":2},{"damage":5,"enemies":"Lagavulin","floor":14,"turns":5},{"damage":30,"enemies":"Hexaghost","floor":16,"turns":8},{"damage":63,"enemies":"Spheric Guardian","floor":18,"turns":8},{"damage":14,"enemies":"Shell Parasite","floor":19,"turns":5},{"damage":21,"enemies":"Centurion and Healer","floor":20,"turns":8},{"damage":16,"enemies":"Colosseum Slavers","floor":23,"turns":1}],"seed_played":"-1727950447845658248","potions_obtained":[{"floor":8,"key":"SpeedPotion"},{"floor":13,"key":"Energy Potion"},{"floor":14,"key":"Dexterity Potion"},{"floor":18,"key":"Dexterity Potion"},{"floor":20,"key":"Block Potion"}],"is_trial":false,"path_per_floor":["M","?","$","M","?","E","R","M","T","R","$","R","M","E","R","B",null,"M","M","M","$","T"],"character_chosen":"THE_SILENT","items_purchased":["Bane","Catalyst"],"campfire_rested":0,"item_purchase_floors":[3,11],"current_hp_per_floor":[70,70,70,70,75,75,75,75,75,75,75,75,74,69,69,39,75,12,35,14,14,14,0],"gold":210,"neow_bonus":"THREE_ENEMY_KILL","is_prod":false,"is_daily":false,"chose_seed":false,"campfire_upgraded":4,"win_rate":0,"timestamp":1540257512,"path_taken":["M","?","?","M","?","E","R","M","T","R","?","R","M","E","R","BOSS","M","M","M","$","?","?"],"build_version":"2018-10-18","purchased_purges":1,"victory":false,"max_hp_per_floor":[70,70,70,70,75,75,75,75,75,75,75,75,75,75,75,75,75,75,75,75,75,75,75],"card_choices":[{"not_picked":["Masterful Stab","Predator"],"picked":"Deflect","floor":1.0},{"not_picked":["Blade Dance","Dagger Throw"],"picked":"Deflect","floor":4},{"not_picked":["Heel Hook","Cloak And Dagger","Underhanded Strike"],"picked":"SKIP","floor":6},{"not_picked":["Underhanded Strike","Quick Slash"],"picked":"Deadly Poison","floor":8},{"not_picked":["Venomology","Caltrops"],"picked":"Bane","floor":13},{"not_picked":["Choke","Tactician","Dagger Spray"],"picked":"SKIP","floor":14},{"not_picked":["Doppelganger","Grand Finale"],"picked":"Die Die Die","floor":16},{"not_picked":["All Out Attack","Outmaneuver"],"picked":"Caltrops","floor":18},{"not_picked":["Flying Knee+1","Blade Dance"],"picked":"Catalyst","floor":19},{"not_picked":["Eviscerate","Predator+1","Outmaneuver"],"picked":"SKIP","floor":20}],"player_experience":143706,"relics_obtained":[{"floor":6,"key":"Matryoshka"},{"floor":9,"key":"Tiny Chest"},{"floor":9,"key":"Boot"},{"floor":14,"key":"Potion Belt"},{"floor":22,"key":"Smiling Mask"},{"floor":22,"key":"Blood Vial"}],"event_choices":[{"cards_removed":["Strike_G"],"damage_healed":0.0,"max_hp_gain":0.0,"max_hp_loss":0.0,"gold_gain":0.0,"event_name":"The Cleric","player_choice":"Card Removal","floor":2.0,"gold_loss":50.0,"damage_taken":0.0},{"damage_healed":0,"gold_gain":0,"player_choice":"Donut","damage_taken":0,"max_hp_gain":5,"max_hp_loss":0,"event_name":"Big Fish","floor":5,"gold_loss":0},{"damage_healed":0,"gold_gain":0,"player_choice":"Fight","damage_taken":0,"max_hp_gain":0,"max_hp_loss":0,"event_name":"Colosseum","floor":23,"gold_loss":0}],"is_beta":false,"boss_relics":[{"not_picked":["Calling Bell","Philosopher\u0027s Stone"],"picked":"Lizard Tail"}],"items_purged_floors":[21],"is_endless":false,"potions_floor_spawned":[8,13,14,18,20],"killed_by":"Colosseum Slavers","ascension_level":1}