{"gold_per_floor":[10,85,85,10,26,26,46,66,66,66,94,94,113,113,113,218,218,233,133,153,28,28,28,63,75,112,147,175,206,218,230,242,354,366,397,409,421,446,117,117,133,133,156,173,29,29,61,71,71,71],"floor_reached":50,"playtime":13214,"items_purged":["Defend_R","Strike_R","Strike_R","Strike_R"],"score":565,"play_id":"6cc57b4f-90e1-4b9a-923d-aa9aa0d20cc2","local_time":"20180802212006","is_ascension_mode":false,"campfire_choices":[{"data":"Anger","floor":6.0,"key":"SMITH"},{"data":"Thunderclap","floor":10.0,"key":"SMITH"},{"floor":12.0,"key":"REST"},{"data":"Pommel Strike","floor":15.0,"key":"SMITH"},{"data":"Bash","floor":23.0,"key":"SMITH"},{"floor":25.0,"key":"REST"},{"data":"Sword Boomerang","floor":32,"key":"SMITH"},{"data":"Uppercut","floor":40,"key":"SMITH"},{"data":"Defend_R","floor":42,"key":"SMITH"},{"floor":49,"key":"REST"}],"neow_cost":"NO_GOLD","seed_source_timestamp":0,"circlet_count":0,"master_deck":["Strike_R","Strike_R","Defend_R+1","Defend_R","Defend_R","Bash+1","Anger+1","Uppercut+1","Thunderclap+1","Pommel Strike+1","Sword Boomerang+1","Reaper+1","Iron Wave+1","Twin Strike+1","Iron Wave+1","Immolate+1","Flex","Shockwave+1","Ghostly Armor+1"],"special_seed":0,"relics":["Burning Blood","Shuriken","StoneCalendar","Molten Egg 2","Snecko Eye","MawBank","Blood Vial","Mark of Pain","ClockworkSouvenir","Anchor","Dream Catcher","Bird Faced Urn"],"potions_floor_usage":[28,44,50,50],"damage_taken":[{"damage":4.0,"enemies":"Cultist","floor":1.0,"turns":4.0},{"damage":6.0,"enemies":"2 Louse","floor":5.0,"turns":3.0},{"damage":6.0,"enemies":"Jaw Worm","floor":7.0,"turns":2.0},{"damage":16.0,"enemies":"3 Louse","floor":8.0,"turns":3.0},{"damage":21.0,"enemies":"Lagavulin","floor":11.0,"turns":5.0},{"damage":15.0,"enemies":"Gremlin Gang","floor":13.0,"turns":4.0},{"damage":0.0,"enemies":"Slime Boss","floor":16.0,"turns":5.0},{"damage":15.0,"enemies":"2 Thieves","floor":18.0,"turns":2.0},{"damage":13.0,"enemies":"Shell Parasite","floor":20.0,"turns":4.0},{"damage":55.0,"enemies":"Book of Stabbing","floor":24.0,"turns":6.0},{"damage":0.0,"enemies":"Cultist and Chosen","floor":27.0,"turns":3.0},{"damage":1,"enemies":"Chosen and Byrds","floor":28,"turns":3},{"damage":27,"enemies":"Sentry and Sphere","floor":29,"turns":5},{"damage":35,"enemies":"Champ","floor":33,"turns":6},{"damage":0,"enemies":"3 Darklings","floor":35,"turns":2},{"damage":4,"enemies":"Flame Bruiser 1 Orb","floor":38,"turns":3},{"damage":12,"enemies":"Spire Growth","floor":41,"turns":3},{"damage":8,"enemies":"Transient","floor":44,"turns":5},{"damage":46,"enemies":"2 Orb Walkers","floor":47,"turns":3},{"damage":16,"enemies":"Maw","floor":48,"turns":5},{"damage":103,"enemies":"Time Eater","floor":50,"turns":11}],"seed_played":"-5324124734250339191","potions_obtained":[{"floor":5.0,"key":"GamblersBrew"},{"floor":7.0,"key":"Poison Potion"},{"floor":8.0,"key":"PowerPotion"},{"floor":16.0,"key":"SpeedPotion"},{"floor":18.0,"key":"EssenceOfSteel"},{"floor":27,"key":"GamblersBrew"},{"floor":28,"key":"LiquidBronze"},{"floor":33,"key":"AttackPotion"},{"floor":44,"key":"PowerPotion"}],"is_trial":false,"path_per_floor":["M","?","?","$","M","R","M","M","T","R","E","R","M","?","R","B",null,"M","$","M","$","?","R","E","R","T","M","M","M","?","?","R","B",null,"M","?","?","M","$","R","M","R","T","M","$","$","E","M","R"],"character_chosen":"IRONCLAD","items_purchased":["ClockworkSouvenir","Dream Catcher"],"campfire_rested":3,"item_purchase_floors":[39,45],"current_hp_per_floor":[96,85,90,90,90,90,90,80,80,80,65,95,86,83,83,89,101,92,92,85,85,85,85,45,75,75,93,100,80,80,80,80,58,101,101,101,101,101,101,101,95,95,95,101,101,101,61,62,92,0],"gold":71,"neow_bonus":"TWENTY_PERCENT_HP_BONUS","is_prod":false,"is_daily":false,"chose_seed":false,"campfire_upgraded":7,"win_rate":0.0,"timestamp":1533262806,"path_taken":["M","?","?","?","M","R","?","M","T","R","E","R","M","?","R","BOSS","M","$","M","$","?","R","E","R","T","M","M","M","?","?","R","BOSS","M","?","?","M","$","R","?","R","T","M","?","$","E","M","R","BOSS"],"build_version":"2018-08-02","purchased_purges":4,"victory":false,"max_hp_per_floor":[96,96,101,101,101,101,101,101,101,101,101,101,101,101,101,101,101,101,101,101,101,101,101,101,101,101,101,101,101,101,101,101,101,101,101,101,101,101,101,101,101,101,101,101,101,101,101,101,101,101],"card_choices":[{"not_picked":["Body Slam","True Grit"],"picked":"Anger","floor":1.0},{"not_picked":["Whirlwind","Sever Soul"],"picked":"Uppercut","floor":5.0},{"not_picked":["Carnage","Searing Blow","Clash"],"picked":"SKIP","floor":7.0},{"not_picked":["Warcry","Feel No Pain"],"picked":"Thunderclap","floor":8.0},{"not_picked":["Warcry","Dropkick"],"picked":"Pommel Strike","floor":11.0},{"not_picked":["Searing Blow","Iron Wave"],"picked":"Sword Boomerang","floor":13.0},{"not_picked":["Dark Embrace","Brutality"],"picked":"Reaper+1","floor":16.0},{"not_picked":["Perfected Strike+1","Rage"],"picked":"Iron Wave+1","floor":18.0},{"not_picked":["Wild Strike+1","Sword Boomerang+1"],"picked":"Twin Strike+1","floor":20.0},{"not_picked":["Pummel+1","Wild Strike+1","Searing Blow+1"],"picked":"SKIP","floor":24.0},{"not_picked":["Infernal Blade","Clash+1"],"picked":"Iron Wave+1","floor":27},{"not_picked":["Warcry","Carnage+1","Reaper+1"],"picked":"SKIP","floor":28},{"not_picked":["Feel No Pain","Clothesline+1","Disarm+1"],"picked":"SKIP","floor":29},{"not_picked":["Offering","Double Tap"],"picked":"Immolate+1","floor":33},{"not_picked":["Cleave+1","Twin Strike+1","Hemokinesis+1"],"picked":"SKIP","floor":35},{"not_picked":["Entrench","Shockwave+1","Metallicize+1"],"picked":"SKIP","floor":38},{"not_picked":["Cleave+1","Clothesline+1","Shrug It Off+1"],"picked":"SKIP","floor":41},{"not_picked":["Perfected Strike+1","Seeing Red","Uppercut+1"],"picked":"SKIP","floor":44},{"not_picked":["Barricade","Reaper+1"],"picked":"Flex","floor":47},{"not_picked":["True Grit+1","Anger+1"],"picked":"Shockwave+1","floor":48},{"not_picked":["Pommel Strike+1","Reckless Charge+1"],"picked":"Ghostly Armor+1","floor":49}],"player_experience":99002,"relics_obtained":[{"floor":9.0,"key":"Shuriken"},{"floor":11.0,"key":"StoneCalendar"},{"floor":24.0,"key":"MawBank"},{"floor":26.0,"key":"Blood Vial"},{"floor":43,"key":"Anchor"},{"floor":47,"key":"Bird Faced Urn"}],"event_choices":[{"event_name":"World of Goop","player_choice":"Gather Gold","floor":2.0,"damage_taken":0.0},{"event_name":"Big Fish","player_choice":"Donut","floor":3.0,"damage_taken":0.0},{"event_name":"Scrap Ooze","player_choice":"success","floor":14.0,"damage_taken":3.0},{"event_name":"Ghosts","player_choice":"Ignored","floor":22.0,"damage_taken":0.0},{"event_name":"The Mausoleum","player_choice":"No","floor":30,"damage_taken":0},{"event_name":"N\u0027loth","player_choice":"Ignored","floor":31,"damage_taken":0},{"event_name":"SensoryStone","player_choice":"Memory 1","floor":36,"damage_taken":0},{"event_name":"Tomb of Lord Red Mask","player_choice":"Ignored","floor":37,"damage_taken":0}],"is_beta":false,"boss_relics":[{"not_picked":["Tiny House","Fusion Hammer"],"picked":"Snecko Eye"},{"not_picked":["White Beast Statue","Calling Bell"],"picked":"Mark of Pain"}],"items_purged_floors":[4,19,21,39],"is_endless":false,"potions_floor_spawned":[5,7,8,16,18,27,28,33,44],"killed_by":"Time Eater","ascension_level":0}