{"gold_per_floor":[213,163,88,88,148,174,174,208,208,222,272,322,58,108,108,108],"floor_reached":16,"playtime":500,"items_purged":["Defend_G","Strike_G"],"score":122,"play_id":"bd8a70e5-a0e0-4de0-af6b-a98168f69850","local_time":"20190616203736","is_ascension_mode":true,"campfire_choices":[{"floor":7,"key":"REST"},{"floor":15,"key":"REST"}],"neow_cost":"NONE","seed_source_timestamp":363984171922233,"circlet_count":0,"master_deck":["Defend_G","Defend_G","Defend_G","Strike_G","Strike_G","Strike_G","Survivor","Neutralize","Quick Slash","Bane","Terror","Dagger Spray","Grand Finale"],"relics":["Ring of the Snake","SsserpentHead","The Courier","Unceasing Top","Juzu Bracelet","Ice Cream"],"potions_floor_usage":[16,16,16],"damage_taken":[{"damage":0,"enemies":"Small Slimes","floor":1,"turns":4},{"damage":1,"enemies":"Cultist","floor":5,"turns":3},{"damage":48,"enemies":"Gremlin Nob","floor":6,"turns":6},{"damage":16,"enemies":"Lagavulin","floor":8,"turns":6},{"damage":0,"enemies":"2 Louse","floor":10,"turns":2},{"damage":52,"enemies":"Slime Boss","floor":16,"turns":8}],"seed_played":"6066125985607357126","potions_obtained":[{"floor":5,"key":"LiquidBronze"},{"floor":6,"key":"Explosive Potion"},{"floor":8,"key":"Energy Potion"}],"is_trial":false,"path_per_floor":["M","?","$","?","M","E","R","E","T","M","?","?","$","?","R","B"],"character_chosen":"THE_SILENT","items_purchased":["Ice Cream"],"campfire_rested":2,"item_purchase_floors":[13],"current_hp_per_floor":[70,70,70,70,69,21,42,26,26,26,26,26,26,26,47,0],"gold":108,"neow_bonus":"HUNDRED_GOLD","is_prod":false,"is_daily":false,"chose_seed":false,"campfire_upgraded":0,"win_rate":0,"timestamp":1560735456,"path_taken":["M","?","$","?","?","E","R","E","T","M","?","?","?","?","R","BOSS"],"build_version":"2019-01-23","purchased_purges":2,"victory":false,"max_hp_per_floor":[70,70,70,70,70,70,70,70,70,70,70,70,70,70,70,70],"card_choices":[{"not_picked":["Dagger Spray","Prepared"],"picked":"Quick Slash","floor":1},{"not_picked":["Slice","Sucker Punch"],"picked":"Bane","floor":5},{"not_picked":["Bane","Flying Knee"],"picked":"Terror","floor":6},{"not_picked":["Blade Dance","Underhanded Strike"],"picked":"Dagger Spray","floor":8},{"not_picked":["Underhanded Strike","Eviscerate","Well Laid Plans"],"picked":"SKIP","floor":10}],"player_experience":165643,"relics_obtained":[{"floor":6,"key":"The Courier"},{"floor":8,"key":"Unceasing Top"},{"floor":9,"key":"Juzu Bracelet"}],"event_choices":[{"cards_removed":["Strike_G"],"damage_healed":0,"gold_gain":0,"player_choice":"Card Removal","damage_taken":0,"max_hp_gain":0,"max_hp_loss":0,"event_name":"The Cleric","floor":2,"gold_loss":50},{"damage_healed":0,"gold_gain":0,"player_choice":"Trade","damage_taken":0,"relics_obtained":["SsserpentHead"],"max_hp_gain":0,"max_hp_loss":0,"event_name":"FaceTrader","floor":4,"gold_loss":0},{"damage_healed":0,"gold_gain":0,"player_choice":"Bought 0 Potions","damage_taken":0,"max_hp_gain":0,"max_hp_loss":0,"event_name":"The Woman in Blue","floor":11,"gold_loss":0},{"damage_healed":0,"gold_gain":0,"player_choice":"1 cards matched","damage_taken":0,"max_hp_gain":0,"max_hp_loss":0,"event_name":"Match and Keep!","floor":12,"gold_loss":0,"cards_obtained":["Grand Finale"]},{"cards_removed":["Defend_G"],"damage_healed":0,"gold_gain":0,"player_choice":"Forget","damage_taken":0,"max_hp_gain":0,"max_hp_loss":0,"event_name":"Living Wall","floor":14,"gold_loss":0}],"is_beta":false,"boss_relics":[],"items_purged_floors":[3,13],"is_endless":false,"potions_floor_spawned":[5,6,8],"killed_by":"Slime Boss","ascension_level":3}