{"gold_per_floor":[117,129,129,54,54,88,100,100,100,113,123,140,90,90,90,216,254,269,169,190,190,203,203],"floor_reached":23,"playtime":964,"items_purged":["Defend_G","Defend_G"],"score":218,"play_id":"4229e9a7-2f07-4505-8e74-63e7a3a45496","local_time":"20180712170850","is_ascension_mode":false,"campfire_choices":[{"data":"Caltrops","floor":8,"key":"SMITH"},{"data":"Dagger Spray","floor":15,"key":"SMITH"}],"neow_cost":"NONE","seed_source_timestamp":0,"circlet_count":0,"master_deck":["Defend_G","Defend_G","Strike_G","Strike_G","Strike_G+1","Strike_G","Survivor","Neutralize","Caltrops+1","Quick Slash","Dagger Spray+1","Bane","Dash","Catalyst","Injury","A Thousand Cuts","Noxious Fumes","Deadly Poison","Bane+1","Bane"],"special_seed":17724,"relics":["Ring of the Snake","Paper Crane","Dodecahedron","Golden Idol","Tiny House","Nloth\u0027s Gift"],"potions_floor_usage":[],"damage_taken":[{"damage":0,"enemies":"Cultist","floor":1,"turns":1},{"damage":0,"enemies":"Small Slimes","floor":2,"turns":1},{"damage":0,"enemies":"Gremlin Nob","floor":6,"turns":1},{"damage":0,"enemies":"2 Louse","floor":7,"turns":3},{"damage":0,"enemies":"Blue Slaver","floor":10,"turns":3},{"damage":0,"enemies":"2 Fungi Beasts","floor":11,"turns":3},{"damage":0,"enemies":"Large Slime","floor":12,"turns":4},{"damage":64,"enemies":"Hexaghost","floor":16,"turns":12},{"damage":20,"enemies":"3 Byrds","floor":18,"turns":4},{"damage":23,"enemies":"Spheric Guardian","floor":20,"turns":5},{"damage":17,"enemies":"Centurion and Healer","floor":22,"turns":5},{"damage":26,"enemies":"Slavers","floor":23,"turns":2}],"seed_played":"-4311942942209726919","potions_obtained":[{"floor":2,"key":"Swift Potion"},{"floor":6,"key":"AttackPotion"},{"floor":16,"key":"SkillPotion"},{"floor":17,"key":"SkillPotion"}],"is_trial":false,"path_per_floor":["M","M","?","$","?","E","M","R","T","M","M","M","?","?","R","B",null,"M","$","M","?","M"],"character_chosen":"THE_SILENT","items_purchased":[],"campfire_rested":0,"item_purchase_floors":[],"current_hp_per_floor":[70,70,75,75,75,75,75,75,75,75,75,75,75,75,75,11,80,60,60,37,37,20,0],"gold":203,"neow_bonus":"THREE_ENEMY_KILL","is_prod":false,"is_daily":false,"chose_seed":false,"campfire_upgraded":2,"win_rate":0.0,"timestamp":1531433330,"path_taken":["M","?","?","?","?","E","M","R","T","M","M","?","?","?","R","BOSS","M","$","M","?","M","E"],"build_version":"2018-07-05","purchased_purges":2,"victory":false,"max_hp_per_floor":[70,70,75,75,75,75,75,75,75,75,75,75,75,75,75,75,80,80,80,80,80,80,80],"card_choices":[{"not_picked":["Flying Knee","Dagger Spray"],"picked":"Caltrops","floor":1},{"not_picked":["Outmaneuver","Prepared"],"picked":"Quick Slash","floor":2},{"not_picked":["Die Die Die","Slice"],"picked":"Dagger Spray","floor":6},{"not_picked":["Malaise","Footwork"],"picked":"Bane","floor":7},{"not_picked":["Eviscerate","Sucker Punch"],"picked":"Dash","floor":10},{"not_picked":["Deflect","Calculated Gamble","Dodge and Roll"],"picked":"SKIP","floor":11},{"not_picked":["Backflip","Flechettes"],"picked":"Catalyst","floor":12},{"not_picked":["Bullet Time","Phantasmal Killer"],"picked":"A Thousand Cuts","floor":16},{"not_picked":["Sucker Punch","Dagger Spray"],"picked":"Noxious Fumes","floor":17},{"not_picked":["Backflip+1","PiercingWail"],"picked":"Deadly Poison","floor":18},{"not_picked":["Quick Slash","Cloak And Dagger"],"picked":"Bane+1","floor":20},{"not_picked":["Dagger Throw","Acrobatics+1"],"picked":"Bane","floor":22}],"player_experience":40192,"relics_obtained":[{"floor":6,"key":"Paper Crane"},{"floor":9,"key":"Dodecahedron"}],"event_choices":[{"event_name":"Big Fish","player_choice":"Donut","floor":3,"damage_taken":0},{"event_name":"Living Wall","player_choice":"Forget","floor":5,"damage_taken":0},{"event_name":"The Cleric","player_choice":"Card Removal","floor":13,"damage_taken":0},{"event_name":"Golden Idol","player_choice":"Take Wound","floor":14,"damage_taken":0},{"event_name":"N\u0027loth","player_choice":"Traded a NeowsBlessing","floor":21,"damage_taken":0}],"boss_relics":[{"not_picked":["Philosopher\u0027s Stone","Calling Bell"],"picked":"Tiny House"}],"items_purged_floors":[4,19],"is_endless":false,"potions_floor_spawned":[2,6,16,18,22],"killed_by":"Slavers","ascension_level":0}