{"gold_per_floor":[114,39,214,114,114,141,141,158,158,174,186,203,222,237,237,237],"floor_reached":16,"playtime":664,"items_purged":["Strike_R","Doubt"],"score":129,"play_id":"33095c4d-3e12-40d9-ada5-28d92498aeba","local_time":"20190619153115","is_ascension_mode":false,"campfire_choices":[{"data":"Pommel Strike","floor":7,"key":"SMITH"},{"floor":15,"key":"REST"}],"neow_cost":"NONE","seed_source_timestamp":604644567258828,"circlet_count":0,"master_deck":["Strike_R","Strike_R","Strike_R","Defend_R","Defend_R","Defend_R","Defend_R","Bash","Pommel Strike+1","Pommel Strike","Reaper","Body Slam","Entrench","Rage","Armaments"],"relics":["Burning Blood","NeowsBlessing","Art of War","Dead Branch"],"potions_floor_usage":[11,13,14,14],"damage_taken":[{"damage":0,"enemies":"Jaw Worm","floor":1,"turns":1},{"damage":0,"enemies":"Gremlin Nob","floor":6,"turns":1},{"damage":0,"enemies":"Cultist","floor":8,"turns":1},{"damage":0,"enemies":"2 Louse","floor":10,"turns":2},{"damage":12,"enemies":"Exordium Thugs","floor":11,"turns":6},{"damage":11,"enemies":"Red Slaver","floor":12,"turns":3},{"damage":11,"enemies":"3 Louse","floor":13,"turns":4},{"damage":38,"enemies":"Gremlin Gang","floor":14,"turns":6},{"damage":78,"enemies":"The Guardian","floor":16,"turns":13}],"seed_played":"8362768979979698610","potions_obtained":[{"floor":1,"key":"SneckoOil"},{"floor":6,"key":"Weak Potion"},{"floor":8,"key":"BloodPotion"},{"floor":11,"key":"Swift Potion"}],"is_trial":false,"path_per_floor":["M","$","?","$","?","E","R","M","T","M","M","M","M","M","R","B"],"character_chosen":"IRONCLAD","items_purchased":[],"campfire_rested":1,"item_purchase_floors":[],"current_hp_per_floor":[80,80,80,80,80,80,80,80,80,80,74,69,64,52,76,0],"gold":237,"neow_bonus":"THREE_ENEMY_KILL","is_prod":false,"is_daily":false,"chose_seed":false,"campfire_upgraded":1,"win_rate":0.0,"timestamp":1560976275,"path_taken":["M","$","?","$","?","E","R","M","T","?","?","M","M","M","R","BOSS"],"build_version":"2019-01-23","purchased_purges":2,"victory":false,"max_hp_per_floor":[80,80,80,80,80,80,80,80,80,80,80,80,80,80,80,80],"card_choices":[{"not_picked":["Metallicize","Clash"],"picked":"Pommel Strike","floor":1},{"not_picked":["Armaments","Ghostly Armor","Clothesline"],"picked":"SKIP","floor":6},{"not_picked":["True Grit","Rupture"],"picked":"Pommel Strike","floor":8},{"not_picked":["Armaments","Flame Barrier"],"picked":"Reaper","floor":10},{"not_picked":["Havoc","Twin Strike"],"picked":"Body Slam","floor":11},{"not_picked":["Clothesline","Shrug It Off"],"picked":"Entrench","floor":12},{"not_picked":["Headbutt","Power Through"],"picked":"Rage","floor":13},{"not_picked":["Flex","Sword Boomerang"],"picked":"Armaments","floor":14}],"player_experience":174057,"relics_obtained":[{"floor":6,"key":"Art of War"},{"floor":9,"key":"Dead Branch"}],"event_choices":[{"damage_healed":0,"gold_gain":175,"player_choice":"AGREE","damage_taken":0,"max_hp_gain":0,"max_hp_loss":0,"event_name":"Liars Game","floor":3,"gold_loss":0,"cards_obtained":["Doubt"]},{"cards_removed":["Strike_R"],"damage_healed":0,"gold_gain":0,"player_choice":"Purged","damage_taken":0,"max_hp_gain":0,"max_hp_loss":0,"event_name":"Purifier","floor":5,"gold_loss":0}],"is_beta":false,"boss_relics":[],"items_purged_floors":[2,4],"is_endless":false,"potions_floor_spawned":[1,6,8,11],"killed_by":"The Guardian","ascension_level":0}