{"gold_per_floor":[112,31,31,31,48,48,60,60,60,90,102,128,215,106,106,211,261,280,305,322,322,74,74,88,106,106,106,106,106,122,141,141,141],"floor_reached":33,"playtime":1379,"items_purged":["Strike_G","Strike_G"],"score":237,"play_id":"cbee4b1d-91f4-4603-911e-23f3cbaa3d4a","local_time":"20180723094332","is_ascension_mode":false,"campfire_choices":[{"data":"PiercingWail","floor":6,"key":"SMITH"},{"data":"Infinite Blades","floor":8,"key":"SMITH"},{"floor":11,"key":"REST"},{"floor":15,"key":"REST"},{"floor":23,"key":"REST"},{"floor":28,"key":"REST"},{"floor":32,"key":"REST"}],"neow_cost":"NONE","seed_source_timestamp":226519413775138,"circlet_count":0,"master_deck":["Defend_G","Defend_G","Defend_G","Defend_G","Defend_G","Strike_G+1","Survivor","Neutralize","Deflect+1","Noxious Fumes+1","PiercingWail+1","Infinite Blades+1","Storm of Steel","Bane","Poisoned Stab","Envenom","Bouncing Flask","Dagger Throw+1","Poisoned Stab","Poisoned Stab+1","Endless Agony+1","Bullet Time+1"],"relics":["Ring of the Snake","Blood Vial","MawBank","Tiny House","Red Mask","Ancient Tea Set","Bronze Scales","Toxic Egg 2"],"potions_floor_usage":[16,18,18,20,24,24,25],"damage_taken":[{"damage":2,"enemies":"2 Louse","floor":1,"turns":3},{"damage":0,"enemies":"Jaw Worm","floor":5,"turns":4},{"damage":6,"enemies":"Small Slimes","floor":7,"turns":5},{"damage":19,"enemies":"Exordium Thugs","floor":10,"turns":6},{"damage":24,"enemies":"Exordium Wildlife","floor":12,"turns":7},{"damage":8,"enemies":"Hexaghost","floor":16,"turns":9},{"damage":13,"enemies":"3 Byrds","floor":18,"turns":4},{"damage":58,"floor":19,"turns":6},{"damage":5,"enemies":"Spheric Guardian","floor":20,"turns":4},{"damage":6,"enemies":"3 Cultists","floor":24,"turns":5},{"damage":13,"enemies":"Centurion and Healer","floor":25,"turns":6},{"damage":18,"enemies":"Cultist and Chosen","floor":30,"turns":5},{"damage":12,"enemies":"Snake Plant","floor":31,"turns":3},{"damage":34,"enemies":"Automaton","floor":33,"turns":5}],"seed_played":"-8740830343853767700","potions_obtained":[{"floor":7,"key":"Block Potion"},{"floor":16,"key":"Explosive Potion"},{"floor":17,"key":"EssenceOfSteel"},{"floor":19,"key":"Block Potion"},{"floor":20,"key":"PowerPotion"},{"floor":21,"key":"Strength Potion"},{"floor":21,"key":"Poison Potion"},{"floor":31,"key":"GamblersBrew"}],"is_trial":false,"path_per_floor":["M","$","?","?","M","R","M","R","T","M","R","M","?","$","R","B",null,"M","?","M","?","$","R","M","M","T","?","R","T","M","M","R"],"character_chosen":"THE_SILENT","items_purchased":["Noxious Fumes","Poisoned Stab","Ancient Tea Set"],"campfire_rested":5,"item_purchase_floors":[2,14,22],"current_hp_per_floor":[68,68,54,54,56,56,52,52,52,35,56,34,23,23,44,38,75,62,6,3,3,3,25,21,10,10,10,32,32,16,6,28,0],"gold":141,"neow_bonus":"RANDOM_COMMON_RELIC","is_prod":false,"is_daily":false,"chose_seed":false,"campfire_upgraded":2,"win_rate":0.0,"timestamp":1532357012,"path_taken":["M","$","?","?","M","R","?","R","T","M","R","M","?","$","R","BOSS","M","?","M","?","$","R","M","M","T","?","R","?","M","M","R","BOSS"],"build_version":"2018-07-19v2","purchased_purges":2,"victory":false,"max_hp_per_floor":[70,70,70,70,70,70,70,70,70,70,70,70,70,70,70,70,75,75,75,75,75,75,75,75,75,75,75,75,75,75,75,75,75],"card_choices":[{"not_picked":["Dodge and Roll","Acrobatics"],"picked":"Deflect","floor":1},{"not_picked":["Underhanded Strike","Acrobatics"],"picked":"PiercingWail","floor":5},{"not_picked":["Accuracy","Underhanded Strike"],"picked":"Infinite Blades","floor":7},{"not_picked":["Setup","Poisoned Stab"],"picked":"Storm of Steel","floor":10},{"not_picked":["Sucker Punch","Acrobatics"],"picked":"Bane","floor":12},{"not_picked":["After Image","Unload"],"picked":"Envenom","floor":16},{"not_picked":["Acrobatics","Outmaneuver"],"picked":"Bouncing Flask","floor":17},{"not_picked":["PiercingWail","Dagger Spray"],"picked":"Dagger Throw+1","floor":18},{"not_picked":["Sucker Punch","Acrobatics"],"picked":"Poisoned Stab","floor":19},{"not_picked":["Acrobatics","Eviscerate","Underhanded Strike"],"picked":"SKIP","floor":20},{"not_picked":["Quick Slash","Choke","Dagger Throw"],"picked":"SKIP","floor":24},{"not_picked":["Finisher","Distraction"],"picked":"Poisoned Stab+1","floor":25},{"not_picked":["Eviscerate+1","Prepared+1"],"picked":"Endless Agony+1","floor":30},{"not_picked":["Underhanded Strike","Flying Knee+1"],"picked":"Bullet Time+1","floor":31}],"player_experience":67526,"relics_obtained":[{"floor":9,"key":"MawBank"},{"floor":19,"key":"Red Mask"},{"floor":26,"key":"Bronze Scales"},{"floor":29,"key":"Toxic Egg 2"}],"event_choices":[{"event_name":"Shining Light","player_choice":"Entered Light","floor":3,"damage_taken":0},{"event_name":"Living Wall","player_choice":"Forget","floor":4,"damage_taken":0},{"event_name":"World of Goop","player_choice":"Gather Gold","floor":13,"damage_taken":0},{"event_name":"Masked Bandits","player_choice":"Fought over 280 gold","floor":19,"damage_taken":0},{"event_name":"The Lab","player_choice":"Got Potions","floor":21,"damage_taken":0},{"event_name":"Back to Basics","player_choice":"Elegance","floor":27,"damage_taken":0}],"is_beta":false,"boss_relics":[{"not_picked":["Calling Bell","HoveringKite"],"picked":"Tiny House"}],"items_purged_floors":[14,22],"is_endless":false,"potions_floor_spawned":[7,16,19,20,31],"killed_by":"Automaton","ascension_level":0}