{"gold_per_floor":[110,360,376,147,163,163,193,193,220,200,9,29,29,59,59,159,159,179,179,9,9,23,50,50,50,50,69,0,0,17,28,28,28],"floor_reached":33,"playtime":1192,"items_purged":["Defend_R","Strike_R","Strike_R"],"score":263,"play_id":"0f117420-305c-4b95-9a6c-afd9ea417abd","local_time":"20180729093800","is_ascension_mode":false,"campfire_choices":[{"data":"Shrug It Off","floor":6,"key":"SMITH"},{"data":"Iron Wave","floor":8,"key":"SMITH"},{"data":"Pommel Strike","floor":13,"key":"SMITH"},{"data":"Thunderclap","floor":15,"key":"SMITH"},{"floor":24,"key":"REST"},{"floor":32,"key":"REST"}],"neow_cost":"NONE","seed_source_timestamp":744766767429558,"circlet_count":0,"master_deck":["Strike_R","Strike_R","Strike_R","Defend_R","Defend_R","Defend_R","Bash","Pommel Strike+1","Regret","Iron Wave+1","Shrug It Off+1","Flame Barrier","Cleave","Sword Boomerang","Thunderclap+1","Demon Form","Armaments+1","Dropkick","Clothesline","Shrug It Off+1","Limit Break","Whirlwind+1","Flex"],"relics":["Burning Blood","NeowsBlessing","Oddly Smooth Stone","Tiny Chest","Art of War","Pear","Velvet Choker","Letter Opener","Torii","Red Skull","Shuriken"],"potions_floor_usage":[16,23,31,33],"damage_taken":[{"damage":0,"enemies":"Small Slimes","floor":1,"turns":1},{"damage":0,"enemies":"Cultist","floor":3,"turns":1},{"damage":0,"enemies":"2 Louse","floor":5,"turns":1},{"damage":3,"enemies":"Looter","floor":12,"turns":4},{"damage":21,"enemies":"Gremlin Nob","floor":14,"turns":5},{"damage":45,"enemies":"Slime Boss","floor":16,"turns":13},{"damage":3,"enemies":"Chosen","floor":18,"turns":5},{"damage":17,"enemies":"Spheric Guardian","floor":22,"turns":4},{"damage":36,"enemies":"Book of Stabbing","floor":23,"turns":5},{"damage":4,"enemies":"Centurion and Healer","floor":27,"turns":7},{"damage":39,"enemies":"3 Cultists","floor":30,"turns":5},{"damage":2,"enemies":"Snecko","floor":31,"turns":3},{"damage":92,"enemies":"Collector","floor":33,"turns":6}],"seed_played":"-6572342758872831429","potions_obtained":[{"floor":1,"key":"Poison Potion"},{"floor":3,"key":"Strength Potion"},{"floor":5,"key":"Regen Potion"},{"floor":10,"key":"SkillPotion"},{"floor":22,"key":"Ancient Potion"},{"floor":31,"key":"SpeedPotion"}],"is_trial":false,"path_per_floor":["M","?","M","$","M","R","?","R","T","?","$","M","R","E","R","B",null,"M","?","$","T","M","E","R","$","T","M","?","T","M","M","R"],"character_chosen":"IRONCLAD","items_purchased":["Oddly Smooth Stone","Flame Barrier","Cleave","Clothesline"],"campfire_rested":2,"item_purchase_floors":[4,11,11,20],"current_hp_per_floor":[80,80,80,80,80,80,80,80,80,80,80,80,80,75,75,36,90,90,90,90,90,79,49,76,76,76,78,78,78,45,49,76,0],"gold":28,"neow_bonus":"THREE_ENEMY_KILL","is_prod":false,"is_daily":false,"chose_seed":false,"campfire_upgraded":4,"win_rate":0.0,"timestamp":1532875080,"path_taken":["M","?","M","$","M","R","?","R","T","?","?","M","R","E","R","BOSS","M","?","?","?","?","E","R","$","T","M","?","?","M","M","R","BOSS"],"build_version":"2018-07-26","purchased_purges":3,"victory":false,"max_hp_per_floor":[80,80,80,80,80,80,80,80,80,80,80,80,80,90,90,90,90,90,90,90,90,90,90,90,90,90,90,90,90,90,90,90,90],"card_choices":[{"not_picked":["Hemokinesis","Power Through"],"picked":"Pommel Strike","floor":1},{"not_picked":["Armaments","Sword Boomerang"],"picked":"Iron Wave","floor":3},{"not_picked":["Twin Strike","Combust"],"picked":"Shrug It Off","floor":5},{"not_picked":["Searing Blow","Second Wind"],"picked":"Sword Boomerang","floor":12},{"not_picked":["Sword Boomerang","Headbutt"],"picked":"Thunderclap","floor":14},{"not_picked":["Double Tap","Limit Break"],"picked":"Demon Form","floor":16},{"not_picked":["Hemokinesis","Carnage"],"picked":"Armaments+1","floor":18},{"not_picked":["Infernal Blade","Power Through","Thunderclap"],"picked":"SKIP","floor":22},{"not_picked":["True Grit","Iron Wave"],"picked":"Shrug It Off+1","floor":23},{"not_picked":["Headbutt","Fire Breathing"],"picked":"Limit Break","floor":27},{"not_picked":["Reckless Charge","Searing Blow"],"picked":"Whirlwind+1","floor":30},{"not_picked":["Headbutt+1","Body Slam"],"picked":"Flex","floor":31}],"player_experience":90324,"relics_obtained":[{"floor":9,"key":"Art of War"},{"floor":14,"key":"Pear"},{"floor":21,"key":"Letter Opener"},{"floor":23,"key":"Torii"},{"floor":26,"key":"Red Skull"},{"floor":29,"key":"Shuriken"}],"event_choices":[{"event_name":"Golden Shrine","player_choice":"Desecrate","floor":2,"damage_taken":0},{"event_name":"WeMeetAgain","player_choice":"Potion","floor":7,"damage_taken":0},{"event_name":"The Woman in Blue","player_choice":"Bought 1 Potion","floor":10,"damage_taken":0},{"event_name":"The Library","player_choice":"Read","floor":19,"damage_taken":0},{"event_name":"Masked Bandits","player_choice":"Paid Bandits 69 gold","floor":28,"damage_taken":0}],"is_beta":false,"boss_relics":[{"not_picked":["Black Star","Coffee Dripper"],"picked":"Velvet Choker"}],"items_purged_floors":[4,11,20],"is_endless":false,"potions_floor_spawned":[1,3,5,22,31],"killed_by":"Collector","ascension_level":0}