{"gold_per_floor":[16,16,16,0,25,25,65,65,89,89,104,120,120,133,133,282,282,306,306,306,221,234,247,266,266],"floor_reached":25,"playtime":1328,"items_purged":[],"score":203,"play_id":"4ac2e7b8-5306-4a42-b8c2-d4521343a7e0","local_time":"20190616134948","is_ascension_mode":false,"campfire_choices":[{"data":"Madness","floor":6,"key":"SMITH"},{"floor":10,"key":"REST"},{"data":"Hologram","floor":13,"key":"SMITH"},{"data":"Gash","floor":15,"key":"SMITH"}],"neow_cost":"NO_GOLD","seed_source_timestamp":294797539567112,"circlet_count":0,"master_deck":["Strike_B","Strike_B","Defend_B","Defend_B","Zap","Dualcast","Jack Of All Trades","Madness+1","FTL","Gash+1","Cold Snap","Capacitor","Hologram+1","Hologram","Rainbow","Seek+1","Leap+1","Sunder+1","Barrage+1","White Noise","RitualDagger","FTL+1","Gash","Coolheaded"],"relics":["Cracked Core","Golden Idol","Torii","Lantern","Astrolabe","Blood Vial"],"potions_floor_usage":[24,25,25],"damage_taken":[{"damage":2,"enemies":"2 Louse","floor":1,"turns":3},{"damage":0,"enemies":"Small Slimes","floor":5,"turns":3},{"damage":27,"enemies":"Lagavulin","floor":7,"turns":8},{"damage":1,"enemies":"Jaw Worm","floor":11,"turns":3},{"damage":1,"enemies":"Exordium Wildlife","floor":12,"turns":4},{"damage":1,"enemies":"2 Fungi Beasts","floor":14,"turns":3},{"damage":28,"enemies":"Slime Boss","floor":16,"turns":8},{"damage":2,"enemies":"Chosen","floor":18,"turns":5},{"damage":19,"enemies":"2 Thieves","floor":22,"turns":4},{"damage":39,"enemies":"3 Cultists","floor":23,"turns":6},{"damage":2,"enemies":"Shelled Parasite and Fungi","floor":24,"turns":4},{"damage":18,"enemies":"Book of Stabbing","floor":25,"turns":3}],"seed_played":"561233007188020470","potions_obtained":[{"floor":5,"key":"Energy Potion"},{"floor":12,"key":"Weak Potion"},{"floor":14,"key":"LiquidBronze"},{"floor":22,"key":"SkillPotion"},{"floor":24,"key":"SpeedPotion"}],"is_trial":false,"path_per_floor":["M","?","?","?","M","R","E","$","T","R","M","M","R","M","R","B",null,"M","?","?","?","M","M","M","E"],"character_chosen":"DEFECT","items_purchased":[],"campfire_rested":1,"item_purchase_floors":[],"current_hp_per_floor":[73,55,55,55,55,55,28,28,28,50,49,48,48,47,47,19,75,73,73,67,67,50,13,13,0],"gold":266,"neow_bonus":"RANDOM_COLORLESS_2","is_prod":false,"is_daily":false,"chose_seed":false,"campfire_upgraded":3,"win_rate":0,"timestamp":1560664188,"path_taken":["M","?","?","?","?","R","E","$","T","R","M","M","R","M","R","BOSS","M","?","?","?","M","M","M","E"],"build_version":"2019-01-23","purchased_purges":0,"victory":false,"max_hp_per_floor":[75,75,75,75,75,75,75,75,75,75,75,75,75,75,75,75,75,75,75,75,75,75,75,75,75],"card_choices":[{"not_picked":["Self Repair","Capacitor"],"picked":"FTL","floor":1},{"not_picked":["Barrage","Rip and Tear"],"picked":"Gash","floor":5},{"not_picked":["FTL","Lockon"],"picked":"Cold Snap","floor":7},{"not_picked":["Fusion","Melter"],"picked":"Capacitor","floor":11},{"not_picked":["Doom and Gloom","Sweeping Beam"],"picked":"Hologram","floor":12},{"not_picked":["Doom and Gloom","Aggregate"],"picked":"Hologram","floor":14},{"not_picked":["Fission","Reboot"],"picked":"Rainbow","floor":16},{"not_picked":["Hologram","Reprogram"],"picked":"Barrage+1","floor":18},{"not_picked":["Ball Lightning","Steam"],"picked":"FTL+1","floor":22},{"not_picked":["Genetic Algorithm","Conserve Battery+1"],"picked":"Gash","floor":23},{"not_picked":["Steam","Steam Power+1"],"picked":"Coolheaded","floor":24}],"player_experience":704551,"relics_obtained":[{"floor":7,"key":"Torii"},{"floor":9,"key":"Lantern"}],"event_choices":[{"damage_healed":0,"gold_gain":0,"player_choice":"Take Damage","damage_taken":18,"relics_obtained":["Golden Idol"],"max_hp_gain":0,"max_hp_loss":0,"event_name":"Golden Idol","floor":2,"gold_loss":0},{"cards_removed":["Strike_B"],"damage_healed":0,"gold_gain":0,"player_choice":"Forget","damage_taken":0,"max_hp_gain":0,"max_hp_loss":0,"event_name":"Living Wall","floor":3,"gold_loss":0},{"damage_healed":0,"gold_gain":0,"player_choice":"Left Gold","damage_taken":0,"max_hp_gain":0,"max_hp_loss":0,"event_name":"World of Goop","floor":4,"gold_loss":16},{"damage_healed":0,"gold_gain":0,"player_choice":"Read","damage_taken":0,"max_hp_gain":0,"max_hp_loss":0,"event_name":"The Library","floor":19,"gold_loss":0,"cards_obtained":["White Noise"]},{"damage_healed":0,"gold_gain":0,"player_choice":"Joined the Cult","damage_taken":6,"max_hp_gain":0,"max_hp_loss":0,"event_name":"Nest","floor":20,"gold_loss":0,"cards_obtained":["RitualDagger"]},{"damage_healed":0,"gold_gain":0,"player_choice":"Obtained Relic","damage_taken":0,"relics_obtained":["Blood Vial"],"max_hp_gain":0,"max_hp_loss":0,"event_name":"Addict","floor":21,"gold_loss":85}],"is_beta":false,"boss_relics":[{"not_picked":["Fusion Hammer","Eternal Feather"],"picked":"Astrolabe"}],"items_purged_floors":[],"is_endless":false,"potions_floor_spawned":[5,12,14,22,24],"killed_by":"Book of Stabbing","ascension_level":0}