{"gold_per_floor":[112,129,146,166,116,144,156,198,259,65,78,78,94,109,109,209,209,224,224,243,263,310,310],"floor_reached":23,"playtime":1619,"items_purged":["Strike_B"],"score":246,"play_id":"cd529ff2-bf95-419b-aa10-94549460793c","local_time":"20190617185108","is_ascension_mode":true,"campfire_choices":[{"data":"Beam Cell","floor":7,"key":"SMITH"},{"data":"Go for the Eyes","floor":12,"key":"SMITH"},{"floor":15,"key":"REST"}],"neow_cost":"NONE","seed_source_timestamp":2177619883381,"circlet_count":0,"master_deck":["Strike_B","Strike_B","Defend_B","Defend_B","Defend_B","Defend_B","Zap","Dualcast","Ball Lightning","Doom and Gloom","Hologram","Go for the Eyes+1","Beam Cell+1","Redo","Doom and Gloom","Cold Snap","Reboot","Static Discharge+1","Go for the Eyes","Electrodynamics","Redo+1","White Noise","Defragment+1"],"relics":["White Beast Statue","MawBank","Blue Candle","DataDisk","Coffee Dripper","Omamori"],"potions_floor_usage":[4,6,8,13,14,18,21,23,23],"damage_taken":[{"damage":0,"enemies":"Small Slimes","floor":1,"turns":3},{"damage":0,"enemies":"Cultist","floor":2,"turns":3},{"damage":2,"enemies":"Jaw Worm","floor":3,"turns":3},{"damage":7,"enemies":"Exordium Wildlife","floor":4,"turns":3},{"damage":35,"enemies":"Gremlin Nob","floor":6,"turns":5},{"damage":17,"enemies":"3 Sentries","floor":8,"turns":4},{"damage":7,"enemies":"Large Slime","floor":11,"turns":3},{"damage":0,"enemies":"Looter","floor":13,"turns":2},{"damage":7,"enemies":"Exordium Wildlife","floor":14,"turns":2},{"damage":4,"enemies":"Slime Boss","floor":16,"turns":7},{"damage":1,"enemies":"Shell Parasite","floor":18,"turns":3},{"damage":9,"enemies":"Chosen","floor":20,"turns":3},{"damage":6,"enemies":"Snake Plant","floor":21,"turns":4},{"damage":65,"enemies":"Slavers","floor":23,"turns":4}],"seed_played":"8887181910913819320","potions_obtained":[{"floor":1,"key":"Fire Potion"},{"floor":2,"key":"Strength Potion"},{"floor":3,"key":"PowerPotion"},{"floor":4,"key":"Regen Potion"},{"floor":6,"key":"SpeedPotion"},{"floor":8,"key":"Block Potion"},{"floor":13,"key":"Energy Potion"},{"floor":14,"key":"SpeedPotion"},{"floor":16,"key":"FocusPotion"},{"floor":18,"key":"SteroidPotion"},{"floor":20,"key":"SkillPotion"},{"floor":21,"key":"Block Potion"}],"is_trial":false,"path_per_floor":["M","M","M","M","?","E","R","E","T","$","M","R","M","M","R","B",null,"M","?","M","M","T","E"],"character_chosen":"DEFECT","items_purchased":["Doom and Gloom","Cold Snap"],"campfire_rested":1,"item_purchase_floors":[10,10],"current_hp_per_floor":[75,75,73,66,66,45,45,28,28,28,21,21,21,14,36,32,75,74,74,65,59,59,0],"gold":310,"neow_bonus":"BOSS_RELIC","is_prod":false,"is_daily":false,"chose_seed":false,"campfire_upgraded":2,"win_rate":0,"timestamp":1560811868,"path_taken":["M","M","M","M","?","E","R","E","T","$","M","R","M","M","R","BOSS","M","?","M","?","?","E"],"build_version":"2019-01-23","purchased_purges":1,"victory":false,"max_hp_per_floor":[75,75,75,75,75,75,75,75,75,75,75,75,75,75,75,75,75,75,75,75,75,75,75],"card_choices":[{"not_picked":["Conserve Battery","Skim"],"picked":"Ball Lightning","floor":1},{"not_picked":["Redo","Compile Driver"],"picked":"Doom and Gloom","floor":2},{"not_picked":["Genetic Algorithm","Melter"],"picked":"Hologram","floor":3},{"not_picked":["Steam","Genetic Algorithm"],"picked":"Go for the Eyes","floor":4},{"not_picked":["Cold Snap","Melter"],"picked":"Beam Cell","floor":6},{"not_picked":["Genetic Algorithm","Sweeping Beam"],"picked":"Redo","floor":8},{"not_picked":["Hologram","Stack"],"picked":"Reboot","floor":11},{"not_picked":["Reprogram","Doom and Gloom"],"picked":"Static Discharge","floor":13},{"not_picked":["Barrage","Reinforced Body"],"picked":"Go for the Eyes","floor":14},{"not_picked":["Reboot","Meteor Strike"],"picked":"Electrodynamics","floor":16},{"not_picked":["Steam Power+1","Beam Cell"],"picked":"Redo+1","floor":18},{"not_picked":["Go for the Eyes+1","Steam Power"],"picked":"White Noise","floor":20},{"not_picked":["Chill","Redo"],"picked":"Defragment+1","floor":21}],"player_experience":407406,"relics_obtained":[{"floor":6,"key":"MawBank"},{"floor":8,"key":"Blue Candle"},{"floor":9,"key":"DataDisk"},{"floor":22,"key":"Omamori"}],"event_choices":[{"cards_removed":["Strike_B"],"damage_healed":0,"gold_gain":0,"player_choice":"Card Removal","damage_taken":0,"max_hp_gain":0,"max_hp_loss":0,"event_name":"The Cleric","floor":5,"gold_loss":50},{"damage_healed":0,"gold_gain":0,"player_choice":"Forge","damage_taken":0,"max_hp_gain":0,"max_hp_loss":0,"event_name":"Accursed Blacksmith","floor":19,"gold_loss":0,"cards_upgraded":["Static Discharge"]}],"is_beta":false,"boss_relics":[{"not_picked":["Astrolabe","Calling Bell"],"picked":"Coffee Dripper"}],"items_purged_floors":[10],"is_endless":false,"potions_floor_spawned":[1,2,3,4,6,8,11,13,14,16,18,20,21],"killed_by":"Slavers","ascension_level":4}