{"gold_per_floor":[111,127,52,69,69,69,69,89,160,173,17,17,17,37,37,37],"floor_reached":16,"playtime":520,"items_purged":["Strike_G"],"score":92,"play_id":"8254fd4b-40e8-4c9c-8c78-426c83a1381d","local_time":"20190216194451","is_ascension_mode":false,"campfire_choices":[{"data":"Crippling Poison","floor":6,"key":"SMITH"},{"floor":13,"key":"REST"},{"data":"Leg Sweep","floor":15,"key":"SMITH"}],"neow_cost":"NONE","seed_source_timestamp":0,"circlet_count":0,"master_deck":["Defend_G","Defend_G","Defend_G","Defend_G","Strike_G","Strike_G","Strike_G","Strike_G","Survivor","Neutralize","Bane","Crippling Poison+1","Poisoned Stab","Leg Sweep+1"],"special_seed":0,"relics":["Ring of the Snake","Dream Catcher","Lantern","The Courier","MealTicket"],"potions_floor_usage":[4,16],"damage_taken":[{"damage":2.0,"enemies":"Jaw Worm","floor":1.0,"turns":4.0},{"damage":2.0,"enemies":"2 Louse","floor":2.0,"turns":3.0},{"damage":1,"enemies":"Small Slimes","floor":4,"turns":4},{"damage":9,"enemies":"Blue Slaver","floor":8,"turns":3},{"damage":1,"enemies":"Exordium Wildlife","floor":10,"turns":3},{"damage":1,"enemies":"Exordium Thugs","floor":14,"turns":4},{"damage":66,"enemies":"Slime Boss","floor":16,"turns":10}],"seed_played":"-8151329792707627246","potions_obtained":[{"floor":2,"key":"EssenceOfSteel"},{"floor":4,"key":"SpeedPotion"},{"floor":10,"key":"GamblersBrew"}],"is_trial":false,"path_per_floor":["M","M","$","M","?","R","?","M","T","M","$","?","R","M","R","B"],"character_chosen":"THE_SILENT","items_purchased":["MealTicket"],"campfire_rested":1,"item_purchase_floors":[11],"current_hp_per_floor":[68,66,66,65,58,58,51,42,42,41,41,41,62,61,61,0],"gold":37,"neow_bonus":"RANDOM_COMMON_RELIC","is_prod":false,"is_daily":false,"chose_seed":false,"campfire_upgraded":2,"win_rate":0,"timestamp":1550367891,"path_taken":["M","M","$","M","?","R","?","M","T","M","$","?","R","M","R","BOSS"],"build_version":"2019-01-23","purchased_purges":1,"victory":false,"max_hp_per_floor":[70,70,70,70,70,70,70,70,70,70,70,70,70,70,70,70],"card_choices":[{"not_picked":["Sucker Punch","Cloak And Dagger","Prepared"],"picked":"SKIP","floor":1.0},{"not_picked":["Acrobatics","Dagger Throw"],"picked":"Bane","floor":2},{"not_picked":["Predator","Footwork"],"picked":"Crippling Poison","floor":4},{"not_picked":["Blade Dance","Infinite Blades","Finisher"],"picked":"SKIP","floor":8},{"not_picked":["Choke","Concentrate"],"picked":"Poisoned Stab","floor":10},{"not_picked":["Masterful Stab","Underhanded Strike","Sucker Punch"],"picked":"SKIP","floor":14}],"player_experience":148265,"relics_obtained":[{"floor":9,"key":"The Courier"}],"event_choices":[{"cards_removed":["Defend_G"],"damage_healed":0,"gold_gain":0,"player_choice":"Card Removal","damage_taken":7,"max_hp_gain":0,"max_hp_loss":0,"event_name":"Golden Wing","floor":5,"gold_loss":0},{"damage_healed":0,"gold_gain":0,"player_choice":"Success","damage_taken":7,"relics_obtained":["Lantern"],"max_hp_gain":0,"max_hp_loss":0,"event_name":"Scrap Ooze","floor":7,"gold_loss":0},{"damage_healed":0,"gold_gain":0,"player_choice":"1 cards matched","damage_taken":0,"max_hp_gain":0,"max_hp_loss":0,"event_name":"Match and Keep!","floor":12,"gold_loss":0,"cards_obtained":["Leg Sweep"]}],"is_beta":false,"boss_relics":[],"items_purged_floors":[3],"is_endless":false,"potions_floor_spawned":[2,4,10],"killed_by":"Slime Boss","ascension_level":0}