{"gold_per_floor":[115,40,40,40,14,14,39,56,56,21,21,21,21,32,32,133,133,145,9,28,28,28,28,47,61,61,61,61,61,61,74,74,74],"floor_reached":33,"playtime":1129,"items_purged":["Strike_G","Defend_G"],"score":266,"play_id":"1bb766a6-f151-42ed-9149-afa291003e2a","local_time":"20180805120820","is_ascension_mode":false,"campfire_choices":[{"floor":6,"key":"REST"},{"floor":11,"key":"REST"},{"floor":13,"key":"REST"},{"data":"Flying Knee","floor":15,"key":"SMITH"},{"data":"Bouncing Flask","floor":23,"key":"SMITH"},{"floor":29,"key":"REST"},{"floor":32,"key":"REST"}],"neow_cost":"FIFTY_PERCENT_DAMAGE","seed_source_timestamp":1358641288172929,"circlet_count":0,"master_deck":["Defend_G","Defend_G","Defend_G","Defend_G","Survivor","Neutralize","Flying Knee+1","Leg Sweep","Backflip","Envenom","Caltrops","Bouncing Flask+1","Poisoned Stab","Deadly Poison","Dodge and Roll","Decay","Bite","Bite","Bite","Bite","Bite","Tactician","PiercingWail","Backflip"],"relics":["Ring of the Snake","Girya","Du-Vu Doll","Mercury Hourglass","Cursed Key","Shuriken","Pantograph"],"potions_floor_usage":[16,16,16,25],"damage_taken":[{"damage":0,"enemies":"Small Slimes","floor":1,"turns":4},{"damage":50,"enemies":"Gremlin Nob","floor":7,"turns":6},{"damage":1,"enemies":"2 Louse","floor":8,"turns":3},{"damage":0,"enemies":"Jaw Worm","floor":14,"turns":5},{"damage":23,"enemies":"The Guardian","floor":16,"turns":17},{"damage":23,"enemies":"Spheric Guardian","floor":18,"turns":7},{"damage":2,"enemies":"Chosen","floor":20,"turns":5},{"damage":24,"enemies":"3 Cultists","floor":24,"turns":5},{"damage":5,"enemies":"Cultist and Chosen","floor":25,"turns":5},{"damage":22,"enemies":"Sentry and Sphere","floor":31,"turns":6},{"damage":79,"enemies":"Collector","floor":33,"turns":6}],"seed_played":"3017269809970733787","potions_obtained":[{"floor":7,"key":"GamblersBrew"},{"floor":8,"key":"AttackPotion"},{"floor":14,"key":"AttackPotion"},{"floor":18,"key":"Dexterity Potion"},{"floor":24,"key":"Explosive Potion"}],"is_trial":false,"path_per_floor":["M","$","?","?","$","R","E","M","T","?","R","?","R","M","R","B",null,"M","$","M","$","?","R","M","M","T","?","?","R","$","M","R"],"character_chosen":"THE_SILENT","items_purchased":["Flying Knee","Bouncing Flask"],"campfire_rested":5,"item_purchase_floors":[5,19],"current_hp_per_floor":[42,42,35,35,35,60,10,9,9,30,55,55,80,80,80,57,84,61,61,59,59,59,59,35,30,30,30,30,47,47,39,56,0],"gold":74,"neow_bonus":"TWENTY_PERCENT_HP_BONUS","is_prod":false,"is_daily":false,"chose_seed":false,"campfire_upgraded":2,"win_rate":0,"timestamp":1533488900,"path_taken":["M","$","?","?","$","R","E","M","T","?","R","?","R","?","R","BOSS","M","$","M","$","?","R","?","M","T","?","?","R","$","M","R","BOSS"],"build_version":"2018-08-02","purchased_purges":2,"victory":false,"max_hp_per_floor":[84,84,84,84,84,84,84,84,84,84,84,84,84,84,84,84,84,84,84,84,84,84,84,84,84,84,58,58,58,58,58,58,58],"card_choices":[{"not_picked":["Dagger Throw","Skewer","Underhanded Strike"],"picked":"SKIP","floor":1},{"not_picked":["Noxious Fumes","Reflex"],"picked":"Leg Sweep","floor":7},{"not_picked":["Endless Agony","Bouncing Flask"],"picked":"Backflip","floor":8},{"not_picked":["Riddle With Holes","Calculated Gamble","Dagger Spray"],"picked":"SKIP","floor":14},{"not_picked":["Malaise","Night Terror"],"picked":"Envenom","floor":16},{"not_picked":["Dodge and Roll","Dagger Throw+1"],"picked":"Caltrops","floor":18},{"not_picked":["Noxious Fumes","Backflip"],"picked":"Poisoned Stab","floor":20},{"not_picked":["Dagger Spray","Sucker Punch"],"picked":"Deadly Poison","floor":24},{"not_picked":["Outmaneuver","Poisoned Stab+1"],"picked":"Dodge and Roll","floor":25},{"not_picked":["Dodge and Roll","Dagger Throw"],"picked":"Backflip","floor":31}],"player_experience":120128,"relics_obtained":[{"floor":7,"key":"Du-Vu Doll"},{"floor":9,"key":"Mercury Hourglass"},{"floor":26,"key":"Pantograph"}],"event_choices":[{"event_name":"Scrap Ooze","player_choice":"success","floor":3,"damage_taken":7},{"event_name":"Shining Light","player_choice":"Ignored","floor":4,"damage_taken":0},{"event_name":"The Cleric","player_choice":"Healed","floor":10,"damage_taken":0},{"event_name":"Living Wall","player_choice":"Forget","floor":12,"damage_taken":0},{"event_name":"WeMeetAgain","player_choice":"Potion","floor":22,"damage_taken":0},{"event_name":"Vampires","player_choice":"Became a vampire","floor":27,"damage_taken":0},{"event_name":"Match and Keep!","player_choice":"2 cards matched","floor":28,"damage_taken":0}],"is_beta":false,"boss_relics":[{"not_picked":["Snecko Eye","White Beast Statue"],"picked":"Cursed Key"}],"items_purged_floors":[2,19],"is_endless":false,"potions_floor_spawned":[7,8,14,18,24],"killed_by":"Collector","ascension_level":0}