{"gold_per_floor":[112,112,212,224,235,235,235,235,235,235,245,272,287,287,287,389,439,451,471,74,74],"floor_reached":21,"playtime":870,"items_purged":[],"score":215,"play_id":"caf60c5e-a676-4e76-94fe-7e442bf6b5bc","local_time":"20190619192524","is_ascension_mode":true,"campfire_choices":[{"data":"Catalyst","floor":6,"key":"SMITH"},{"data":"Deadly Poison","floor":8,"key":"SMITH"},{"data":"Dash","floor":10,"key":"SMITH"},{"floor":15,"key":"REST"}],"neow_cost":"NONE","seed_source_timestamp":177786075104301,"circlet_count":0,"master_deck":["Defend_G","Defend_G","Defend_G","Defend_G","Defend_G+1","Strike_G","Strike_G","Strike_G","Strike_G","Survivor","Neutralize","Catalyst+1","Dash+1","Deadly Poison+1","PiercingWail","Deadly Poison","Deadly Poison","Infinite Blades","Escape Plan","Noxious Fumes","Blind"],"relics":["Busted Crown","Letter Opener","Dream Catcher","Regal Pillow","Tiny House","Paper Crane"],"potions_floor_usage":[16,21,21,21],"damage_taken":[{"damage":0,"enemies":"Small Slimes","floor":1,"turns":5},{"damage":6,"enemies":"2 Louse","floor":4,"turns":5},{"damage":1,"enemies":"Cultist","floor":5,"turns":4},{"damage":0,"enemies":"Exordium Wildlife","floor":11,"turns":3},{"damage":15,"enemies":"Gremlin Nob","floor":12,"turns":5},{"damage":0,"enemies":"Looter","floor":13,"turns":3},{"damage":70,"enemies":"Slime Boss","floor":16,"turns":10},{"damage":24,"enemies":"Spheric Guardian","floor":18,"turns":5},{"damage":33,"enemies":"2 Thieves","floor":19,"turns":4},{"damage":29,"enemies":"Shelled Parasite and Fungi","floor":21,"turns":4}],"seed_played":"-1820002257900387041","potions_obtained":[{"floor":1,"key":"GhostInAJar"},{"floor":4,"key":"EntropicBrew"},{"floor":11,"key":"FairyPotion"},{"floor":12,"key":"PowerPotion"},{"floor":17,"key":"Swift Potion"},{"floor":19,"key":"Poison Potion"}],"is_trial":false,"path_per_floor":["M","?","?","M","M","R","T","R","T","R","M","E","M","?","R","B",null,"M","M","$","M"],"character_chosen":"THE_SILENT","items_purchased":["Noxious Fumes","Blind","Paper Crane"],"campfire_rested":1,"item_purchase_floors":[20,20,20],"current_hp_per_floor":[70,70,70,64,63,63,63,63,63,63,63,48,48,48,70,7,75,51,18,18,0],"gold":74,"neow_bonus":"BOSS_RELIC","is_prod":false,"is_daily":false,"chose_seed":false,"campfire_upgraded":3,"win_rate":0,"timestamp":1560986724,"path_taken":["M","?","?","M","?","R","?","R","T","R","M","E","M","?","R","BOSS","M","?","$","M"],"build_version":"2019-01-23","purchased_purges":0,"victory":false,"max_hp_per_floor":[70,70,70,70,70,70,70,70,70,70,70,70,70,70,70,70,75,75,75,75,75],"card_choices":[{"not_picked":[],"picked":"Catalyst","floor":1},{"not_picked":[],"picked":"Dash","floor":4},{"not_picked":[],"picked":"Deadly Poison","floor":5},{"not_picked":["Sucker Punch"],"picked":"SKIP","floor":11},{"not_picked":[],"picked":"PiercingWail","floor":12},{"not_picked":[],"picked":"Deadly Poison","floor":13},{"not_picked":[],"picked":"Deadly Poison","floor":15},{"not_picked":[],"picked":"Infinite Blades","floor":17},{"not_picked":[],"picked":"Escape Plan","floor":18},{"not_picked":["Masterful Stab"],"picked":"SKIP","floor":19}],"player_experience":430796,"relics_obtained":[{"floor":7,"key":"Letter Opener"},{"floor":9,"key":"Dream Catcher"},{"floor":12,"key":"Regal Pillow"}],"event_choices":[{"damage_healed":0,"gold_gain":0,"player_choice":"Ignored","damage_taken":0,"max_hp_gain":0,"max_hp_loss":0,"event_name":"Golden Wing","floor":2,"gold_loss":0},{"damage_healed":0,"gold_gain":100,"player_choice":"Pray","damage_taken":0,"max_hp_gain":0,"max_hp_loss":0,"event_name":"Golden Shrine","floor":3,"gold_loss":0},{"cards_removed":["Strike_G"],"damage_healed":0,"gold_gain":0,"player_choice":"Card Removal","damage_taken":0,"max_hp_gain":0,"max_hp_loss":0,"event_name":"Wheel of Change","floor":14,"gold_loss":0}],"is_beta":false,"boss_relics":[{"not_picked":["White Beast Statue","Eternal Feather"],"picked":"Tiny House"}],"items_purged_floors":[],"is_endless":false,"potions_floor_spawned":[1,4,11,12,19],"killed_by":"Shelled Parasite and Fungi","ascension_level":4}