{"gold_per_floor":[109,184,34,34,51,51,226,226,301,317,63,63,76,76,76,173,173,184,200,125,125,125,125,141,154,180,193,193,68,100,10,10,106,106,125,137,149,149,249,249,249,249,249,99,128,128,128,147,147,147],"floor_reached":51,"playtime":1944,"items_purged":["Strike_G","Strike_G","Defend_G","Writhe"],"score":854,"play_id":"1efbfa8f-a35a-4ad5-a766-8c8e10e8f901","local_time":"20190618204950","is_ascension_mode":true,"campfire_choices":[{"floor":6.0,"key":"REST"},{"data":"Accuracy","floor":15.0,"key":"SMITH"},{"data":"Terror","floor":23.0,"key":"SMITH"},{"floor":28.0,"key":"REST"},{"floor":32.0,"key":"REST"},{"floor":40.0,"key":"REST"},{"data":"Blade Dance","floor":47.0,"key":"SMITH"},{"floor":49.0,"key":"REST"}],"neow_cost":"NONE","seed_source_timestamp":0,"circlet_count":0,"master_deck":["Defend_G+1","Defend_G","Strike_G","Strike_G","Survivor","Neutralize","Blade Dance+1","Accuracy+1","Dagger Spray","Terror+1","Corpse Explosion","Noxious Fumes+1","Tools of the Trade+1","All Out Attack+1","Blade Dance+1","Cloak And Dagger+1","Cloak And Dagger+1","Quick Slash+1","Blade Dance+1","Infinite Blades+1"],"special_seed":0,"relics":["Ring of the Snake","Bag of Preparation","Kunai","Vajra","Pear","Astrolabe","Pen Nib","Bottled Flame","WristBlade","Ice Cream","Tough Bandages","Smiling Mask","Ninja Scroll"],"potions_floor_usage":[50],"damage_taken":[{"damage":3.0,"enemies":"Jaw Worm","floor":1.0,"turns":7.0},{"damage":6.0,"enemies":"2 Louse","floor":5.0,"turns":3.0},{"damage":0.0,"enemies":"Small Slimes","floor":10.0,"turns":4.0},{"damage":11.0,"enemies":"Looter","floor":13.0,"turns":3.0},{"damage":41.0,"enemies":"Hexaghost","floor":16.0,"turns":9.0},{"damage":12.0,"enemies":"Chosen","floor":18.0,"turns":4.0},{"damage":5.0,"enemies":"Spheric Guardian","floor":19.0,"turns":3.0},{"damage":0.0,"enemies":"3 Cultists","floor":24.0,"turns":2.0},{"damage":0.0,"enemies":"Snake Plant","floor":25.0,"turns":2.0},{"damage":17.0,"enemies":"Shelled Parasite and Fungi","floor":27.0,"turns":4.0},{"damage":65.0,"enemies":"Gremlin Leader","floor":30.0,"turns":4.0},{"damage":21.0,"enemies":"Automaton","floor":33.0,"turns":6.0},{"damage":11.0,"enemies":"3 Shapes","floor":35.0,"turns":2.0},{"damage":11.0,"enemies":"Orb Walker","floor":36.0,"turns":2.0},{"damage":13.0,"enemies":"Jaw Worm Horde","floor":37.0,"turns":3.0},{"damage":12.0,"enemies":"Mind Bloom Boss Battle","floor":39.0,"turns":4.0},{"damage":1.0,"enemies":"Giant Head","floor":45.0,"turns":4.0},{"damage":58.0,"enemies":"4 Shapes","floor":48.0,"turns":4.0},{"damage":39,"enemies":"Donu and Deca","floor":50,"turns":5}],"seed_played":"5090528592834172524","potions_obtained":[{"floor":0.0,"key":"LiquidBronze"},{"floor":0.0,"key":"Strength Potion"},{"floor":0.0,"key":"GamblersBrew"},{"floor":16.0,"key":"Fire Potion"},{"floor":19.0,"key":"PowerPotion"},{"floor":25.0,"key":"PowerPotion"},{"floor":33.0,"key":"Weak Potion"},{"floor":39.0,"key":"Dexterity Potion"},{"floor":45.0,"key":"GamblersBrew"},{"floor":48.0,"key":"GamblersBrew"}],"is_trial":false,"path_per_floor":["M","?","$","?","M","R","?","?","T","M","$","$","M","T","R","B",null,"M","M","?","?","?","R","M","M","T","M","R","$","E","?","R","B",null,"M","M","M","?","?","R","?","?","T","$","E","?","R","M","R","B",null],"character_chosen":"THE_SILENT","items_purchased":["Accuracy","Vajra"],"campfire_rested":5,"item_purchase_floors":[3,11],"current_hp_per_floor":[67,56,56,53,47,68,68,73,73,73,73,73,62,72,72,31,85,73,68,68,68,68,68,68,68,68,51,76,76,11,11,36,15,85,74,63,50,50,38,63,63,84,84,84,83,83,83,25,50,11],"gold":147,"neow_bonus":"THREE_SMALL_POTIONS","is_prod":false,"is_daily":false,"chose_seed":false,"campfire_upgraded":3,"win_rate":0,"timestamp":1560908990,"path_taken":["M","?","$","?","M","R","?","?","T","M","?","$","M","?","R","BOSS","M","M","?","?","?","R","M","M","T","?","R","$","E","?","R","BOSS","M","M","?","?","?","R","?","?","T","?","E","?","R","?","R","BOSS"],"build_version":"2019-01-23","purchased_purges":4,"victory":true,"max_hp_per_floor":[70,70,70,70,70,70,70,75,75,75,75,75,75,85,85,85,85,85,85,85,85,85,85,85,85,85,85,85,85,85,85,85,85,85,85,85,85,85,85,85,85,85,85,85,85,85,85,85,85,85],"card_choices":[{"not_picked":["Sucker Punch","Leg Sweep"],"picked":"Blade Dance","floor":1.0},{"not_picked":["Backstab","Underhanded Strike"],"picked":"Dagger Spray","floor":5.0},{"not_picked":["Dagger Spray","Heel Hook"],"picked":"Terror","floor":10.0},{"not_picked":["Dagger Spray","Cloak And Dagger"],"picked":"Corpse Explosion","floor":13.0},{"not_picked":["Die Die Die","Adrenaline"],"picked":"Night Terror","floor":16.0},{"not_picked":["Concentrate","Dagger Spray"],"picked":"Blade Dance","floor":18.0},{"not_picked":["Underhanded Strike","Acrobatics"],"picked":"Cloak And Dagger+1","floor":19.0},{"not_picked":["PiercingWail","Finisher"],"picked":"Cloak And Dagger+1","floor":24.0},{"not_picked":["Noxious Fumes+1","Poisoned Stab"],"picked":"Quick Slash+1","floor":25.0},{"not_picked":["Dodge and Roll","Dagger Throw","Quick Slash"],"picked":"SKIP","floor":27.0},{"not_picked":["Slice","Venomology","Eviscerate"],"picked":"SKIP","floor":30.0},{"not_picked":["Backstab","PiercingWail+1","Dagger Spray"],"picked":"SKIP","floor":35.0},{"not_picked":["Concentrate","Distraction","Flying Knee"],"picked":"SKIP","floor":36.0},{"not_picked":["PiercingWail","Choke+1"],"picked":"Blade Dance+1","floor":37.0},{"not_picked":["Masterful Stab+1","Dagger Throw+1","Dodge and Roll+1"],"picked":"SKIP","floor":45.0},{"not_picked":["Backstab+1","Skewer"],"picked":"Infinite Blades+1","floor":48.0}],"player_experience":172113,"relics_obtained":[{"floor":9.0,"key":"Kunai"},{"floor":14.0,"key":"Pear"},{"floor":26.0,"key":"Pen Nib"},{"floor":30.0,"key":"Bottled Flame"},{"floor":39.0,"key":"Ice Cream"},{"floor":43.0,"key":"Tough Bandages"},{"floor":45.0,"key":"Smiling Mask"}],"event_choices":[{"damage_healed":0.0,"max_hp_gain":0.0,"max_hp_loss":0.0,"gold_gain":75.0,"event_name":"World of Goop","player_choice":"Gather Gold","floor":2.0,"gold_loss":0.0,"damage_taken":11.0},{"damage_healed":0.0,"max_hp_gain":0.0,"max_hp_loss":0.0,"gold_gain":0.0,"event_name":"Scrap Ooze","player_choice":"Success","floor":4.0,"gold_loss":0.0,"damage_taken":3.0,"relics_obtained":["Bag of Preparation"]},{"damage_healed":0.0,"max_hp_gain":0.0,"max_hp_loss":0.0,"gold_gain":175.0,"event_name":"Liars Game","player_choice":"AGREE","floor":7.0,"gold_loss":0.0,"damage_taken":0.0,"cards_obtained":["Doubt"]},{"damage_healed":0.0,"max_hp_gain":5.0,"max_hp_loss":0.0,"gold_gain":0.0,"event_name":"Big Fish","player_choice":"Donut","floor":8.0,"gold_loss":0.0,"damage_taken":0.0},{"cards_removed":["Doubt"],"damage_healed":0.0,"max_hp_gain":0.0,"max_hp_loss":0.0,"gold_gain":0.0,"event_name":"Beggar","player_choice":"Gave Gold","floor":20.0,"gold_loss":75.0,"damage_taken":0.0},{"damage_healed":0.0,"max_hp_gain":0.0,"max_hp_loss":0.0,"gold_gain":0.0,"event_name":"Ghosts","player_choice":"Ignored","floor":21.0,"gold_loss":0.0,"damage_taken":0.0},{"damage_healed":0.0,"max_hp_gain":0.0,"max_hp_loss":0.0,"gold_gain":0.0,"event_name":"Accursed Blacksmith","player_choice":"Forge","floor":22.0,"gold_loss":0.0,"damage_taken":0.0,"cards_upgraded":["Blade Dance"]},{"cards_removed":["Night Terror"],"damage_healed":0.0,"max_hp_gain":0.0,"max_hp_loss":0.0,"gold_gain":0.0,"event_name":"Designer","player_choice":"Upgrade and Remove","floor":31.0,"gold_loss":90.0,"damage_taken":0.0,"cards_upgraded":["Defend_G"]},{"damage_healed":0.0,"max_hp_gain":0.0,"max_hp_loss":0.0,"gold_gain":0.0,"event_name":"Tomb of Lord Red Mask","player_choice":"Ignored","floor":38.0,"gold_loss":0.0,"damage_taken":0.0},{"damage_healed":0.0,"max_hp_gain":0.0,"max_hp_loss":0.0,"gold_gain":0.0,"event_name":"MindBloom","player_choice":"Fight","floor":39.0,"gold_loss":0.0,"damage_taken":0.0},{"damage_healed":0.0,"max_hp_gain":0.0,"max_hp_loss":0.0,"gold_gain":0.0,"event_name":"SensoryStone","player_choice":"Memory 1","floor":41.0,"gold_loss":0.0,"damage_taken":0.0},{"damage_healed":21.0,"max_hp_gain":0.0,"max_hp_loss":0.0,"gold_gain":0.0,"event_name":"Winding Halls","player_choice":"Writhe","floor":42.0,"gold_loss":0.0,"damage_taken":0.0,"cards_obtained":["Writhe"]},{"damage_healed":0.0,"max_hp_gain":0.0,"max_hp_loss":0.0,"gold_gain":0.0,"event_name":"WeMeetAgain","player_choice":"Gave Potion","floor":46.0,"gold_loss":0.0,"damage_taken":0.0,"relics_obtained":["Ninja Scroll"]}],"is_beta":false,"boss_relics":[{"not_picked":["Ectoplasm","Coffee Dripper"],"picked":"Astrolabe"},{"not_picked":["Runic Pyramid","HoveringKite"],"picked":"WristBlade"}],"items_purged_floors":[3,11,29,44],"is_endless":false,"potions_floor_spawned":[1,16,19,25,33,39,45,48],"ascension_level":3}