{"gold_per_floor":[112,132,132,142,18,51,51,51,51,51,62,62,75,136,136,238,238,258,233,32,47,22,22,32,32,56,4,4,54,54,121,121,220,220,231,281,380,447,124,124,174,224,224,274,174,184,198,213,213,213],"floor_reached":50,"playtime":2037,"items_purged":["Strike_R","Defend_R","Strike_R","Defend_R"],"score":465,"play_id":"b7354dec-b35b-45d0-8e29-4de214e445f2","local_time":"20180729141720","is_ascension_mode":false,"campfire_choices":[{"data":"Anger","floor":7,"key":"SMITH"},{"data":"Iron Wave","floor":10,"key":"SMITH"},{"data":"Thunderclap","floor":12,"key":"SMITH"},{"floor":15,"key":"REST"},{"data":"Heavy Blade","floor":23,"key":"SMITH"},{"data":"Reaper","floor":25,"key":"SMITH"},{"data":"Shrug It Off","floor":28,"key":"SMITH"},{"data":"Armaments","floor":30,"key":"SMITH"},{"floor":32,"key":"REST"},{"floor":40,"key":"REST"},{"floor":49,"key":"REST"}],"neow_cost":"NONE","seed_source_timestamp":760677814513354,"circlet_count":0,"master_deck":["Strike_R","Defend_R","Bash","Pommel Strike","Metallicize","Iron Wave+1","Anger+1","Sword Boomerang","Thunderclap+1","Clothesline","Reaper+1","Heavy Blade+1","Pommel Strike+1","Armaments+1","Cleave","Shrug It Off+1","Dropkick","Barricade","Flex","Enlightenment","Deep Breath","Heavy Blade","Madness","Madness","Uppercut+1","Heavy Blade+1","Shockwave+1"],"relics":["Burning Blood","NeowsBlessing","Paper Frog","SsserpentHead","Ginger","Snecko Eye","Vajra","Lantern","Enchiridion","Velvet Choker","Torii","MealTicket","Ornamental Fan"],"potions_floor_usage":[6,18,33,48,50,50],"damage_taken":[{"damage":0,"enemies":"Jaw Worm","floor":1,"turns":1},{"damage":0,"enemies":"Small Slimes","floor":2,"turns":1},{"damage":0,"enemies":"Cultist","floor":4,"turns":1},{"damage":26,"enemies":"3 Sentries","floor":6,"turns":9},{"damage":10,"enemies":"2 Fungi Beasts","floor":11,"turns":3},{"damage":8,"enemies":"Red Slaver","floor":13,"turns":2},{"damage":5,"enemies":"Blue Slaver","floor":14,"turns":3},{"damage":4,"enemies":"Slime Boss","floor":16,"turns":7},{"damage":15,"enemies":"Shell Parasite","floor":18,"turns":5},{"damage":2,"enemies":"3 Byrds","floor":21,"turns":4},{"damage":0,"enemies":"Snake Plant","floor":24,"turns":2},{"damage":24,"enemies":"3 Cultists","floor":31,"turns":4},{"damage":28,"enemies":"Champ","floor":33,"turns":7},{"damage":3,"enemies":"Orb Walker","floor":35,"turns":3},{"damage":65,"floor":37,"turns":6},{"damage":10,"enemies":"3 Darklings","floor":38,"turns":3},{"damage":22,"enemies":"Sphere and 2 Shapes","floor":46,"turns":3},{"damage":11,"enemies":"Transient","floor":47,"turns":5},{"damage":9,"enemies":"Spire Growth","floor":48,"turns":3},{"damage":102,"enemies":"Awakened One","floor":50,"turns":5}],"seed_played":"866952361661361244","potions_obtained":[{"floor":1,"key":"EssenceOfSteel"},{"floor":2,"key":"FairyPotion"},{"floor":6,"key":"Dexterity Potion"},{"floor":16,"key":"SkillPotion"},{"floor":21,"key":"Ancient Potion"},{"floor":24,"key":"FearPotion"},{"floor":37,"key":"SteroidPotion"},{"floor":48,"key":"FearPotion"}],"is_trial":false,"path_per_floor":["M","M","?","M","$","E","R","?","T","R","M","R","M","M","R","B",null,"M","?","$","M","$","R","M","R","T","$","R","?","R","M","R","B",null,"M","?","?","M","$","R","?","?","T","?","$","M","M","M","R"],"character_chosen":"IRONCLAD","items_purchased":["Anger","Vajra","Armaments","Shrug It Off","MealTicket"],"campfire_rested":4,"item_purchase_floors":[5,20,22,27,39],"current_hp_per_floor":[80,80,80,80,80,60,60,60,60,60,56,56,54,55,79,80,80,73,73,73,80,80,80,80,80,80,80,80,64,64,62,80,59,80,80,75,16,42,42,66,56,56,56,56,56,40,35,32,56,0],"gold":213,"neow_bonus":"THREE_ENEMY_KILL","is_prod":false,"is_daily":false,"chose_seed":false,"campfire_upgraded":7,"win_rate":0.0,"timestamp":1532891840,"path_taken":["M","M","?","M","$","E","R","?","T","R","M","R","M","?","R","BOSS","M","?","?","M","$","R","M","R","T","$","R","?","R","?","R","BOSS","M","?","?","?","$","R","?","?","T","?","?","M","M","M","R","BOSS"],"build_version":"2018-07-26","purchased_purges":4,"victory":false,"max_hp_per_floor":[80,80,80,80,80,80,80,80,80,80,80,80,80,80,80,80,80,80,80,80,80,80,80,80,80,80,80,80,80,80,80,80,80,80,80,80,80,80,80,80,80,80,80,80,80,80,80,80,80,80],"card_choices":[{"not_picked":["Searing Blow","Headbutt"],"picked":"Pommel Strike","floor":1},{"not_picked":["Clothesline","Burning Pact"],"picked":"Metallicize","floor":2},{"not_picked":["True Grit","Entrench"],"picked":"Iron Wave","floor":4},{"not_picked":["Metallicize","Barricade"],"picked":"Sword Boomerang","floor":6},{"not_picked":["Sword Boomerang","Shrug It Off"],"picked":"Thunderclap","floor":11},{"not_picked":["Fire Breathing","Disarm"],"picked":"Clothesline","floor":13},{"not_picked":["Clash","Searing Blow","Warcry"],"picked":"SKIP","floor":14},{"not_picked":["Berserk","Fiend Fire"],"picked":"Reaper","floor":16},{"not_picked":["Intimidate+1","Armaments"],"picked":"Heavy Blade","floor":18},{"not_picked":["Body Slam","Headbutt+1"],"picked":"Pommel Strike+1","floor":21},{"not_picked":["Perfected Strike","Thunderclap"],"picked":"Cleave","floor":24},{"not_picked":["Anger","Warcry"],"picked":"Dropkick","floor":31},{"not_picked":["Offering","Feed"],"picked":"Barricade","floor":33},{"not_picked":["Shrug It Off+1","Disarm"],"picked":"Flex","floor":35},{"not_picked":["Magnetism","Purity"],"picked":"Enlightenment","floor":36},{"not_picked":["Blind","Thinking Ahead"],"picked":"Deep Breath","floor":36},{"not_picked":["Body Slam","Headbutt+1"],"picked":"Heavy Blade","floor":38},{"not_picked":["Clash+1","True Grit"],"picked":"Uppercut+1","floor":46},{"not_picked":["Anger+1","True Grit+1"],"picked":"Heavy Blade+1","floor":47},{"not_picked":["Headbutt","Cleave"],"picked":"Shockwave+1","floor":48}],"player_experience":92761,"relics_obtained":[{"floor":6,"key":"Paper Frog"},{"floor":9,"key":"Ginger"},{"floor":26,"key":"Lantern"},{"floor":29,"key":"Enchiridion"},{"floor":37,"key":"Torii"},{"floor":43,"key":"Ornamental Fan"}],"event_choices":[{"event_name":"Living Wall","player_choice":"Forget","floor":3,"damage_taken":0},{"event_name":"FaceTrader","player_choice":"Trade","floor":8,"damage_taken":0},{"event_name":"Beggar","player_choice":"Gave Gold","floor":19,"damage_taken":0},{"event_name":"Cursed Tome","player_choice":"Obtained Book","floor":29,"damage_taken":0},{"event_name":"SensoryStone","player_choice":"Memory 2","floor":36,"damage_taken":0},{"event_name":"Mysterious Sphere","player_choice":"Fight","floor":37,"damage_taken":0},{"event_name":"Winding Halls","player_choice":"Embrace Madness","floor":41,"damage_taken":0},{"event_name":"Tomb of Lord Red Mask","player_choice":"Ignored","floor":42,"damage_taken":0},{"event_name":"Falling","player_choice":"Removed Attack","floor":44,"damage_taken":0}],"is_beta":false,"boss_relics":[{"not_picked":["Tiny House","Runic Dome"],"picked":"Snecko Eye"},{"not_picked":["Eternal Feather","Pandora\u0027s Box"],"picked":"Velvet Choker"}],"items_purged_floors":[5,20,39,45],"is_endless":false,"potions_floor_spawned":[1,2,6,16,21,24,37,38,48],"killed_by":"Awakened One","ascension_level":0}