{"gold_per_floor":[114,114,39,214,230,230,230,245,272,272,25,45,65,65,65,169,169,179,192,211,211,211,211,222,172,248,261,261,261,261,278,278,278],"floor_reached":33,"playtime":1478,"items_purged":["Strike_R","Defend_R"],"score":237,"play_id":"5c5fb953-8aa4-4440-ad92-30b004189b71","local_time":"20190619155604","is_ascension_mode":false,"campfire_choices":[{"data":"Thunderclap","floor":6,"key":"SMITH"},{"floor":10,"key":"REST"},{"data":"Armaments","floor":15,"key":"SMITH"},{"floor":23,"key":"REST"},{"data":"Body Slam","floor":29,"key":"SMITH"},{"floor":32,"key":"REST"}],"neow_cost":"TEN_PERCENT_HP_LOSS","seed_source_timestamp":605320595734332,"circlet_count":0,"master_deck":["Strike_R+1","Strike_R+1","Strike_R","Defend_R","Defend_R","Defend_R","Bash","Iron Wave","Thunderclap+1","Iron Wave+1","Armaments+1","Impervious","Body Slam+1","Heavy Blade","Heavy Blade+1","Limit Break"],"relics":["Burning Blood","Ice Cream","Smiling Mask","Kunai","Mark of Pain","Meat on the Bone","Bottled Lightning"],"potions_floor_usage":[16,18,24,31],"damage_taken":[{"damage":10,"enemies":"Jaw Worm","floor":1,"turns":4},{"damage":7,"enemies":"2 Louse","floor":5,"turns":2},{"damage":8,"enemies":"Cultist","floor":8,"turns":5},{"damage":7,"enemies":"Blue Slaver","floor":12,"turns":4},{"damage":5,"enemies":"2 Fungi Beasts","floor":13,"turns":5},{"damage":50,"enemies":"The Guardian","floor":16,"turns":16},{"damage":0,"enemies":"Chosen","floor":18,"turns":5},{"damage":14,"enemies":"Spheric Guardian","floor":19,"turns":5},{"damage":25,"enemies":"Cultist and Chosen","floor":20,"turns":9},{"damage":17,"enemies":"Shelled Parasite and Fungi","floor":24,"turns":6},{"damage":6,"enemies":"3 Cultists","floor":27,"turns":6},{"damage":8,"enemies":"Snake Plant","floor":31,"turns":4},{"damage":90,"enemies":"Collector","floor":33,"turns":6}],"seed_played":"-782068196525368623","potions_obtained":[{"floor":12,"key":"BloodPotion"},{"floor":16,"key":"Strength Potion"},{"floor":18,"key":"SteroidPotion"},{"floor":19,"key":"LiquidBronze"}],"is_trial":false,"path_per_floor":["M","?","$","?","M","R","?","M","T","R","$","M","M","?","R","B",null,"M","M","M","?","?","R","M","$","T","M","T","R","?","M","R","B"],"character_chosen":"IRONCLAD","items_purchased":["Kunai"],"campfire_rested":3,"item_purchase_floors":[11],"current_hp_per_floor":[68,54,54,54,53,53,53,51,51,72,72,71,72,72,72,35,72,72,64,45,32,32,55,44,44,44,56,56,56,56,54,77,0],"gold":278,"neow_bonus":"ONE_RARE_RELIC","is_prod":false,"is_daily":false,"chose_seed":false,"campfire_upgraded":3,"win_rate":0.0,"timestamp":1560977764,"path_taken":["M","?","$","?","M","R","?","M","T","R","$","?","M","?","R","BOSS","M","M","M","?","?","R","M","$","T","?","?","R","?","M","R","BOSS"],"build_version":"2019-01-23","purchased_purges":2,"victory":false,"max_hp_per_floor":[72,72,72,72,72,72,72,72,72,72,72,72,72,72,72,72,72,72,72,72,77,77,77,77,77,77,77,77,77,77,77,77,77],"card_choices":[{"not_picked":["Shockwave","Hemokinesis"],"picked":"Iron Wave","floor":1},{"not_picked":["Havoc","Combust"],"picked":"Thunderclap","floor":5},{"not_picked":["Spot Weakness","Iron Wave","Havoc"],"picked":"SKIP","floor":8},{"not_picked":["Clash","Uppercut"],"picked":"Armaments","floor":12},{"not_picked":["Clash","Burning Pact","Flex"],"picked":"SKIP","floor":13},{"not_picked":["Double Tap","Offering"],"picked":"Impervious","floor":16},{"not_picked":["Twin Strike","Flex"],"picked":"Body Slam","floor":18},{"not_picked":["Whirlwind","Intimidate","Evolve"],"picked":"SKIP","floor":19},{"not_picked":["True Grit+1","Headbutt"],"picked":"Heavy Blade","floor":20},{"not_picked":["Warcry","Corruption"],"picked":"Heavy Blade+1","floor":24},{"not_picked":["Havoc","Heavy Blade","Shockwave+1"],"picked":"SKIP","floor":27},{"not_picked":["Impervious","Wild Strike+1","Perfected Strike"],"picked":"SKIP","floor":31}],"player_experience":174721,"relics_obtained":[{"floor":9,"key":"Smiling Mask"},{"floor":26,"key":"Meat on the Bone"},{"floor":28,"key":"Bottled Lightning"}],"event_choices":[{"damage_healed":0,"gold_gain":0,"player_choice":"Entered Light","damage_taken":14,"max_hp_gain":0,"max_hp_loss":0,"event_name":"Shining Light","floor":2,"gold_loss":0,"cards_upgraded":["Strike_R","Strike_R"]},{"damage_healed":0,"gold_gain":175,"player_choice":"AGREE","damage_taken":0,"max_hp_gain":0,"max_hp_loss":0,"event_name":"Liars Game","floor":4,"gold_loss":0,"cards_obtained":["Doubt"]},{"cards_removed":["Strike_R"],"damage_healed":0,"gold_gain":0,"player_choice":"Took Card","damage_taken":0,"max_hp_gain":0,"max_hp_loss":0,"event_name":"NoteForYourself","floor":7,"gold_loss":0,"cards_obtained":["Iron Wave"]},{"damage_healed":0,"gold_gain":0,"player_choice":"Grow","damage_taken":0,"max_hp_gain":0,"max_hp_loss":0,"event_name":"Living Wall","floor":14,"gold_loss":0,"cards_upgraded":["Iron Wave"]},{"damage_healed":0,"gold_gain":0,"player_choice":"Shed Blood","damage_taken":18,"max_hp_gain":5,"max_hp_loss":0,"event_name":"Forgotten Altar","floor":21,"gold_loss":0},{"cards_removed":["Doubt"],"damage_healed":0,"gold_gain":0,"player_choice":"Card Removal","damage_taken":0,"max_hp_gain":0,"max_hp_loss":0,"event_name":"Wheel of Change","floor":22,"gold_loss":0},{"damage_healed":0,"gold_gain":0,"player_choice":"Read","damage_taken":0,"max_hp_gain":0,"max_hp_loss":0,"event_name":"The Library","floor":30,"gold_loss":0,"cards_obtained":["Limit Break"]}],"is_beta":false,"boss_relics":[{"not_picked":["Runic Pyramid","Runic Cube"],"picked":"Mark of Pain"}],"items_purged_floors":[3,25],"is_endless":false,"potions_floor_spawned":[12,16,18,19],"killed_by":"Collector","ascension_level":0}