{"gold_per_floor":[112,127,140,140,152,152,162,162,232,11,40,40,140,152,152,152],"floor_reached":16,"playtime":751,"items_purged":[],"score":122,"play_id":"73057687-19c1-4b75-9b69-469763cac272","local_time":"20190616213043","is_ascension_mode":true,"campfire_choices":[{"data":"Tempest","floor":6,"key":"SMITH"},{"data":"Ball Lightning","floor":8,"key":"SMITH"},{"data":"Turbo","floor":12,"key":"SMITH"},{"floor":15,"key":"REST"}],"neow_cost":"NONE","seed_source_timestamp":348791789437390,"circlet_count":0,"master_deck":["Strike_B","Strike_B","Strike_B","Defend_B","Defend_B","Defend_B","Defend_B","Zap","Dualcast","Turbo+1","Storm","Ball Lightning+1","Tempest+1","Storm","Ball Lightning","Turbo","Ball Lightning"],"relics":["Cracked Core","Gremlin Horn","Du-Vu Doll"],"potions_floor_usage":[7,10],"damage_taken":[{"damage":1,"enemies":"Cultist","floor":1,"turns":3},{"damage":6,"enemies":"2 Louse","floor":2,"turns":2},{"damage":6,"enemies":"Jaw Worm","floor":3,"turns":4},{"damage":7,"enemies":"3 Louse","floor":5,"turns":3},{"damage":2,"enemies":"Red Slaver","floor":7,"turns":2},{"damage":25,"enemies":"3 Sentries","floor":11,"turns":5},{"damage":17,"enemies":"Lots of Slimes","floor":14,"turns":2},{"damage":51,"enemies":"The Guardian","floor":16,"turns":7}],"seed_played":"270681670310613525","potions_obtained":[{"floor":5,"key":"Block Potion"},{"floor":7,"key":"FearPotion"}],"is_trial":false,"path_per_floor":["M","M","M","?","M","R","M","R","T","$","E","R","?","M","R","B"],"character_chosen":"DEFECT","items_purchased":["Storm","Ball Lightning","Fruit Juice"],"campfire_rested":1,"item_purchase_floors":[10,10,10],"current_hp_per_floor":[81,75,69,69,62,62,60,60,60,65,40,40,40,23,49,0],"gold":152,"neow_bonus":"TEN_PERCENT_HP_BONUS","is_prod":false,"is_daily":false,"chose_seed":false,"campfire_upgraded":3,"win_rate":0,"timestamp":1560735043,"path_taken":["M","M","M","?","?","R","M","R","T","$","E","R","?","?","R","BOSS"],"build_version":"2019-01-23","purchased_purges":0,"victory":false,"max_hp_per_floor":[82,82,82,82,82,82,82,82,82,87,87,87,87,87,87,87],"card_choices":[{"not_picked":["Rebound","Darkness"],"picked":"Turbo","floor":1},{"not_picked":["Hologram","Barrage"],"picked":"Storm","floor":2},{"not_picked":["Sunder","Steam Power"],"picked":"Ball Lightning","floor":3},{"not_picked":["Steam","Leap"],"picked":"Tempest","floor":5},{"not_picked":["Streamline","Cold Snap","Compile Driver"],"picked":"SKIP","floor":7},{"not_picked":["Tempest","Stack"],"picked":"Turbo","floor":11},{"not_picked":["Steam Power","Reinforced Body"],"picked":"Ball Lightning","floor":14}],"player_experience":404685,"relics_obtained":[{"floor":9,"key":"Gremlin Horn"},{"floor":11,"key":"Du-Vu Doll"}],"event_choices":[{"cards_removed":["Strike_B"],"damage_healed":0,"gold_gain":0,"player_choice":"Purged","damage_taken":0,"max_hp_gain":0,"max_hp_loss":0,"event_name":"Purifier","floor":4,"gold_loss":0},{"damage_healed":0,"gold_gain":100,"player_choice":"Pray","damage_taken":0,"max_hp_gain":0,"max_hp_loss":0,"event_name":"Golden Shrine","floor":13,"gold_loss":0}],"is_beta":false,"boss_relics":[],"items_purged_floors":[],"is_endless":false,"potions_floor_spawned":[5,7],"killed_by":"The Guardian","ascension_level":4}