{"gold_per_floor":[118,118,130,146,164,190,190,217,217,182,200,200,230,241,241,345,345,356,373,373,37,49,84,84,84,84,101,101],"floor_reached":28,"playtime":4457,"items_purged":[],"score":367,"play_id":"622495c1-d1fc-4b80-aab1-8a2262998a6f","local_time":"20190617220035","is_ascension_mode":true,"campfire_choices":[{"data":"Fusion","floor":7,"key":"SMITH"},{"data":"Sweeping Beam","floor":12,"key":"SMITH"},{"data":"Reinforced Body","floor":15,"key":"SMITH"},{"data":"Panache","floor":24,"key":"SMITH"}],"neow_cost":"NONE","seed_source_timestamp":10707527613678,"circlet_count":0,"master_deck":["Strike_B","Strike_B","Strike_B","Strike_B","Defend_B","Defend_B","Defend_B","Defend_B","Zap","Dualcast","Conserve Battery","Cold Snap","Fusion+1","Sweeping Beam+1","Reinforced Body+1","Conserve Battery","Undo","Core Surge","Multi-Cast","Conserve Battery","Ghostly","Ghostly","Ghostly","Ghostly","Ghostly","Multi-Cast","Panache+1","Steam+1","Coolheaded","Injury","Steam Power+1"],"relics":["Eternal Feather","FaceOfCleric","Bag of Preparation","Matryoshka","Orichalcum","FossilizedHelix","Vajra","Cursed Key","Bottled Lightning","Pen Nib","Ancient Tea Set"],"potions_floor_usage":[13,23,23,28],"damage_taken":[{"damage":8,"enemies":"Jaw Worm","floor":1,"turns":4},{"damage":1,"enemies":"Cultist","floor":3,"turns":3},{"damage":0,"enemies":"2 Louse","floor":4,"turns":3},{"damage":6,"enemies":"Large Slime","floor":5,"turns":7},{"damage":26,"enemies":"3 Sentries","floor":6,"turns":8},{"damage":20,"enemies":"Lagavulin","floor":8,"turns":8},{"damage":0,"enemies":"Exordium Wildlife","floor":11,"turns":4},{"damage":5,"enemies":"3 Sentries","floor":13,"turns":9},{"damage":0,"enemies":"Red Slaver","floor":14,"turns":5},{"damage":24,"enemies":"Slime Boss","floor":16,"turns":10},{"damage":0,"enemies":"Spheric Guardian","floor":18,"turns":5},{"damage":0,"enemies":"Shell Parasite","floor":19,"turns":6},{"damage":8,"enemies":"Snake Plant","floor":22,"turns":6},{"damage":0,"enemies":"Gremlin Leader","floor":23,"turns":11},{"damage":0,"enemies":"Centurion and Healer","floor":27,"turns":11},{"damage":49,"enemies":"Book of Stabbing","floor":28,"turns":8}],"seed_played":"6857376490366181382","potions_obtained":[{"floor":5,"key":"Swift Potion"},{"floor":11,"key":"SpeedPotion"},{"floor":13,"key":"EssenceOfSteel"},{"floor":14,"key":"Dexterity Potion"},{"floor":23,"key":"Regen Potion"},{"floor":27,"key":"Regen Potion"}],"is_trial":false,"path_per_floor":["M","?","M","M","M","E","R","E","T","?","M","R","E","M","R","B",null,"M","M","?","$","M","E","R","?","T","M","E"],"character_chosen":"DEFECT","items_purchased":["Multi-Cast","Panache"],"campfire_rested":0,"item_purchase_floors":[21,21],"current_hp_per_floor":[67,67,67,68,63,38,47,28,28,48,49,58,54,55,64,41,84,85,86,43,43,36,37,45,39,39,40,0],"gold":101,"neow_bonus":"BOSS_RELIC","is_prod":false,"is_daily":false,"chose_seed":false,"campfire_upgraded":4,"win_rate":0,"timestamp":1560823235,"path_taken":["M","?","?","M","M","E","R","E","T","?","M","R","E","M","R","BOSS","M","M","?","$","M","E","R","?","T","M","E"],"build_version":"2019-01-23","purchased_purges":0,"victory":false,"max_hp_per_floor":[75,75,76,77,78,79,79,80,80,80,81,81,82,83,83,84,84,85,86,43,43,44,45,45,45,45,46,46],"card_choices":[{"not_picked":["Redo","Auto Shields"],"picked":"Conserve Battery","floor":1},{"not_picked":["Undo","Compile Driver"],"picked":"Cold Snap","floor":3},{"not_picked":["Sweeping Beam","Heatsinks"],"picked":"Fusion","floor":4},{"not_picked":["Hologram","Leap"],"picked":"Sweeping Beam","floor":5},{"not_picked":["Gash","Rip and Tear"],"picked":"Reinforced Body","floor":6},{"not_picked":["Compile Driver","Melter"],"picked":"Conserve Battery","floor":8},{"not_picked":["Gash","Rebound","Static Discharge"],"picked":"SKIP","floor":11},{"not_picked":["Streamline","Aggregate"],"picked":"Undo","floor":13},{"not_picked":["Turbo","Go for the Eyes"],"picked":"Core Surge","floor":14},{"not_picked":["Machine Learning","All For One"],"picked":"Multi-Cast","floor":16},{"not_picked":["Turbo","Heatsinks"],"picked":"Conserve Battery","floor":18},{"not_picked":["Sweeping Beam","Turbo","Barrage"],"picked":"SKIP","floor":19},{"not_picked":["Leap","Coolheaded"],"picked":"Steam+1","floor":22},{"not_picked":["Glacier","Rip and Tear"],"picked":"Coolheaded","floor":23},{"not_picked":["Streamline+1","Sweeping Beam"],"picked":"Steam Power+1","floor":27}],"player_experience":411906,"relics_obtained":[{"floor":6,"key":"Bag of Preparation"},{"floor":8,"key":"Matryoshka"},{"floor":9,"key":"Orichalcum"},{"floor":9,"key":"FossilizedHelix"},{"floor":13,"key":"Vajra"},{"floor":23,"key":"Bottled Lightning"},{"floor":26,"key":"Pen Nib"},{"floor":26,"key":"Ancient Tea Set"}],"event_choices":[{"damage_healed":0,"gold_gain":0,"player_choice":"Trade","damage_taken":0,"relics_obtained":["FaceOfCleric"],"max_hp_gain":0,"max_hp_loss":0,"event_name":"FaceTrader","floor":2,"gold_loss":0},{"damage_healed":20,"gold_gain":0,"player_choice":"Healed","damage_taken":0,"max_hp_gain":0,"max_hp_loss":0,"event_name":"The Cleric","floor":10,"gold_loss":35},{"damage_healed":0,"gold_gain":0,"player_choice":"Became a Ghost","damage_taken":0,"max_hp_gain":0,"max_hp_loss":43,"event_name":"Ghosts","floor":20,"gold_loss":0,"cards_obtained":["Ghostly","Ghostly","Ghostly","Ghostly","Ghostly"]},{"damage_healed":0,"gold_gain":0,"player_choice":"","damage_taken":6,"max_hp_gain":0,"max_hp_loss":0,"event_name":"Knowing Skull","floor":25,"potions_obtained":[],"gold_loss":0,"cards_obtained":[]}],"is_beta":false,"boss_relics":[{"not_picked":["Lizard Tail","Snecko Eye"],"picked":"Cursed Key"}],"items_purged_floors":[],"is_endless":false,"potions_floor_spawned":[5,11,13,14,18,23,27],"killed_by":"Book of Stabbing","ascension_level":4}