{"gold_per_floor":[114,35,35,35,46,46,73,83,110,141,141,168,46,65,65,166,166,184,184,184,84,84,84,99,99,99,118,118,137,12,27,27,27],"floor_reached":33,"playtime":1226,"items_purged":["Strike_G","Strike_G","Strike_G"],"score":278,"play_id":"d5f2a04f-ed9b-48bc-8c72-d8394d30b55d","local_time":"20180723083355","is_ascension_mode":false,"campfire_choices":[{"data":"Caltrops","floor":6,"key":"SMITH"},{"floor":11,"key":"REST"},{"floor":15,"key":"REST"},{"floor":23,"key":"REST"},{"floor":25,"key":"REST"},{"floor":28,"key":"REST"},{"floor":32,"key":"REST"}],"neow_cost":"CURSE","seed_source_timestamp":222494505016926,"circlet_count":0,"master_deck":["Defend_G","Defend_G","Defend_G","Defend_G","Strike_G+1","Survivor","Neutralize","Decay","Adrenaline","Caltrops+1","Noxious Fumes+1","Poisoned Stab+1","Deadly Poison","Deflect","Deadly Poison","Venomology","Well Laid Plans+1","Writhe","Slice","Catalyst+1","Backflip"],"relics":["Ring of the Snake","Snake Skull","Oddly Smooth Stone","Vajra","Whetstone","Empty Cage","Boot","Ornamental Fan"],"potions_floor_usage":[7,16,27,29,31,31,31,33],"damage_taken":[{"damage":0,"enemies":"Cultist","floor":1,"turns":4},{"damage":3,"enemies":"2 Louse","floor":5,"turns":3},{"damage":26,"enemies":"Lagavulin","floor":7,"turns":6},{"damage":4,"enemies":"Small Slimes","floor":8,"turns":3},{"damage":34,"enemies":"Gremlin Nob","floor":10,"turns":5},{"damage":0,"enemies":"3 Louse","floor":14,"turns":3},{"damage":31,"enemies":"Slime Boss","floor":16,"turns":9},{"damage":18,"enemies":"Shell Parasite","floor":18,"turns":5},{"damage":20,"enemies":"2 Thieves","floor":24,"turns":4},{"damage":39,"enemies":"3 Cultists","floor":27,"turns":5},{"damage":20,"enemies":"Centurion and Healer","floor":29,"turns":6},{"damage":22,"enemies":"Slaver and Parasite","floor":31,"turns":4},{"damage":43,"enemies":"Automaton","floor":33,"turns":6}],"seed_played":"8934474451608936515","potions_obtained":[{"floor":1,"key":"Regen Potion"},{"floor":10,"key":"Dexterity Potion"},{"floor":16,"key":"Strength Potion"},{"floor":29,"key":"Fire Potion"},{"floor":31,"key":"Block Potion"}],"is_trial":false,"path_per_floor":["M","$","?","?","M","R","E","M","T","E","R","T","$","M","R","B",null,"M","?","?","$","?","R","M","R","T","M","R","M","$","M","R"],"character_chosen":"THE_SILENT","items_purchased":["Noxious Fumes","Deadly Poison"],"campfire_rested":6,"item_purchase_floors":[2,13],"current_hp_per_floor":[70,70,70,70,67,67,55,51,51,17,38,38,38,38,59,28,70,52,52,52,52,45,66,46,67,67,28,49,29,29,7,28,0],"gold":27,"neow_bonus":"THREE_RARE_CARDS","is_prod":false,"is_daily":false,"chose_seed":false,"campfire_upgraded":1,"win_rate":0.0,"timestamp":1532352835,"path_taken":["M","?","?","?","M","R","E","M","T","E","R","?","?","M","R","BOSS","M","?","?","$","?","R","M","R","T","M","R","?","$","M","R","BOSS"],"build_version":"2018-07-19v2","purchased_purges":3,"victory":false,"max_hp_per_floor":[70,70,70,70,70,70,70,70,70,70,70,70,70,70,70,70,70,70,70,70,70,70,70,70,70,70,70,70,70,70,70,70,70],"card_choices":[{"not_picked":["After Image","Night Terror"],"picked":"Adrenaline","floor":0},{"not_picked":["Distraction","Concentrate"],"picked":"Caltrops","floor":1},{"not_picked":["Deflect","PiercingWail"],"picked":"Poisoned Stab","floor":5},{"not_picked":["Backflip","Footwork"],"picked":"Deadly Poison","floor":7},{"not_picked":["Infinite Blades","Tactician","Sucker Punch"],"picked":"SKIP","floor":8},{"not_picked":["Cloak And Dagger","PiercingWail"],"picked":"Deflect","floor":10},{"not_picked":["Dagger Throw","Underhanded Strike","Cloak And Dagger"],"picked":"SKIP","floor":14},{"not_picked":["Phantasmal Killer","Unload"],"picked":"Venomology","floor":16},{"not_picked":["Dash","Cloak And Dagger"],"picked":"Well Laid Plans+1","floor":18},{"not_picked":["PiercingWail","Prepared"],"picked":"Slice","floor":24},{"not_picked":["Deflect","All Out Attack"],"picked":"Catalyst+1","floor":27},{"not_picked":["Dagger Spray","Phantasmal Killer"],"picked":"Backflip","floor":29},{"not_picked":["Sucker Punch","Outmaneuver","Choke"],"picked":"SKIP","floor":31}],"player_experience":64541,"relics_obtained":[{"floor":7,"key":"Snake Skull"},{"floor":9,"key":"Oddly Smooth Stone"},{"floor":10,"key":"Vajra"},{"floor":12,"key":"Whetstone"},{"floor":26,"key":"Ornamental Fan"}],"event_choices":[{"event_name":"Living Wall","player_choice":"Grow","floor":3,"damage_taken":0},{"event_name":"The Cleric","player_choice":"Leave","floor":4,"damage_taken":0},{"event_name":"Ghosts","player_choice":"Ignored","floor":19,"damage_taken":0},{"event_name":"The Mausoleum","player_choice":"Yes","floor":20,"damage_taken":0},{"event_name":"Wheel of Change","player_choice":"Damage","floor":22,"damage_taken":0}],"is_beta":false,"boss_relics":[{"not_picked":["WristBlade","Ectoplasm"],"picked":"Empty Cage"}],"items_purged_floors":[13,21,30],"is_endless":false,"potions_floor_spawned":[1,10,16,29,31],"killed_by":"Automaton","ascension_level":0}