{"gold_per_floor":[110,185,135,8,26,58,58,71,71,81,81,91,91,154,154,252,252,263,59,158,83,83,116,116,133,133,147,166,166,166,166,166,166],"floor_reached":33,"playtime":1122,"items_purged":["Strike_G"],"score":263,"play_id":"3944e818-b349-46f9-9dbd-6f7fe595f1b6","local_time":"20180722113251","is_ascension_mode":false,"campfire_choices":[{"data":"Poisoned Stab","floor":7,"key":"SMITH"},{"floor":15,"key":"REST"},{"floor":24,"key":"REST"},{"floor":29,"key":"REST"},{"floor":32,"key":"REST"}],"neow_cost":"","seed_source_timestamp":146935516005849,"circlet_count":0,"master_deck":["Defend_G","Defend_G","Defend_G","Strike_G","Strike_G","Strike_G","Survivor","Neutralize","Slice","Poisoned Stab+1","Quick Slash","PiercingWail","Backstab","Flying Knee","Poisoned Stab","A Thousand Cuts","Predator+1","Bane","Catalyst"],"relics":["Ring of the Snake","Mercury Hourglass","Centennial Puzzle","Sozu","TwistedFunnel","Dream Catcher","Paper Crane","Nilry\u0027s Codex"],"potions_floor_usage":[6,16,23],"damage_taken":[{"damage":0,"enemies":"Small Slimes","floor":1,"turns":4},{"damage":0,"enemies":"2 Louse","floor":5,"turns":3},{"damage":16,"enemies":"3 Sentries","floor":6,"turns":11},{"damage":0,"enemies":"Cultist","floor":8,"turns":2},{"damage":4,"enemies":"Blue Slaver","floor":10,"turns":2},{"damage":0,"enemies":"2 Fungi Beasts","floor":12,"turns":2},{"damage":39,"enemies":"Hexaghost","floor":16,"turns":8},{"damage":10,"enemies":"Shell Parasite","floor":18,"turns":4},{"damage":32,"enemies":"Gremlin Leader","floor":23,"turns":5},{"damage":9,"enemies":"2 Thieves","floor":25,"turns":3},{"damage":0,"enemies":"Centurion and Healer","floor":27,"turns":3},{"damage":0,"enemies":"Cultist and Chosen","floor":28,"turns":3},{"damage":74,"enemies":"Champ","floor":33,"turns":7}],"seed_played":"-8188106510915247613","potions_obtained":[{"floor":1,"key":"EssenceOfSteel"},{"floor":8,"key":"PowerPotion"},{"floor":16,"key":"PowerPotion"}],"is_trial":false,"path_per_floor":["M","?","?","$","M","E","R","M","T","M","?","M","$","?","R","B",null,"M","$","?","?","$","E","R","M","T","M","M","R","?","?","R"],"character_chosen":"THE_SILENT","items_purchased":["Poisoned Stab","TwistedFunnel"],"campfire_rested":4,"item_purchase_floors":[4,19],"current_hp_per_floor":[70,59,59,59,59,43,43,43,43,39,39,39,39,39,60,21,70,60,60,60,60,60,28,49,40,40,40,40,61,61,45,66,0],"gold":166,"neow_bonus":"","is_prod":false,"is_daily":false,"chose_seed":false,"campfire_upgraded":1,"win_rate":0.0,"timestamp":1532277171,"path_taken":["M","?","?","$","M","E","R","M","T","M","?","?","?","?","R","BOSS","M","$","?","?","?","E","R","?","T","M","M","R","?","?","R","BOSS"],"build_version":"2018-07-19v2","purchased_purges":1,"victory":false,"max_hp_per_floor":[70,70,70,70,70,70,70,70,70,70,70,70,70,70,70,70,70,70,70,70,70,70,70,70,70,70,70,70,70,70,70,70,70],"card_choices":[{"not_picked":["Tactician","Sucker Punch"],"picked":"Slice","floor":1},{"not_picked":["Accuracy","Sucker Punch"],"picked":"Quick Slash","floor":5},{"not_picked":["Predator","Wraith Form v2"],"picked":"PiercingWail","floor":6},{"not_picked":["Dodge and Roll","Calculated Gamble"],"picked":"Backstab","floor":8},{"not_picked":["Calculated Gamble","Underhanded Strike"],"picked":"Flying Knee","floor":10},{"not_picked":["Sucker Punch","Acrobatics"],"picked":"Poisoned Stab","floor":12},{"not_picked":["Storm of Steel","Wraith Form v2"],"picked":"A Thousand Cuts","floor":16},{"not_picked":["PiercingWail+1","Dagger Spray","Deflect"],"picked":"SKIP","floor":18},{"not_picked":["Reflex+1","PiercingWail+1","Unload"],"picked":"SKIP","floor":23},{"not_picked":["Slice","Blur"],"picked":"Predator+1","floor":25},{"not_picked":["PiercingWail","Crippling Poison"],"picked":"Bane","floor":27},{"not_picked":["Footwork+1","All Out Attack+1"],"picked":"Catalyst","floor":28}],"player_experience":58541,"relics_obtained":[{"floor":6,"key":"Mercury Hourglass"},{"floor":9,"key":"Centennial Puzzle"},{"floor":23,"key":"Dream Catcher"},{"floor":26,"key":"Paper Crane"},{"floor":31,"key":"Nilry\u0027s Codex"}],"event_choices":[{"event_name":"World of Goop","player_choice":"Gather Gold","floor":2,"damage_taken":0},{"event_name":"The Cleric","player_choice":"Card Removal","floor":3,"damage_taken":0},{"event_name":"Living Wall","player_choice":"Forget","floor":11,"damage_taken":0},{"event_name":"Golden Wing","player_choice":"Gained Gold","floor":14,"damage_taken":0},{"event_name":"Nest","player_choice":"Stole From Cult","floor":20,"damage_taken":0},{"event_name":"Beggar","player_choice":"Gave Gold","floor":21,"damage_taken":0},{"event_name":"Vampires","player_choice":"Ignored","floor":30,"damage_taken":0},{"event_name":"Cursed Tome","player_choice":"Obtained Book","floor":31,"damage_taken":0}],"is_beta":false,"boss_relics":[{"not_picked":["Lizard Tail","HoveringKite"],"picked":"Sozu"}],"items_purged_floors":[4],"is_endless":false,"potions_floor_spawned":[1,8,16,23,27],"killed_by":"Champ","ascension_level":0}