{"gold_per_floor":[367,367,367,19,34,34,55,55,55,55,80,93,168,191,191,311,311,334,78,78,78,69,69,110,110,110,110,125,125],"floor_reached":29,"playtime":847,"items_purged":["Strike_G","Defend_G"],"score":268,"play_id":"1d21bbd6-ea70-4b71-945b-c723eb595811","local_time":"20180811182313","is_ascension_mode":true,"campfire_choices":[{"floor":6,"key":"REST"},{"floor":8,"key":"REST"},{"floor":10,"key":"REST"},{"floor":15,"key":"REST"},{"floor":23,"key":"REST"},{"floor":25,"key":"REST"}],"neow_cost":"PERCENT_DAMAGE","seed_source_timestamp":1899807530669181,"circlet_count":0,"master_deck":["Defend_G","Defend_G","Defend_G","Strike_G","Strike_G","Strike_G","Strike_G","Survivor","Neutralize","Corpse Explosion","Backflip","Deadly Poison","Backflip","Deadly Poison","Poisoned Stab","A Thousand Cuts+1","Dash","Caltrops+1","Terror","Bane","Deadly Poison","Crippling Poison"],"relics":["Ring of the Snake","Golden Idol","Frozen Egg 2","TwistedFunnel","Nunchaku","Sozu","Centennial Puzzle","Gremlin Horn"],"potions_floor_usage":[12,16,24],"damage_taken":[{"damage":0,"enemies":"Cultist","floor":1,"turns":5},{"damage":0,"enemies":"Small Slimes","floor":5,"turns":3},{"damage":4,"enemies":"Jaw Worm","floor":7,"turns":3},{"damage":24,"enemies":"Large Slime","floor":11,"turns":9},{"damage":0,"enemies":"Looter","floor":12,"turns":3},{"damage":10,"enemies":"Gremlin Gang","floor":14,"turns":3},{"damage":32,"enemies":"The Guardian","floor":16,"turns":9},{"damage":10,"enemies":"Shell Parasite","floor":18,"turns":4},{"damage":11,"enemies":"2 Thieves","floor":22,"turns":4},{"damage":50,"enemies":"Slavers","floor":24,"turns":4},{"damage":11,"enemies":"Cultist and Chosen","floor":28,"turns":4},{"damage":34,"enemies":"Book of Stabbing","floor":29,"turns":5}],"seed_played":"-4671417657582405689","potions_obtained":[{"floor":1,"key":"Weak Potion"},{"floor":12,"key":"GamblersBrew"},{"floor":16,"key":"LiquidBronze"}],"is_trial":false,"path_per_floor":["M","?","?","$","M","R","M","R","T","R","M","M","?","M","R","B",null,"M","$","?","$","M","R","E","R","T","$","M"],"character_chosen":"THE_SILENT","items_purchased":["Corpse Explosion","TwistedFunnel","Caltrops+1","Terror"],"campfire_rested":6,"item_purchase_floors":[4,4,19,19],"current_hp_per_floor":[49,32,14,14,14,35,31,52,52,70,46,46,35,25,46,14,70,60,60,60,60,49,70,20,41,41,41,30,0],"gold":125,"neow_bonus":"TWO_FIFTY_GOLD","is_prod":false,"is_daily":false,"chose_seed":false,"campfire_upgraded":0,"win_rate":0,"timestamp":1534029793,"path_taken":["M","?","?","?","M","R","M","R","T","R","M","?","?","M","R","BOSS","M","?","?","?","M","R","E","R","T","$","?","E"],"build_version":"2018-08-09","purchased_purges":2,"victory":false,"max_hp_per_floor":[70,70,70,70,70,70,70,70,70,70,70,70,70,70,70,70,70,70,70,70,70,70,70,70,70,70,70,70,70],"card_choices":[{"not_picked":["Escape Plan","Eviscerate","Dagger Throw"],"picked":"SKIP","floor":1},{"not_picked":["Quick Slash","Dagger Spray"],"picked":"Backflip","floor":5},{"not_picked":["Underhanded Strike","Backflip"],"picked":"Deadly Poison","floor":7},{"not_picked":["Escape Plan","Leg Sweep"],"picked":"Backflip","floor":11},{"not_picked":["Slice","Dodge and Roll"],"picked":"Deadly Poison","floor":12},{"not_picked":["PiercingWail","Dodge and Roll"],"picked":"Poisoned Stab","floor":14},{"not_picked":["Unload","Phantasmal Killer"],"picked":"A Thousand Cuts+1","floor":16},{"not_picked":["Blade Dance","PiercingWail"],"picked":"Dash","floor":18},{"not_picked":["Reflex","Finisher"],"picked":"Bane","floor":22},{"not_picked":["Bane","Backflip"],"picked":"Deadly Poison","floor":24},{"not_picked":["Accuracy+1","Footwork+1"],"picked":"Crippling Poison","floor":28}],"player_experience":136823,"relics_obtained":[{"floor":9,"key":"Nunchaku"},{"floor":24,"key":"Centennial Puzzle"},{"floor":26,"key":"Gremlin Horn"}],"event_choices":[{"event_name":"Golden Idol","player_choice":"Take Damage","floor":2,"damage_taken":0},{"event_name":"Scrap Ooze","player_choice":"success","floor":3,"damage_taken":18},{"event_name":"World of Goop","player_choice":"Gather Gold","floor":13,"damage_taken":0},{"event_name":"Purifier","player_choice":"One Purge","floor":20,"damage_taken":0}],"is_beta":false,"boss_relics":[{"not_picked":["Ring of the Serpent","Tiny House"],"picked":"Sozu"}],"items_purged_floors":[4,19],"is_endless":false,"potions_floor_spawned":[1,12,16,22,28],"killed_by":"Book of Stabbing","ascension_level":3}