{"gold_per_floor":[111,111,121,133,133,133,156,169,169,169,212,212,233,252,252,378,378,403,403],"floor_reached":19,"playtime":798,"items_purged":[],"score":222,"play_id":"cdc874d5-ae31-4b8b-a48e-df98167f5096","local_time":"20190618180549","is_ascension_mode":true,"campfire_choices":[{"floor":6,"key":"REST"},{"floor":10,"key":"REST"},{"floor":12,"key":"REST"},{"floor":15,"key":"REST"}],"neow_cost":"PERCENT_DAMAGE","seed_source_timestamp":527384174414589,"circlet_count":0,"master_deck":["Defend_G","Defend_G","Defend_G","Defend_G","Strike_G","Strike_G","Strike_G","Strike_G","Strike_G","Survivor","Neutralize","Bouncing Flask","Deadly Poison","Deadly Poison","Dash","Quick Slash","Bane","After Image","Deadly Poison","Catalyst","Noxious Fumes","Bullet Time","Deadly Poison"],"relics":["Ring of the Snake","Prayer Wheel","Golden Idol","Question Card","Darkstone Periapt","Velvet Choker"],"potions_floor_usage":[16,16],"damage_taken":[{"damage":0,"enemies":"Cultist","floor":1,"turns":4},{"damage":9,"enemies":"Small Slimes","floor":3,"turns":4},{"damage":2,"enemies":"Jaw Worm","floor":4,"turns":4},{"damage":9,"enemies":"Looter","floor":7,"turns":3},{"damage":0,"enemies":"2 Fungi Beasts","floor":8,"turns":3},{"damage":17,"enemies":"Lagavulin","floor":11,"turns":5},{"damage":10,"enemies":"Exordium Thugs","floor":13,"turns":5},{"damage":9,"enemies":"Exordium Wildlife","floor":14,"turns":4},{"damage":49,"enemies":"Slime Boss","floor":16,"turns":8},{"damage":39,"enemies":"3 Byrds","floor":18,"turns":7},{"damage":49,"enemies":"Masked Bandits","floor":19,"turns":3}],"seed_played":"2122348840882839225","potions_obtained":[{"floor":3,"key":"FearPotion"},{"floor":11,"key":"Dexterity Potion"},{"floor":13,"key":"FearPotion"},{"floor":14,"key":"Poison Potion"},{"floor":16,"key":"SteroidPotion"}],"is_trial":false,"path_per_floor":["M","?","M","M","?","R","M","M","T","R","E","R","M","M","R","B",null,"M","?"],"character_chosen":"THE_SILENT","items_purchased":[],"campfire_rested":4,"item_purchase_floors":[],"current_hp_per_floor":[49,49,40,38,21,42,33,33,33,54,37,58,48,39,60,11,70,31,0],"gold":403,"neow_bonus":"ONE_RARE_RELIC","is_prod":false,"is_daily":false,"chose_seed":false,"campfire_upgraded":0,"win_rate":0,"timestamp":1560899149,"path_taken":["M","?","?","M","?","R","M","M","T","R","E","R","M","M","R","BOSS","M","?"],"build_version":"2019-01-23","purchased_purges":0,"victory":false,"max_hp_per_floor":[70,70,70,70,70,70,70,70,70,70,70,70,70,70,70,70,70,70,70],"card_choices":[{"not_picked":["Eviscerate","Leg Sweep"],"picked":"Bouncing Flask","floor":1},{"not_picked":["Cloak And Dagger","Distraction","Prepared"],"picked":"SKIP","floor":1},{"not_picked":["Deflect","Blur"],"picked":"Deadly Poison","floor":3},{"not_picked":["Bane","Blade Dance"],"picked":"Deadly Poison","floor":3},{"not_picked":["Blade Dance","Blur","Deflect"],"picked":"SKIP","floor":4},{"not_picked":["Flying Knee","Masterful Stab","Bullet Time"],"picked":"SKIP","floor":4},{"not_picked":["Setup","Sucker Punch"],"picked":"Dash","floor":7},{"not_picked":["Endless Agony","Dash","Skewer"],"picked":"SKIP","floor":7},{"not_picked":["Dagger Throw","Backflip"],"picked":"Quick Slash","floor":8},{"not_picked":["Deadly Poison","Sucker Punch"],"picked":"Bane","floor":8},{"not_picked":["Setup","Backflip","All Out Attack"],"picked":"After Image","floor":11},{"not_picked":["Cloak And Dagger","Blade Dance","Skewer"],"picked":"Deadly Poison","floor":13},{"not_picked":["Cloak And Dagger","Underhanded Strike","Sucker Punch","Reflex"],"picked":"SKIP","floor":13},{"not_picked":["Sucker Punch","Dodge and Roll","Outmaneuver"],"picked":"Catalyst","floor":14},{"not_picked":["Acrobatics","Distraction","Malaise"],"picked":"Noxious Fumes","floor":14},{"not_picked":["Unload","Tools of the Trade","A Thousand Cuts"],"picked":"Bullet Time","floor":16},{"not_picked":["Distraction","Leg Sweep","Skewer"],"picked":"Deadly Poison","floor":18},{"not_picked":["Dodge and Roll","Leg Sweep","Outmaneuver+1","Deflect"],"picked":"SKIP","floor":18}],"player_experience":168143,"relics_obtained":[{"floor":9,"key":"Question Card"},{"floor":11,"key":"Darkstone Periapt"}],"event_choices":[{"cards_removed":["Defend_G"],"damage_healed":0,"gold_gain":0,"player_choice":"Purged","damage_taken":0,"max_hp_gain":0,"max_hp_loss":0,"event_name":"Purifier","floor":2,"gold_loss":0},{"damage_healed":0,"gold_gain":0,"player_choice":"Take Damage","damage_taken":17,"relics_obtained":["Golden Idol"],"max_hp_gain":0,"max_hp_loss":0,"event_name":"Golden Idol","floor":5,"gold_loss":0},{"damage_healed":0,"gold_gain":0,"player_choice":"Fought Bandits","damage_taken":0,"max_hp_gain":0,"max_hp_loss":0,"event_name":"Masked Bandits","floor":19,"gold_loss":0}],"is_beta":false,"boss_relics":[{"not_picked":["Astrolabe","WristBlade"],"picked":"Velvet Choker"}],"items_purged_floors":[],"is_endless":false,"potions_floor_spawned":[3,11,13,14,16],"killed_by":"Masked Bandits","ascension_level":3}