{"gold_per_floor":[118,137,147,147,167,192,192,209,255,255,255,98,98,131,131,202,202,218,231,179,191,246,271,271,289,289,289,300,314,53,63,63,141,141,160,180,180,196,196,196,215,215,215,215,227,241,255,265,265,265],"floor_reached":51,"playtime":2701,"items_purged":["Pain"],"score":1073,"play_id":"cd219fde-c063-49b6-8f30-ffa1e58fc706","local_time":"20190619220727","is_ascension_mode":true,"campfire_choices":[{"floor":7.0,"key":"REST"},{"data":"Dagger Spray","floor":10.0,"key":"SMITH"},{"data":"Cloak And Dagger","floor":13.0,"key":"SMITH"},{"floor":15.0,"key":"REST"},{"floor":24.0,"key":"REST"},{"data":"Cloak And Dagger","floor":27.0,"key":"SMITH"},{"floor":32.0,"key":"REST"},{"data":"Infinite Blades","floor":40.0,"key":"SMITH"},{"data":"Backflip","floor":42.0,"key":"SMITH"},{"data":"Panache","floor":44.0,"key":"SMITH"},{"floor":49.0,"key":"REST"}],"neow_cost":"NONE","seed_source_timestamp":0,"circlet_count":0,"master_deck":["AscendersBane","Defend_G","Defend_G","Defend_G","Defend_G","Strike_G","Strike_G","Strike_G","Survivor","Neutralize","Leg Sweep+1","Slice+1","Leg Sweep+1","Dagger Spray+1","Sucker Punch","Backstab","Cloak And Dagger+1","Accuracy","Tools of the Trade","Cloak And Dagger+1","Slice","Backflip+1","Leg Sweep+1","Endless Agony+1","Infinite Blades+1","PiercingWail","Panache+1","Glass Knife","Underhanded Strike","Terror+1","Panacea","Endless Agony","Malaise"],"special_seed":0,"relics":["Astrolabe","Mercury Hourglass","Shuriken","Potion Belt","WarpedTongs","Boot","White Beast Statue","Happy Flower","Darkstone Periapt","Paper Crane","Eternal Feather","Bottled Flame"],"potions_floor_usage":[50,50,50,50],"damage_taken":[{"damage":9.0,"enemies":"Jaw Worm","floor":1.0,"turns":5.0},{"damage":1.0,"enemies":"Small Slimes","floor":2.0,"turns":5.0},{"damage":0.0,"enemies":"Cultist","floor":3.0,"turns":4.0},{"damage":12.0,"enemies":"Gremlin Gang","floor":5.0,"turns":3.0},{"damage":12.0,"enemies":"3 Sentries","floor":6.0,"turns":7.0},{"damage":4.0,"enemies":"Blue Slaver","floor":8.0,"turns":2.0},{"damage":12.0,"enemies":"Gremlin Nob","floor":14.0,"turns":4.0},{"damage":25.0,"enemies":"Hexaghost","floor":16.0,"turns":12.0},{"damage":0.0,"enemies":"Spheric Guardian","floor":18.0,"turns":3.0},{"damage":15.0,"enemies":"Shell Parasite","floor":19.0,"turns":7.0},{"damage":2.0,"enemies":"Shelled Parasite and Fungi","floor":21.0,"turns":5.0},{"damage":14.0,"enemies":"Slavers","floor":23.0,"turns":7.0},{"damage":8.0,"enemies":"Snake Plant","floor":25.0,"turns":5.0},{"damage":4.0,"enemies":"Cultist and Chosen","floor":28.0,"turns":6.0},{"damage":4.0,"enemies":"Centurion and Healer","floor":29.0,"turns":6.0},{"damage":5.0,"enemies":"Snecko","floor":31.0,"turns":5.0},{"damage":25.0,"enemies":"Collector","floor":33.0,"turns":9.0},{"damage":7.0,"enemies":"3 Shapes","floor":35.0,"turns":8.0},{"damage":19.0,"enemies":"Orb Walker","floor":36.0,"turns":5.0},{"damage":15.0,"enemies":"Maw","floor":38.0,"turns":8.0},{"damage":3.0,"enemies":"Jaw Worm Horde","floor":41.0,"turns":4.0},{"damage":0.0,"enemies":"4 Shapes","floor":45.0,"turns":8.0},{"damage":6.0,"enemies":"Spire Growth","floor":46.0,"turns":5.0},{"damage":8.0,"enemies":"Transient","floor":47.0,"turns":5.0},{"damage":24.0,"enemies":"3 Darklings","floor":48.0,"turns":6.0},{"damage":47,"enemies":"Awakened One","floor":50,"turns":16}],"seed_played":"3580947882307420990","potions_obtained":[{"floor":1.0,"key":"Energy Potion"},{"floor":8.0,"key":"AttackPotion"},{"floor":14.0,"key":"EssenceOfSteel"},{"floor":18.0,"key":"Fire Potion"},{"floor":21.0,"key":"Block Potion"},{"floor":23.0,"key":"Fruit Juice"},{"floor":25.0,"key":"Energy Potion"},{"floor":28.0,"key":"Dexterity Potion"},{"floor":31.0,"key":"PowerPotion"},{"floor":33.0,"key":"Strength Potion"},{"floor":35.0,"key":"Regen Potion"},{"floor":36.0,"key":"Swift Potion"},{"floor":41.0,"key":"PowerPotion"}],"is_trial":false,"path_per_floor":["M","M","M","?","M","E","R","M","T","R","?","$","R","E","R","B",null,"M","M","$","M","T","E","R","M","T","R","M","M","$","M","R","B",null,"M","M","?","M","?","R","M","R","T","R","M","M","M","M","R","B",null],"character_chosen":"THE_SILENT","items_purchased":["Cloak And Dagger","Accuracy","Slice","Infinite Blades","PiercingWail","Panache"],"campfire_rested":5,"item_purchase_floors":[12,12,20,30,30,30],"current_hp_per_floor":[54,53,53,50,38,26,47,43,43,43,43,43,43,31,52,27,59,59,44,44,42,42,33,55,47,47,47,43,39,39,34,56,31,64,57,52,52,37,37,55,52,70,70,75,75,69,61,37,75,28],"gold":265,"neow_bonus":"BOSS_RELIC","is_prod":false,"is_daily":false,"chose_seed":false,"campfire_upgraded":6,"win_rate":0,"timestamp":1560953247,"path_taken":["M","M","M","?","M","E","R","M","T","R","?","$","R","E","R","BOSS","M","M","$","M","?","E","R","M","T","R","?","M","$","M","R","BOSS","M","M","?","M","?","R","M","R","T","R","M","M","M","M","R","BOSS"],"build_version":"2019-01-23","purchased_purges":1,"victory":true,"max_hp_per_floor":[70,70,70,70,70,70,70,70,70,70,70,70,70,70,70,70,70,70,70,70,70,70,75,75,75,75,75,75,75,75,75,75,75,75,75,75,75,75,75,75,75,75,75,75,75,75,75,75,75,75],"card_choices":[{"not_picked":["Endless Agony","Eviscerate"],"picked":"Dagger Spray","floor":1.0},{"not_picked":["Underhanded Strike","Dodge and Roll"],"picked":"Sucker Punch","floor":2.0},{"not_picked":["Distraction","Flechettes","Sucker Punch"],"picked":"SKIP","floor":3.0},{"not_picked":["Dodge and Roll","Backflip"],"picked":"Backstab","floor":5.0},{"not_picked":["Setup","Underhanded Strike","Distraction"],"picked":"SKIP","floor":6.0},{"not_picked":["Concentrate","Outmaneuver","Sucker Punch"],"picked":"SKIP","floor":8.0},{"not_picked":["Tactician","Flechettes","Dagger Throw"],"picked":"SKIP","floor":14.0},{"not_picked":["Phantasmal Killer","Unload"],"picked":"Tools of the Trade","floor":16.0},{"not_picked":["Accuracy","Riddle With Holes"],"picked":"Cloak And Dagger","floor":18.0},{"not_picked":["Sucker Punch","Prepared","Poisoned Stab+1"],"picked":"SKIP","floor":19.0},{"not_picked":["Deadly Poison","Accuracy"],"picked":"Backflip","floor":21.0},{"not_picked":["Sucker Punch","Prepared"],"picked":"Leg Sweep+1","floor":23.0},{"not_picked":["Backflip","Blur","Expertise+1"],"picked":"SKIP","floor":25.0},{"not_picked":["PiercingWail","Flying Knee"],"picked":"Endless Agony+1","floor":28.0},{"not_picked":["Concentrate+1","Acrobatics","Setup+1"],"picked":"SKIP","floor":29.0},{"not_picked":["Bane","Blur","Tactician"],"picked":"SKIP","floor":31.0},{"not_picked":["Tools of the Trade","Grand Finale"],"picked":"Glass Knife","floor":33.0},{"not_picked":["Skewer","Dagger Throw","Deflect"],"picked":"SKIP","floor":35.0},{"not_picked":["Skewer","Slice"],"picked":"Underhanded Strike","floor":36.0},{"not_picked":["Dash","Eviscerate"],"picked":"Terror+1","floor":38.0},{"not_picked":["Blind","Enlightenment"],"picked":"Panacea","floor":39.0},{"not_picked":["Bane+1","All Out Attack+1","Sucker Punch+1"],"picked":"SKIP","floor":41.0},{"not_picked":["Backflip","Deadly Poison","Sucker Punch"],"picked":"SKIP","floor":45.0},{"not_picked":["Poisoned Stab+1","Cloak And Dagger"],"picked":"Endless Agony","floor":46.0},{"not_picked":["Deadly Poison+1","Predator+1"],"picked":"Malaise","floor":47.0},{"not_picked":["All Out Attack","Catalyst+1","Crippling Poison"],"picked":"SKIP","floor":48.0}],"player_experience":789634,"relics_obtained":[{"floor":6.0,"key":"Shuriken"},{"floor":9.0,"key":"Potion Belt"},{"floor":14.0,"key":"Boot"},{"floor":22.0,"key":"Happy Flower"},{"floor":23.0,"key":"Darkstone Periapt"},{"floor":26.0,"key":"Paper Crane"},{"floor":43.0,"key":"Bottled Flame"}],"event_choices":[{"damage_healed":0.0,"max_hp_gain":0.0,"max_hp_loss":0.0,"gold_gain":0.0,"event_name":"Scrap Ooze","player_choice":"Success","floor":4.0,"gold_loss":0.0,"damage_taken":3.0,"relics_obtained":["Mercury Hourglass"]},{"damage_healed":0.0,"max_hp_gain":0.0,"max_hp_loss":0.0,"gold_gain":0.0,"event_name":"Accursed Blacksmith","player_choice":"Rummage","floor":11.0,"gold_loss":0.0,"damage_taken":0.0,"relics_obtained":["WarpedTongs"],"cards_obtained":["Pain"]},{"damage_healed":0.0,"max_hp_gain":0.0,"max_hp_loss":0.0,"gold_gain":0.0,"event_name":"Tomb of Lord Red Mask","player_choice":"Ignored","floor":37.0,"gold_loss":0.0,"damage_taken":0.0},{"damage_healed":0.0,"max_hp_gain":0.0,"max_hp_loss":0.0,"gold_gain":0.0,"event_name":"SensoryStone","player_choice":"Memory 1","floor":39.0,"gold_loss":0.0,"damage_taken":0.0}],"is_beta":false,"boss_relics":[{"not_picked":["Philosopher\u0027s Stone","Black Star"],"picked":"White Beast Statue"},{"not_picked":["Empty Cage","HoveringKite"],"picked":"Eternal Feather"}],"items_purged_floors":[12],"is_endless":false,"potions_floor_spawned":[1,8,14,18,19,21,23,25,28,29,31,33,35,36,38,41,45,46,47,48],"ascension_level":13}