{"gold_per_floor":[15,15,90,102,117,117,152,152,208,208,158,158,158,2,2,106,106,123,123,23,23,122,122,151,151,151,169,169,169,183,183],"floor_reached":31,"playtime":929,"items_purged":["Strike_G","Defend_G"],"score":313,"play_id":"4919bfa5-aa5a-4017-b614-0b450d96a666","local_time":"20180812202800","is_ascension_mode":true,"campfire_choices":[{"floor":6.0,"key":"REST"},{"floor":10,"key":"REST"},{"floor":13,"key":"REST"},{"data":"Burst","floor":15,"key":"SMITH"},{"floor":23,"key":"REST"},{"floor":28,"key":"REST"}],"neow_cost":"NO_GOLD","seed_source_timestamp":0,"circlet_count":0,"master_deck":["Defend_G","Strike_G","Survivor","Neutralize","Burst+1","Bouncing Flask+1","Corpse Explosion","Envenom+1","Venomology+1","Masterful Stab+1","Prepared+1","Bullet Time"],"special_seed":0,"relics":["Ring of the Snake","Juzu Bracelet","Frozen Egg 2","Tiny Chest","Astrolabe","Sundial","Nilry\u0027s Codex","Molten Egg 2"],"potions_floor_usage":[18,24,27,30,30,30,30,30,30,31],"damage_taken":[{"damage":7.0,"enemies":"2 Louse","floor":1.0,"turns":2.0},{"damage":0.0,"enemies":"Small Slimes","floor":4.0,"turns":3.0},{"damage":0.0,"enemies":"Cultist","floor":5.0,"turns":2.0},{"damage":30.0,"enemies":"Lagavulin","floor":7.0,"turns":4.0},{"damage":39,"enemies":"Hexaghost","floor":16,"turns":8},{"damage":21,"enemies":"Chosen","floor":18,"turns":5},{"damage":18,"enemies":"Gremlin Leader","floor":24,"turns":5},{"damage":14,"enemies":"Shell Parasite","floor":27,"turns":3},{"damage":35,"enemies":"Centurion and Healer","floor":30,"turns":7},{"damage":17,"enemies":"Snake Plant","floor":31,"turns":1}],"seed_played":"-8671935907495441197","potions_obtained":[{"floor":1.0,"key":"Swift Potion"},{"floor":4.0,"key":"AttackPotion"},{"floor":16,"key":"Fruit Juice"},{"floor":24,"key":"SpeedPotion"},{"floor":27,"key":"SpeedPotion"}],"is_trial":false,"path_per_floor":["M","?","?","M","M","R","E","?","T","R","?","?","R","$","R","B",null,"M","?","$","?","?","R","E","?","T","M","R","?","M"],"character_chosen":"THE_SILENT","items_purchased":["Corpse Explosion"],"campfire_rested":5,"item_purchase_floors":[14],"current_hp_per_floor":[63,63,52,52,52,70,40,33,33,54,54,47,68,68,68,29,70,54,54,54,40,40,64,46,30,30,28,52,52,17,0],"gold":183,"neow_bonus":"THREE_RARE_CARDS","is_prod":false,"is_daily":false,"chose_seed":false,"campfire_upgraded":1,"win_rate":0,"timestamp":1534123680,"path_taken":["M","?","?","M","M","R","E","?","T","R","?","?","R","?","R","BOSS","M","?","?","?","?","R","E","?","T","M","R","?","M","M"],"build_version":"2018-08-09","purchased_purges":2,"victory":false,"max_hp_per_floor":[70,70,70,70,70,70,70,70,70,70,70,70,70,70,70,70,70,75,75,75,80,80,80,80,80,80,80,80,80,80,80],"card_choices":[{"not_picked":["Grand Finale","Malaise"],"picked":"Burst","floor":0.0},{"not_picked":["Eviscerate","Leg Sweep"],"picked":"Bouncing Flask","floor":1.0},{"not_picked":["Quick Slash","Sucker Punch","Endless Agony"],"picked":"SKIP","floor":4.0},{"not_picked":["Setup","Choke","Dagger Spray"],"picked":"SKIP","floor":5.0},{"not_picked":["Riddle With Holes","Bullet Time","Tactician"],"picked":"SKIP","floor":7.0},{"not_picked":["Glass Knife","Adrenaline"],"picked":"Envenom+1","floor":16},{"not_picked":["Backstab","Cloak And Dagger","Outmaneuver+1"],"picked":"SKIP","floor":18},{"not_picked":["Dodge and Roll","PiercingWail","Distraction"],"picked":"SKIP","floor":24},{"not_picked":["Quick Slash+1","Dodge and Roll","Sucker Punch+1"],"picked":"SKIP","floor":27},{"not_picked":["PiercingWail+1","Predator+1","Wraith Form v2+1"],"picked":"SKIP","floor":30}],"player_experience":140409,"relics_obtained":[{"floor":7.0,"key":"Juzu Bracelet"},{"floor":9,"key":"Tiny Chest"},{"floor":24,"key":"Sundial"},{"floor":25,"key":"Nilry\u0027s Codex"},{"floor":26,"key":"Molten Egg 2"}],"event_choices":[{"event_name":"Living Wall","player_choice":"Grow","floor":2.0,"damage_taken":0.0},{"event_name":"World of Goop","player_choice":"Gather Gold","floor":3.0,"damage_taken":0.0},{"event_name":"Scrap Ooze","player_choice":"success","floor":8,"damage_taken":7},{"event_name":"The Cleric","player_choice":"Card Removal","floor":11,"damage_taken":0},{"event_name":"Golden Wing","player_choice":"Card Removal","floor":12,"damage_taken":0},{"event_name":"Transmorgrifier","player_choice":"Transform","floor":19,"damage_taken":0},{"event_name":"Forgotten Altar","player_choice":"Shed Blood","floor":21,"damage_taken":0},{"event_name":"Nest","player_choice":"Stole From Cult","floor":22,"damage_taken":0},{"event_name":"Cursed Tome","player_choice":"Obtained Book","floor":25,"damage_taken":0},{"event_name":"Drug Dealer","player_choice":"Ignored","floor":29,"damage_taken":0}],"is_beta":false,"boss_relics":[{"not_picked":["Philosopher\u0027s Stone","Coffee Dripper"],"picked":"Astrolabe"}],"items_purged_floors":[14,20],"is_endless":false,"potions_floor_spawned":[1,4,16,24,27],"killed_by":"Snake Plant","ascension_level":3}