{"gold_per_floor":[115,115,133,308,64,64,64,14,14,14,32,32,107,121,121,241,541,564,268,268,289,214,214,13,32,32,32,47,47,47],"floor_reached":30,"playtime":1672,"items_purged":["Strike_G"],"score":216,"play_id":"eb57686c-b18d-4744-9ea5-bd13c7900a0a","local_time":"20180708200739","is_ascension_mode":false,"campfire_choices":[{"data":"Backflip","floor":6,"key":"SMITH"},{"floor":15,"key":"REST"},{"floor":23,"key":"REST"},{"floor":29,"key":"REST"}],"neow_cost":"CURSE","seed_source_timestamp":21547621038403,"circlet_count":0,"master_deck":["Defend_G","Defend_G","Defend_G","Defend_G","Defend_G","Strike_G","Strike_G","Strike_G","Survivor","Neutralize","Corpse Explosion","Poisoned Stab+1","Backflip+1","Deadly Poison","Footwork","Sucker Punch","Tools of the Trade","Doubt","Parasite","Pain","Deflect","Bane","Deadly Poison","Deadly Poison","Crippling Poison"],"relics":["Ring of the Snake","Mummified Hand","The Specimen","Golden Idol","Calling Bell","Lantern","Kunai","Old Coin","Medical Kit","Nilry\u0027s Codex","Boot","Pear"],"potions_floor_usage":[],"damage_taken":[{"damage":10,"enemies":"Jaw Worm","floor":1,"turns":6},{"damage":3,"enemies":"Cultist","floor":3,"turns":3},{"damage":0,"enemies":"2 Louse","floor":11,"turns":2},{"damage":5,"enemies":"Large Slime","floor":14,"turns":5},{"damage":20,"enemies":"Hexaghost","floor":16,"turns":9},{"damage":24,"enemies":"2 Thieves","floor":18,"turns":4},{"damage":26,"enemies":"Shell Parasite","floor":21,"turns":7},{"damage":11,"enemies":"Snake Plant","floor":25,"turns":4},{"damage":14,"enemies":"Centurion and Healer","floor":28,"turns":4},{"damage":37,"enemies":"Gremlin Leader","floor":30,"turns":2}],"seed_played":"5112150650134854357","potions_obtained":[{"floor":1,"key":"Poison Potion"},{"floor":11,"key":"Energy Potion"},{"floor":18,"key":"Strength Potion"},{"floor":28,"key":"Ancient Potion"}],"is_trial":false,"path_per_floor":["M","?","M","?","$","R","?","$","T","?","M","$","?","M","R","B",null,"M","$","?","M","?","R","$","M","T","$","M","R"],"character_chosen":"THE_SILENT","items_purchased":["Mummified Hand","Deadly Poison","Bane","Medical Kit","Deadly Poison","Boot"],"campfire_rested":3,"item_purchase_floors":[5,8,19,19,24,24],"current_hp_per_floor":[60,60,57,57,57,57,57,57,57,40,40,40,29,24,45,25,70,46,46,30,4,4,25,25,14,24,24,10,34,0],"gold":47,"neow_bonus":"THREE_RARE_CARDS","is_prod":false,"is_daily":false,"chose_seed":false,"campfire_upgraded":1,"win_rate":0.0,"timestamp":1531098459,"path_taken":["M","?","M","?","$","R","?","$","T","?","?","$","?","M","R","BOSS","M","$","?","M","?","R","$","?","T","$","M","R","E"],"build_version":"2018-07-05","purchased_purges":1,"victory":false,"max_hp_per_floor":[70,70,70,70,70,70,70,70,70,70,70,70,70,70,70,70,70,70,70,70,70,70,70,70,70,80,80,80,80,80],"card_choices":[{"not_picked":["Glass Knife","Wraith Form v2"],"picked":"Corpse Explosion","floor":0},{"not_picked":["Eviscerate","Infinite Blades"],"picked":"Poisoned Stab","floor":1},{"not_picked":["Footwork","Flying Knee"],"picked":"Backflip","floor":3},{"not_picked":["Dagger Spray","Outmaneuver"],"picked":"Footwork","floor":11},{"not_picked":["Dagger Throw","Prepared"],"picked":"Sucker Punch","floor":14},{"not_picked":["Venomology","Doppelganger"],"picked":"Tools of the Trade","floor":16},{"not_picked":["Masterful Stab","Choke"],"picked":"Deflect","floor":18},{"not_picked":["Quick Slash","Dagger Throw","Prepared+1"],"picked":"SKIP","floor":21},{"not_picked":["Prepared+1","Distraction"],"picked":"Deadly Poison","floor":25},{"not_picked":["Deflect","Backflip+1"],"picked":"Crippling Poison","floor":28}],"player_experience":20701,"relics_obtained":[{"floor":9,"key":"The Specimen"},{"floor":17,"key":"Lantern"},{"floor":17,"key":"Kunai"},{"floor":17,"key":"Old Coin"},{"floor":20,"key":"Nilry\u0027s Codex"},{"floor":26,"key":"Pear"}],"event_choices":[{"event_name":"Living Wall","player_choice":"Grow","floor":2,"damage_taken":0},{"event_name":"Liars Game","player_choice":"agreed","floor":4,"damage_taken":0},{"event_name":"Fountain of Cleansing","player_choice":"Removed Curse","floor":7,"damage_taken":0},{"event_name":"Golden Idol","player_choice":"Take Damage","floor":10,"damage_taken":0},{"event_name":"World of Goop","player_choice":"Gather Gold","floor":13,"damage_taken":0},{"event_name":"Cursed Tome","player_choice":"Obtained Book","floor":20,"damage_taken":0},{"event_name":"Beggar","player_choice":"Gave Gold","floor":22,"damage_taken":0}],"boss_relics":[{"not_picked":["Sozu","Snecko Eye"],"picked":"Calling Bell"}],"items_purged_floors":[19],"is_endless":false,"potions_floor_spawned":[1,11,18,28],"killed_by":"Gremlin Leader","ascension_level":0}