{"gold_per_floor":[116,116,44,64,79,79,99,99,124,138,88,148,73,93,93,198,198,218,218,218,236,250,250,265,281,308,328,182,182,216,227,227,227],"floor_reached":33,"playtime":1440,"items_purged":["Strike_R","Defend_R"],"score":261,"play_id":"dc2fc9d4-b20f-411b-bb1c-6ca50b348dbd","local_time":"20180801115732","is_ascension_mode":false,"campfire_choices":[{"data":"Rampage","floor":6,"key":"SMITH"},{"data":"Pommel Strike","floor":8,"key":"SMITH"},{"data":"Thunderclap","floor":15,"key":"SMITH"},{"floor":23,"key":"REST"},{"floor":29,"key":"REST"},{"floor":32,"key":"REST"}],"neow_cost":"NONE","seed_source_timestamp":1012085249378915,"circlet_count":0,"master_deck":["Strike_R","Defend_R","Bash","Rampage+1","Twin Strike","Pommel Strike+1","Iron Wave","Clothesline","Thunderclap+1","Limit Break","Anger+1","Thunderclap+1","Reckless Charge+1","Whirlwind","Necronomicurse","Combust+1","Power Through","Iron Wave+1","Sword Boomerang","Heavy Blade","Armaments","Heavy Blade"],"relics":["Burning Blood","Bronze Scales","Orichalcum","Astrolabe","Necronomicon","Letter Opener","Red Skull","Blood Vial"],"potions_floor_usage":[4,14,14,22,25,30],"damage_taken":[{"damage":12,"enemies":"Jaw Worm","floor":1,"turns":5},{"damage":0,"enemies":"2 Louse","floor":4,"turns":2},{"damage":6,"enemies":"Cultist","floor":5,"turns":3},{"damage":10,"enemies":"Looter","floor":7,"turns":3},{"damage":9,"enemies":"2 Fungi Beasts","floor":10,"turns":3},{"damage":5,"enemies":"Gremlin Nob","floor":12,"turns":3},{"damage":2,"enemies":"Large Slime","floor":14,"turns":4},{"damage":48,"enemies":"Hexaghost","floor":16,"turns":8},{"damage":24,"enemies":"2 Thieves","floor":18,"turns":3},{"damage":4,"enemies":"Chosen","floor":21,"turns":2},{"damage":20,"enemies":"Slaver and Parasite","floor":22,"turns":3},{"damage":17,"enemies":"Snake Plant","floor":24,"turns":4},{"damage":8,"enemies":"3 Cultists","floor":25,"turns":3},{"damage":22,"enemies":"Slaver and Parasite","floor":27,"turns":3},{"damage":24,"enemies":"Gremlin Leader","floor":30,"turns":4},{"damage":9,"enemies":"Snecko","floor":31,"turns":3},{"damage":108,"enemies":"Automaton","floor":33,"turns":8}],"seed_played":"6800210376551064891","potions_obtained":[{"floor":4,"key":"Block Potion"},{"floor":5,"key":"AttackPotion"},{"floor":12,"key":"Regen Potion"},{"floor":21,"key":"SkillPotion"},{"floor":24,"key":"AttackPotion"},{"floor":27,"key":"Explosive Potion"}],"is_trial":false,"path_per_floor":["M","?","$","M","M","R","M","R","T","M","?","?","$","M","R","B",null,"M","?","?","M","M","R","M","M","T","M","$","R","E","M","R"],"character_chosen":"IRONCLAD","items_purchased":["Rampage","Heavy Blade"],"campfire_rested":3,"item_purchase_floors":[3,28],"current_hp_per_floor":[74,74,74,80,80,80,76,76,76,73,73,74,74,80,80,38,80,62,46,46,48,34,58,47,45,45,29,29,53,35,34,58,0],"gold":227,"neow_bonus":"THREE_SMALL_POTIONS","is_prod":false,"is_daily":false,"chose_seed":false,"campfire_upgraded":3,"win_rate":0.0,"timestamp":1533142652,"path_taken":["M","?","$","M","?","R","M","R","T","M","?","?","$","M","R","BOSS","M","?","?","M","?","R","M","M","T","M","$","R","E","M","R","BOSS"],"build_version":"2018-07-26","purchased_purges":2,"victory":false,"max_hp_per_floor":[80,80,80,80,80,80,80,80,80,80,80,80,80,80,80,80,80,80,80,80,80,80,80,80,80,80,80,80,80,80,80,80,80],"card_choices":[{"not_picked":["Second Wind","Perfected Strike","Clash"],"picked":"SKIP","floor":1},{"not_picked":["Hemokinesis","Bloodletting"],"picked":"Twin Strike","floor":4},{"not_picked":["Twin Strike","Blood for Blood"],"picked":"Pommel Strike","floor":5},{"not_picked":["Twin Strike","Pommel Strike","Clash"],"picked":"SKIP","floor":7},{"not_picked":["Corruption","Warcry"],"picked":"Iron Wave","floor":10},{"not_picked":["Warcry","Power Through"],"picked":"Clothesline","floor":12},{"not_picked":["Clothesline","Flex"],"picked":"Thunderclap","floor":14},{"not_picked":["Brutality","Bludgeon"],"picked":"Limit Break","floor":16},{"not_picked":["Clothesline","Body Slam"],"picked":"Whirlwind","floor":18},{"not_picked":["Twin Strike","Power Through"],"picked":"Combust+1","floor":21},{"not_picked":["Pommel Strike+1","Power Through","Bloodletting"],"picked":"SKIP","floor":22},{"not_picked":["Battle Trance+1","Perfected Strike"],"picked":"Power Through","floor":24},{"not_picked":["Clash","Pummel"],"picked":"Iron Wave+1","floor":25},{"not_picked":["Flex+1","Searing Blow"],"picked":"Sword Boomerang","floor":27},{"not_picked":["Limit Break","Dropkick"],"picked":"Armaments","floor":30},{"not_picked":["Cleave","Dropkick"],"picked":"Heavy Blade","floor":31}],"player_experience":97562,"relics_obtained":[{"floor":9,"key":"Bronze Scales"},{"floor":12,"key":"Orichalcum"},{"floor":19,"key":"Necronomicon"},{"floor":26,"key":"Red Skull"},{"floor":30,"key":"Blood Vial"}],"event_choices":[{"event_name":"Living Wall","player_choice":"Forget","floor":2,"damage_taken":0},{"event_name":"The Cleric","player_choice":"Card Removal","floor":11,"damage_taken":0},{"event_name":"Dead Adventurer","player_choice":"Searched \u00271\u0027 times","floor":12,"damage_taken":0},{"event_name":"Cursed Tome","player_choice":"Obtained Book","floor":19,"damage_taken":0},{"event_name":"The Mausoleum","player_choice":"Yes","floor":20,"damage_taken":0}],"is_beta":false,"boss_relics":[{"not_picked":["Empty Cage","Orrery"],"picked":"Astrolabe"}],"items_purged_floors":[13,28],"is_endless":false,"potions_floor_spawned":[1,4,5,12,21,24,27],"killed_by":"Automaton","ascension_level":0}