{"gold_per_floor":[109,109,109,122,122,122,137,212,212,247,247,197,197,48,48,48],"floor_reached":16,"playtime":575,"items_purged":["Strike_G"],"score":121,"play_id":"20d17450-1c41-4afa-b8be-37050d57fab1","local_time":"20180723112032","is_ascension_mode":false,"campfire_choices":[{"data":"Backflip","floor":6,"key":"SMITH"},{"data":"Poisoned Stab","floor":11,"key":"SMITH"},{"data":"Terror","floor":13,"key":"SMITH"},{"floor":15,"key":"REST"}],"neow_cost":"NONE","seed_source_timestamp":233142927732988,"circlet_count":0,"master_deck":["Defend_G","Defend_G","Defend_G","Defend_G","Defend_G","Strike_G","Strike_G","Survivor","Neutralize","Backflip+1","Acrobatics","Quick Slash","Injury","Poisoned Stab+1","Terror+1","Bouncing Flask"],"relics":["Ring of the Snake","Golden Idol","Dodecahedron","Strawberry"],"potions_floor_usage":[10,10],"damage_taken":[{"damage":2,"enemies":"Jaw Worm","floor":1,"turns":6},{"damage":1,"enemies":"Cultist","floor":4,"turns":5},{"damage":0,"enemies":"2 Louse","floor":7,"turns":3},{"damage":18,"enemies":"Lagavulin","floor":10,"turns":9},{"damage":88,"enemies":"Slime Boss","floor":16,"turns":14}],"seed_played":"-342634440433019585","potions_obtained":[{"floor":4,"key":"Weak Potion"},{"floor":7,"key":"Block Potion"}],"is_trial":false,"path_per_floor":["M","?","?","M","?","R","M","?","T","E","R","?","R","$","R"],"character_chosen":"THE_SILENT","items_purchased":["Bouncing Flask"],"campfire_rested":1,"item_purchase_floors":[14],"current_hp_per_floor":[75,75,80,79,79,79,79,68,68,57,57,57,57,57,83,0],"gold":48,"neow_bonus":"TEN_PERCENT_HP_BONUS","is_prod":false,"is_daily":false,"chose_seed":false,"campfire_upgraded":3,"win_rate":0.0,"timestamp":1532362832,"path_taken":["M","?","?","M","?","R","?","?","T","E","R","?","R","?","R","BOSS"],"build_version":"2018-07-19v2","purchased_purges":1,"victory":false,"max_hp_per_floor":[77,77,82,82,82,82,82,82,82,89,89,89,89,89,89,89],"card_choices":[{"not_picked":["Setup","Quick Slash"],"picked":"Backflip","floor":1},{"not_picked":["Dagger Spray","Masterful Stab"],"picked":"Quick Slash","floor":4},{"not_picked":["Underhanded Strike","Backflip"],"picked":"Poisoned Stab","floor":7},{"not_picked":["Escape Plan","Flying Knee"],"picked":"Terror","floor":10}],"player_experience":68905,"relics_obtained":[{"floor":9,"key":"Dodecahedron"},{"floor":10,"key":"Strawberry"}],"event_choices":[{"event_name":"Transmorgrifier","player_choice":"Transform","floor":2,"damage_taken":0},{"event_name":"Big Fish","player_choice":"Donut","floor":3,"damage_taken":0},{"event_name":"Golden Idol","player_choice":"Take Wound","floor":5,"damage_taken":0},{"event_name":"World of Goop","player_choice":"Gather Gold","floor":8,"damage_taken":0},{"event_name":"The Cleric","player_choice":"Card Removal","floor":12,"damage_taken":0}],"is_beta":false,"boss_relics":[],"items_purged_floors":[14],"is_endless":false,"potions_floor_spawned":[4,7],"killed_by":"Slime Boss","ascension_level":0}