{"gold_per_floor":[114,129,144,69,84,114,129,129,154,154,120,70,85,117,117,217,217,232,247,247,262,62,62,62],"floor_reached":24,"playtime":1618,"items_purged":["Defend_G"],"score":198,"play_id":"f9867472-b441-4d60-a4f3-7d8ef27c59af","local_time":"20180711174540","daily_mods":["Heirloom","Uncertain Future","Lethality"],"is_ascension_mode":false,"campfire_choices":[{"floor":8,"key":"DIG"},{"floor":10,"key":"DIG"},{"floor":15,"key":"REST"},{"floor":23,"key":"REST"}],"neow_cost":"","seed_source_timestamp":0,"circlet_count":0,"master_deck":["Defend_G","Defend_G","Defend_G","Defend_G","Strike_G","Strike_G+1","Strike_G","Strike_G","Survivor","Neutralize+1","Deadly Poison","Dash","Venomology","Bane","Catalyst+1","Poisoned Stab","Venomology","Poisoned Stab","Deadly Poison"],"special_seed":17723,"relics":["Ring of the Snake","Du-Vu Doll","Shovel","Whetstone","Potion Belt","Singing Bowl","Dream Catcher","Runic Pyramid","TwistedFunnel"],"potions_floor_usage":[7,13,16,16,16,16,18,19,21,24,24,24,24,24,24,24],"damage_taken":[{"damage":1,"enemies":"Small Slimes","floor":1,"turns":4},{"damage":1,"enemies":"Jaw Worm","floor":2,"turns":2},{"damage":0,"enemies":"2 Louse","floor":3,"turns":2},{"damage":3,"enemies":"Looter","floor":5,"turns":3},{"damage":16,"enemies":"3 Sentries","floor":6,"turns":8},{"damage":0,"enemies":"2 Fungi Beasts","floor":7,"turns":2},{"damage":8,"enemies":"3 Louse","floor":13,"turns":2},{"damage":25,"enemies":"Lagavulin Event","floor":14,"turns":5},{"damage":30,"enemies":"Hexaghost","floor":16,"turns":8},{"damage":23,"enemies":"Chosen","floor":18,"turns":5},{"damage":39,"enemies":"Shell Parasite","floor":19,"turns":6},{"damage":0,"enemies":"Snecko","floor":21,"turns":3},{"damage":38,"enemies":"Gremlin Leader","floor":24,"turns":4}],"seed_played":"-1904894230533814690","potions_obtained":[{"floor":2,"key":"AttackPotion"},{"floor":7,"key":"SpeedPotion"},{"floor":13,"key":"EntropicBrew"},{"floor":14,"key":"SteroidPotion"}],"is_trial":false,"path_per_floor":["M","M","M","$","M","E","M","R","T","R","?","?","M","?","R","B",null,"M","M","?","M","$","R"],"character_chosen":"THE_SILENT","items_purchased":["TwistedFunnel"],"campfire_rested":2,"item_purchase_floors":[22],"current_hp_per_floor":[69,68,68,68,65,49,49,49,49,49,49,49,41,18,39,9,72,49,10,10,12,12,36,0],"gold":62,"neow_bonus":"","is_prod":false,"is_daily":true,"chose_seed":false,"campfire_upgraded":0,"win_rate":0.0,"timestamp":1531349140,"path_taken":["M","M","M","$","M","E","M","R","T","R","?","?","M","?","R","BOSS","M","M","?","M","$","R","E"],"build_version":"2018-07-05","purchased_purges":1,"victory":false,"max_hp_per_floor":[70,70,70,70,70,70,70,70,70,70,70,70,70,72,72,72,72,72,72,72,74,74,76,76],"card_choices":[{"not_picked":["PiercingWail","Poisoned Stab"],"picked":"Deadly Poison","floor":1},{"not_picked":["Infinite Blades","PiercingWail"],"picked":"Dash","floor":2},{"not_picked":["Dagger Spray","Flying Knee","Masterful Stab"],"picked":"SKIP","floor":3},{"not_picked":["Endless Agony","Infinite Blades","Sucker Punch"],"picked":"SKIP","floor":5},{"not_picked":["Outmaneuver","Dash"],"picked":"Venomology","floor":6},{"not_picked":["Slice","Quick Slash"],"picked":"Bane","floor":7},{"not_picked":["Backflip","Masterful Stab"],"picked":"Catalyst","floor":13},{"not_picked":["Cloak And Dagger","Outmaneuver","Sucker Punch"],"picked":"Singing Bowl","floor":14},{"not_picked":["Deadly Poison","Outmaneuver"],"picked":"Poisoned Stab","floor":15},{"not_picked":["Doppelganger","Bullet Time"],"picked":"Venomology","floor":16},{"not_picked":["Finisher","Dagger Spray+1"],"picked":"Poisoned Stab","floor":18},{"not_picked":["Slice+1","PiercingWail"],"picked":"Deadly Poison","floor":19},{"not_picked":["Quick Slash","Malaise+1","Dagger Throw+1"],"picked":"Singing Bowl","floor":21},{"not_picked":["Slice+1","Dagger Throw","Well Laid Plans"],"picked":"Singing Bowl","floor":23}],"player_experience":36429,"relics_obtained":[{"floor":6,"key":"Shovel"},{"floor":8,"key":"Whetstone"},{"floor":9,"key":"Potion Belt"},{"floor":10,"key":"Singing Bowl"},{"floor":14,"key":"Dream Catcher"}],"event_choices":[{"event_name":"World of Goop","player_choice":"Left","floor":11,"damage_taken":0},{"event_name":"The Cleric","player_choice":"Card Removal","floor":12,"damage_taken":0},{"event_name":"Dead Adventurer","player_choice":"Searched \u00272\u0027 times","floor":14,"damage_taken":0},{"event_name":"Upgrade Shrine","player_choice":"Upgraded","floor":20,"damage_taken":0}],"boss_relics":[{"not_picked":["Snecko Eye","Sozu"],"picked":"Runic Pyramid"}],"items_purged_floors":[4],"is_endless":false,"potions_floor_spawned":[2,7,13,14],"killed_by":"Gremlin Leader","ascension_level":0}