{"gold_per_floor":[115,40,50,65,84,84,112,124,159,188,220,267,179,196,196,300,300,316,316,142,160,111,111,125,135,203,118,118],"floor_reached":28,"playtime":990,"items_purged":["Strike_R","Strike_R","Strike_R"],"score":232,"play_id":"b9b9ed35-1216-4221-98ce-f0e08c0e9da8","local_time":"20180803120402","is_ascension_mode":false,"campfire_choices":[{"data":"Cleave","floor":6,"key":"SMITH"},{"floor":8,"key":"REST"},{"data":"Wild Strike","floor":15,"key":"SMITH"},{"data":"Thunderclap","floor":23,"key":"SMITH"}],"neow_cost":"","seed_source_timestamp":1185722833016526,"circlet_count":0,"master_deck":["Strike_R","Strike_R","Defend_R","Defend_R","Defend_R","Bash","Anger","Twin Strike","Headbutt","Cleave+1","Anger","Clothesline","Wild Strike+1","Cleave","Reaper","True Grit","Shrug It Off","Thunderclap+1","Pommel Strike"],"relics":["Burning Blood","MawBank","Bag of Preparation","Boot","Sozu","Frozen Egg 2","Oddly Smooth Stone"],"potions_floor_usage":[16,16,16,28],"damage_taken":[{"damage":7,"enemies":"Cultist","floor":1,"turns":5},{"damage":0,"enemies":"Small Slimes","floor":3,"turns":3},{"damage":7,"enemies":"2 Louse","floor":4,"turns":2},{"damage":15,"enemies":"Large Slime","floor":5,"turns":5},{"damage":24,"enemies":"3 Sentries","floor":7,"turns":3},{"damage":10,"enemies":"Looter","floor":10,"turns":2},{"damage":23,"enemies":"Lots of Slimes","floor":11,"turns":3},{"damage":11,"enemies":"Gremlin Nob","floor":12,"turns":3},{"damage":0,"enemies":"Exordium Wildlife","floor":14,"turns":1},{"damage":24,"enemies":"Hexaghost","floor":16,"turns":8},{"damage":14,"enemies":"Shell Parasite","floor":18,"turns":5},{"damage":10,"enemies":"Spheric Guardian","floor":21,"turns":3},{"damage":29,"enemies":"Snake Plant","floor":24,"turns":4},{"damage":19,"enemies":"Sentry and Sphere","floor":25,"turns":4},{"damage":59,"enemies":"Book of Stabbing","floor":28,"turns":6}],"seed_played":"-6691230614609837763","potions_obtained":[{"floor":7,"key":"Block Potion"},{"floor":10,"key":"Poison Potion"},{"floor":14,"key":"SteroidPotion"},{"floor":16,"key":"SpeedPotion"}],"is_trial":false,"path_per_floor":["M","$","M","M","M","R","E","R","T","M","M","E","$","M","R","B",null,"M","?","$","M","$","R","M","M","T","?"],"character_chosen":"IRONCLAD","items_purchased":["True Grit","Thunderclap"],"campfire_rested":1,"item_purchase_floors":[20,22],"current_hp_per_floor":[79,79,80,79,70,70,52,76,76,72,55,50,50,56,56,38,80,72,72,72,68,68,68,49,36,36,36,0],"gold":118,"neow_bonus":"","is_prod":false,"is_daily":false,"chose_seed":false,"campfire_upgraded":3,"win_rate":0.0,"timestamp":1533315842,"path_taken":["M","$","M","?","M","R","E","R","T","M","M","E","$","M","R","BOSS","M","?","$","M","$","R","M","M","T","?","E"],"build_version":"2018-08-02","purchased_purges":3,"victory":false,"max_hp_per_floor":[80,80,80,80,80,80,80,80,80,80,80,80,80,80,80,80,80,80,80,80,80,80,80,80,80,80,80,80],"card_choices":[{"not_picked":["Armaments","Power Through"],"picked":"Anger","floor":1},{"not_picked":["Anger","Bloodletting"],"picked":"Twin Strike","floor":3},{"not_picked":["Dropkick","Shockwave"],"picked":"Headbutt","floor":4},{"not_picked":["Anger","Warcry"],"picked":"Cleave","floor":5},{"not_picked":["Infernal Blade","Corruption"],"picked":"Anger","floor":7},{"not_picked":["Corruption","Sword Boomerang"],"picked":"Clothesline","floor":10},{"not_picked":["Entrench","Carnage","Headbutt"],"picked":"SKIP","floor":11},{"not_picked":["Warcry","Power Through"],"picked":"Wild Strike","floor":12},{"not_picked":["Flame Barrier","Sword Boomerang"],"picked":"Cleave","floor":14},{"not_picked":["Limit Break","Berserk"],"picked":"Reaper","floor":16},{"not_picked":["Inflame","True Grit","Clash"],"picked":"SKIP","floor":18},{"not_picked":["Spot Weakness+1","Cleave"],"picked":"Shrug It Off","floor":21},{"not_picked":["Wild Strike","Burning Pact","Bloodletting"],"picked":"SKIP","floor":24},{"not_picked":["Clothesline","Headbutt"],"picked":"Pommel Strike","floor":25}],"player_experience":112290,"relics_obtained":[{"floor":7,"key":"MawBank"},{"floor":9,"key":"Bag of Preparation"},{"floor":12,"key":"Boot"},{"floor":26,"key":"Frozen Egg 2"}],"event_choices":[{"event_name":"Bonfire Elementals","player_choice":"BASIC","floor":19,"damage_taken":0},{"event_name":"Addict","player_choice":"Obtained Relic","floor":27,"damage_taken":0}],"is_beta":false,"boss_relics":[{"not_picked":["Philosopher\u0027s Stone","Runic Dome"],"picked":"Sozu"}],"items_purged_floors":[2,13,20],"is_endless":false,"potions_floor_spawned":[7,10,14,16,18,21,24],"killed_by":"Book of Stabbing","ascension_level":0}