{"gold_per_floor":[115,131,151,100,100,130,144,174,174,174,35,55,55,84,84,182,182,193,193,213,488,7,38,38],"floor_reached":24,"playtime":2522,"items_purged":["Regret"],"score":246,"play_id":"6b4cf4bf-4661-41ab-9248-54ab8c7bb2ba","local_time":"20190619184505","is_ascension_mode":true,"campfire_choices":[{"floor":10,"key":"REST"},{"floor":13,"key":"REST"},{"floor":15,"key":"REST"}],"neow_cost":"NONE","seed_source_timestamp":9412213446069,"circlet_count":0,"master_deck":["Defend_G","Defend_G","Defend_G","Defend_G","Defend_G","Strike_G","Strike_G","Strike_G","Strike_G","Strike_G","Survivor","Neutralize+1","Backflip","Blade Dance","Slice","Blade Dance+1","Escape Plan","Cloak And Dagger","Dagger Throw","Die Die Die","Dagger Spray","Terror","Phantasmal Killer","PiercingWail+1","Dagger Spray+1","All Out Attack+1","Accuracy","Unload+1"],"relics":["Ring of the Snake","NeowsBlessing","Gremlin Horn","Lantern","Happy Flower","Mummified Hand","Black Star","Molten Egg 2","Omamori","Oddly Smooth Stone"],"potions_floor_usage":[8,14,16,16,18],"damage_taken":[{"damage":0,"enemies":"Cultist","floor":1,"turns":1},{"damage":0,"enemies":"Jaw Worm","floor":2,"turns":1},{"damage":0,"enemies":"2 Louse","floor":3,"turns":1},{"damage":33,"enemies":"Lagavulin","floor":6,"turns":9},{"damage":0,"enemies":"Lots of Slimes","floor":7,"turns":3},{"damage":6,"enemies":"3 Sentries","floor":8,"turns":8},{"damage":0,"enemies":"2 Fungi Beasts","floor":12,"turns":1},{"damage":11,"enemies":"Lagavulin","floor":14,"turns":6},{"damage":13,"enemies":"Slime Boss","floor":16,"turns":12},{"damage":11,"enemies":"2 Thieves","floor":18,"turns":4},{"damage":0,"enemies":"Chosen","floor":20,"turns":4},{"damage":47,"enemies":"Book of Stabbing","floor":23,"turns":7},{"damage":17,"enemies":"Centurion and Healer","floor":24,"turns":4}],"seed_played":"-321541430725978491","potions_obtained":[{"floor":3,"key":"Weak Potion"},{"floor":6,"key":"LiquidBronze"},{"floor":8,"key":"PowerPotion"},{"floor":12,"key":"SkillPotion"},{"floor":16,"key":"EssenceOfSteel"}],"is_trial":false,"path_per_floor":["M","M","M","$","?","E","M","E","T","R","$","M","R","E","R","B",null,"M","?","M","?","$","E","M"],"character_chosen":"THE_SILENT","items_purchased":["Blade Dance","Die Die Die","Molten Egg 2","All Out Attack+1","Accuracy"],"campfire_rested":3,"item_purchase_floors":[4,11,22,22,22],"current_hp_per_floor":[70,70,70,70,56,23,23,17,17,38,38,38,59,48,69,56,70,59,59,59,59,59,12,0],"gold":38,"neow_bonus":"THREE_ENEMY_KILL","is_prod":false,"is_daily":false,"chose_seed":false,"campfire_upgraded":0,"win_rate":0,"timestamp":1560984305,"path_taken":["M","M","?","$","?","E","M","E","T","R","$","M","R","E","R","BOSS","M","?","M","?","$","E","M"],"build_version":"2019-01-23","purchased_purges":1,"victory":false,"max_hp_per_floor":[70,70,70,70,70,70,70,70,70,70,70,70,70,70,70,70,70,70,70,70,70,70,70,70],"card_choices":[{"not_picked":["Endless Agony","Acrobatics"],"picked":"Backflip","floor":1},{"not_picked":["Bane","Prepared"],"picked":"Blade Dance","floor":2},{"not_picked":["Deflect","Bane"],"picked":"Slice","floor":3},{"not_picked":["Dodge and Roll","Flying Knee"],"picked":"Escape Plan","floor":6},{"not_picked":["Prepared","Quick Slash"],"picked":"Cloak And Dagger","floor":7},{"not_picked":["Predator","Crippling Poison"],"picked":"Dagger Throw","floor":8},{"not_picked":["Flying Knee","Blur"],"picked":"Dagger Spray","floor":12},{"not_picked":["Backflip","Calculated Gamble"],"picked":"Terror","floor":14},{"not_picked":["Unload","Glass Knife"],"picked":"Phantasmal Killer","floor":16},{"not_picked":["Acrobatics","Quick Slash+1"],"picked":"PiercingWail+1","floor":18},{"not_picked":["Deflect","Outmaneuver"],"picked":"Dagger Spray+1","floor":20},{"not_picked":["Leg Sweep","Quick Slash+1"],"picked":"Unload+1","floor":23}],"player_experience":106882,"relics_obtained":[{"floor":6,"key":"Gremlin Horn"},{"floor":8,"key":"Lantern"},{"floor":9,"key":"Happy Flower"},{"floor":14,"key":"Mummified Hand"},{"floor":23,"key":"Omamori"},{"floor":23,"key":"Oddly Smooth Stone"}],"event_choices":[{"damage_healed":0,"gold_gain":0,"player_choice":"Entered Light","damage_taken":14,"max_hp_gain":0,"max_hp_loss":0,"event_name":"Shining Light","floor":5,"gold_loss":0,"cards_upgraded":["Blade Dance","Neutralize"]},{"damage_healed":0,"gold_gain":0,"player_choice":"Ignored","damage_taken":0,"max_hp_gain":0,"max_hp_loss":0,"event_name":"Ghosts","floor":19,"gold_loss":0},{"damage_healed":0,"gold_gain":275,"player_choice":"Desecrate","damage_taken":0,"max_hp_gain":0,"max_hp_loss":0,"event_name":"Golden Shrine","floor":21,"gold_loss":0,"cards_obtained":["Regret"]}],"is_beta":false,"boss_relics":[{"not_picked":["Ring of the Serpent","Coffee Dripper"],"picked":"Black Star"}],"items_purged_floors":[22],"is_endless":false,"potions_floor_spawned":[3,6,8,12,16],"killed_by":"Centurion and Healer","ascension_level":1}