{"gold_per_floor":[114,129,129,204,219,219,249,324,324,354,4,4,19,34,46,158,170,197,209,236,44,59,59,89,104,104,119,119,119,134,149,149,249,249,264,1263,1308,1328,1343,1373,1373,1373,1423,1438,48,48,63,0,0,0],"floor_reached":51,"playtime":3644,"items_purged":["Redo"],"score":1084,"play_id":"89de9456-b63a-4e41-a6ba-dcb963b2d0ce","local_time":"20180721085807","daily_mods":["Insanity","Time Dilation","Vintage"],"is_ascension_mode":false,"campfire_choices":[{"data":"BootSequence","floor":6,"key":"SMITH"},{"data":"Sweeping Beam","floor":12,"key":"SMITH"},{"data":"Meteor Strike","floor":15,"key":"SMITH"},{"data":"Aggregate","floor":23,"key":"SMITH"},{"data":"Sunder","floor":29,"key":"SMITH"},{"data":"Biased Cognition","floor":32,"key":"SMITH"},{"data":"Self Repair","floor":41,"key":"SMITH"},{"data":"Hyperbeam","floor":49,"key":"SMITH"}],"neow_cost":"","seed_source_timestamp":0,"circlet_count":0,"master_deck":["Undo","Auto Shields","Creative AI","Conserve Battery","Ball Lightning","Seek","All For One","Buffer","BootSequence+1","Sunder","White Noise","Rip and Tear+1","Aggregate+1","Scrape","Barrage","Aggregate+1","Steam Power","Steam","Chill+1","Capacitor","Biased Cognition+1","Stack","Chill","Chill","Sweeping Beam","Turbo","Heatsinks","Multi-Cast","Steam Power","Cold Snap+1","Meteor Strike+1","Hyperbeam+1","Machine Learning+1","Leap","Auto Shields","Chill","Sweeping Beam+1","Doom and Gloom","Echo Form","Fission","Sunder+1","Aggregate","Self Repair+1","Zap","Amplify","Darkness","Turbo","Reboot","Enlightenment","Go for the Eyes","Rainbow","Normality","Compile Driver+1"],"special_seed":17733,"relics":["Cracked Core","Smiling Mask","Bottled Lightning","Centennial Puzzle","Bird Faced Urn","Potion Belt","Letter Opener","Symbiotic Virus","Calipers","OrangePellets","Bag of Preparation","Bag of Marbles","MawBank","Ornamental Fan","Empty Cage","Art of War","DataDisk","Gremlin Horn","Mango","Matryoshka","The Courier","Ancient Tea Set","Dream Catcher","Bottled Tornado","Oddly Smooth Stone","Blood Vial","Coffee Dripper","Whetstone","Tiny Chest","Incense Burner","Happy Flower","War Paint","Orichalcum","Vajra","Prayer Wheel","Ginger","Toxic Egg 2","Omamori","Strawberry","Thread and Needle","Pantograph","Molten Egg 2","Red Mask"],"potions_floor_usage":[16,16,16,22,24,30,33,40,44],"damage_taken":[{"damage":3,"enemies":"Jaw Worm","floor":1,"turns":4},{"damage":0,"enemies":"2 Louse","floor":2,"turns":1},{"damage":0,"enemies":"Small Slimes","floor":5,"turns":2},{"damage":4,"enemies":"Lagavulin","floor":7,"turns":7},{"damage":0,"enemies":"3 Sentries","floor":10,"turns":2},{"damage":0,"enemies":"Blue Slaver","floor":13,"turns":3},{"damage":2,"enemies":"Red Slaver","floor":14,"turns":4},{"damage":0,"enemies":"The Guardian","floor":16,"turns":2},{"damage":10,"enemies":"Spheric Guardian","floor":18,"turns":4},{"damage":5,"enemies":"Shell Parasite","floor":20,"turns":6},{"damage":0,"enemies":"Cultist and Chosen","floor":22,"turns":5},{"damage":10,"enemies":"Slavers","floor":24,"turns":5},{"damage":0,"enemies":"Centurion and Healer","floor":25,"turns":5},{"damage":0,"enemies":"Snecko","floor":27,"turns":4},{"damage":0,"enemies":"3 Cultists","floor":30,"turns":3},{"damage":0,"enemies":"Chosen and Byrds","floor":31,"turns":2},{"damage":0,"enemies":"Collector","floor":33,"turns":9},{"damage":2,"enemies":"3 Shapes","floor":35,"turns":2},{"damage":0,"enemies":"Flame Bruiser 1 Orb","floor":37,"turns":3},{"damage":7,"floor":38,"turns":4},{"damage":0,"enemies":"Sphere and 2 Shapes","floor":39,"turns":5},{"damage":57,"enemies":"2 Orb Walkers","floor":40,"turns":5},{"damage":0,"enemies":"Maw","floor":44,"turns":7},{"damage":0,"enemies":"Spire Growth","floor":47,"turns":3},{"damage":0,"enemies":"Donu and Deca","floor":50,"turns":10}],"seed_played":"5511659171679018982","potions_obtained":[{"floor":2,"key":"SkillPotion"},{"floor":5,"key":"AttackPotion"},{"floor":7,"key":"Ancient Potion"},{"floor":20,"key":"PowerPotion"},{"floor":22,"key":"AttackPotion"},{"floor":25,"key":"Explosive Potion"},{"floor":30,"key":"Regen Potion"},{"floor":35,"key":"Regen Potion"},{"floor":37,"key":"SpeedPotion"},{"floor":38,"key":"SpeedPotion"},{"floor":40,"key":"PowerPotion"}],"is_trial":false,"path_per_floor":["M","M","?","?","M","R","E","T","T","E","$","R","M","M","R","B",null,"M","?","M","$","M","R","E","M","T","M","?","R","M","M","R","B",null,"M","?","M","?","M","E","R","?","T","M","$","?","M","?","R","B"],"character_chosen":"DEFECT","items_purchased":["OrangePellets","Bag of Preparation","Enlightenment","Ginger","Toxic Egg 2","Omamori","Strawberry","Thread and Needle","Pantograph"],"campfire_rested":0,"item_purchase_floors":[11,11,21,45,45,45,45,45,45],"current_hp_per_floor":[72,72,54,54,54,54,65,65,65,67,67,67,75,75,75,75,75,65,65,75,75,75,75,89,89,89,89,89,89,89,89,89,89,89,87,87,89,82,89,41,41,41,41,55,62,62,70,70,70,96],"gold":0,"neow_bonus":"","is_prod":false,"is_daily":true,"chose_seed":false,"campfire_upgraded":8,"win_rate":0,"timestamp":1532181487,"path_taken":["M","M","?","?","?","R","E","?","T","E","$","R","M","?","R","BOSS","M","?","?","$","M","R","E","M","T","M","?","R","M","M","R","BOSS","M","?","?","?","M","E","R","?","T","?","$","?","M","?","R","BOSS"],"build_version":"2018-07-19v2","purchased_purges":1,"victory":true,"max_hp_per_floor":[75,75,75,75,75,75,75,75,75,75,75,75,75,75,75,75,75,75,75,75,75,75,75,89,89,89,89,89,89,89,89,89,89,89,89,89,89,89,89,89,89,89,89,89,96,96,96,96,96,96],"card_choices":[{"not_picked":["All For One","Hyperbeam"],"picked":"Turbo","floor":7},{"not_picked":["Lockon","Doom and Gloom"],"picked":"Reboot","floor":10},{"not_picked":["Conserve Battery","Ball Lightning","Capacitor+1"],"picked":"SKIP","floor":24},{"not_picked":["Multi-Cast","Biased Cognition"],"picked":"Rainbow","floor":33},{"not_picked":["Steam Power","Chaos"],"picked":"Compile Driver+1","floor":40}],"player_experience":48325,"relics_obtained":[{"floor":1,"key":"Smiling Mask"},{"floor":2,"key":"Bottled Lightning"},{"floor":5,"key":"Bird Faced Urn"},{"floor":7,"key":"Potion Belt"},{"floor":8,"key":"Letter Opener"},{"floor":9,"key":"Symbiotic Virus"},{"floor":10,"key":"Calipers"},{"floor":13,"key":"Bag of Marbles"},{"floor":14,"key":"MawBank"},{"floor":16,"key":"Ornamental Fan"},{"floor":18,"key":"Art of War"},{"floor":20,"key":"DataDisk"},{"floor":22,"key":"Gremlin Horn"},{"floor":24,"key":"Mango"},{"floor":25,"key":"Matryoshka"},{"floor":26,"key":"The Courier"},{"floor":26,"key":"Ancient Tea Set"},{"floor":27,"key":"Dream Catcher"},{"floor":30,"key":"Bottled Tornado"},{"floor":31,"key":"Oddly Smooth Stone"},{"floor":33,"key":"Blood Vial"},{"floor":35,"key":"Whetstone"},{"floor":37,"key":"Tiny Chest"},{"floor":38,"key":"Incense Burner"},{"floor":39,"key":"Happy Flower"},{"floor":40,"key":"War Paint"},{"floor":43,"key":"Orichalcum"},{"floor":43,"key":"Vajra"},{"floor":44,"key":"Prayer Wheel"},{"floor":47,"key":"Molten Egg 2"}],"event_choices":[{"event_name":"Scrap Ooze","player_choice":"success","floor":3,"damage_taken":18},{"event_name":"Golden Wing","player_choice":"Gained Gold","floor":4,"damage_taken":0},{"event_name":"Upgrade Shrine","player_choice":"Upgraded","floor":19,"damage_taken":0},{"event_name":"The Library","player_choice":"Read","floor":28,"damage_taken":0},{"event_name":"MindBloom","player_choice":"Gold","floor":36,"damage_taken":0},{"event_name":"Mysterious Sphere","player_choice":"Fight","floor":38,"damage_taken":0},{"event_name":"Falling","player_choice":"Removed Attack","floor":42,"damage_taken":0},{"event_name":"Purifier","player_choice":"One Purge","floor":46,"damage_taken":0},{"event_name":"Tomb of Lord Red Mask","player_choice":"Paid","floor":48,"damage_taken":0}],"is_beta":false,"boss_relics":[{"not_picked":["Runic Dome","FrozenCore"],"picked":"Empty Cage"},{"not_picked":["Astrolabe","Velvet Choker"],"picked":"Coffee Dripper"}],"items_purged_floors":[45],"is_endless":false,"potions_floor_spawned":[2,5,7,20,22,25,30,35,37,38,40],"ascension_level":0}