{"gold_per_floor":[114,114,127,302,315,341,341,71,95,124,138,157,157,17,17,120,120,130,130,5,5,5,30,30,44,121,121,121,220,245,260,260,260],"floor_reached":33,"playtime":1147,"items_purged":["Strike_G","Strike_G","Defend_G"],"score":291,"play_id":"0c4a1b2c-840a-4f46-8ac6-f28e0090b2b5","local_time":"20180728150137","is_ascension_mode":false,"campfire_choices":[{"floor":7,"key":"REST"},{"floor":13,"key":"REST"},{"floor":15,"key":"REST"},{"floor":24,"key":"REST"},{"data":"Noxious Fumes","floor":27,"key":"SMITH"},{"floor":32,"key":"REST"}],"neow_cost":"NONE","seed_source_timestamp":677830436399957,"circlet_count":0,"master_deck":["Defend_G","Defend_G","Strike_G","Strike_G","Survivor","Neutralize","Predator","Slice","Quick Slash","Backflip","Noxious Fumes+1","After Image","Backflip","Poisoned Stab","Caltrops","Adrenaline","Bane","Bane","Slice+1","Night Terror","Slice+1","Burst"],"relics":["Ring of the Snake","Bronze Scales","Bag of Preparation","Snake Skull","Anchor","Regal Pillow","Empty Cage","Du-Vu Doll","Matryoshka","Strawberry"],"potions_floor_usage":[6,16,16,25,25,30,31],"damage_taken":[{"damage":7,"enemies":"Small Slimes","floor":1,"turns":3},{"damage":0,"enemies":"2 Louse","floor":3,"turns":2},{"damage":1,"enemies":"Cultist","floor":5,"turns":3},{"damage":32,"enemies":"3 Sentries","floor":6,"turns":9},{"damage":24,"enemies":"Lagavulin","floor":10,"turns":7},{"damage":0,"enemies":"Blue Slaver","floor":11,"turns":4},{"damage":17,"enemies":"Gremlin Gang","floor":12,"turns":4},{"damage":24,"enemies":"The Guardian","floor":16,"turns":8},{"damage":10,"enemies":"Shell Parasite","floor":18,"turns":5},{"damage":6,"enemies":"Book of Stabbing","floor":23,"turns":5},{"damage":4,"enemies":"Spheric Guardian","floor":25,"turns":4},{"damage":36,"enemies":"Gremlin Leader","floor":30,"turns":5},{"damage":10,"enemies":"3 Cultists","floor":31,"turns":4},{"damage":72,"enemies":"Collector","floor":33,"turns":7}],"seed_played":"1568279903685444146","potions_obtained":[{"floor":1,"key":"GamblersBrew"},{"floor":3,"key":"SpeedPotion"},{"floor":12,"key":"SteroidPotion"},{"floor":16,"key":"Swift Potion"},{"floor":18,"key":"EssenceOfSteel"},{"floor":25,"key":"Fruit Juice"},{"floor":30,"key":"EssenceOfSteel"}],"is_trial":false,"path_per_floor":["M","?","M","?","M","E","R","$","T","E","M","M","R","$","R","B",null,"M","?","$","?","?","E","R","M","T","R","?","?","E","M","R"],"character_chosen":"THE_SILENT","items_purchased":["Noxious Fumes","Snake Skull","Caltrops"],"campfire_rested":5,"item_purchase_floors":[8,8,14],"current_hp_per_floor":[63,63,63,63,62,30,51,51,51,27,27,10,46,46,70,46,70,60,60,60,60,60,54,70,66,66,66,66,66,42,32,71,0],"gold":260,"neow_bonus":"RANDOM_COMMON_RELIC","is_prod":false,"is_daily":false,"chose_seed":false,"campfire_upgraded":1,"win_rate":0.0,"timestamp":1532808097,"path_taken":["M","?","M","?","M","E","R","?","T","E","M","?","R","?","R","BOSS","M","?","$","?","?","E","R","M","T","R","?","?","E","M","R","BOSS"],"build_version":"2018-07-26","purchased_purges":3,"victory":false,"max_hp_per_floor":[70,70,70,70,70,70,70,70,70,70,70,70,70,70,70,70,70,70,70,70,70,70,70,70,70,70,70,70,70,82,82,82,82],"card_choices":[{"not_picked":["Concentrate","Sucker Punch"],"picked":"Predator","floor":1},{"not_picked":["Prepared","Dagger Spray"],"picked":"Slice","floor":3},{"not_picked":["Deflect","Dodge and Roll"],"picked":"Quick Slash","floor":5},{"not_picked":["Concentrate","Footwork"],"picked":"Backflip","floor":6},{"not_picked":["Dash","Dagger Spray"],"picked":"After Image","floor":10},{"not_picked":["Sucker Punch","Quick Slash"],"picked":"Backflip","floor":11},{"not_picked":["Dodge and Roll","Flechettes"],"picked":"Poisoned Stab","floor":12},{"not_picked":["Doppelganger","Grand Finale"],"picked":"Adrenaline","floor":16},{"not_picked":["Expertise","Poisoned Stab"],"picked":"Bane","floor":18},{"not_picked":["Leg Sweep","Sucker Punch"],"picked":"Bane","floor":23},{"not_picked":["Underhanded Strike","Backflip"],"picked":"Slice+1","floor":25},{"not_picked":["Calculated Gamble","Acrobatics"],"picked":"Slice+1","floor":30},{"not_picked":["Deadly Poison+1","PiercingWail"],"picked":"Burst","floor":31}],"player_experience":84391,"relics_obtained":[{"floor":6,"key":"Bag of Preparation"},{"floor":9,"key":"Anchor"},{"floor":10,"key":"Regal Pillow"},{"floor":23,"key":"Du-Vu Doll"},{"floor":26,"key":"Matryoshka"},{"floor":30,"key":"Strawberry"}],"event_choices":[{"event_name":"Living Wall","player_choice":"Forget","floor":2,"damage_taken":0},{"event_name":"Liars Game","player_choice":"agreed","floor":4,"damage_taken":0},{"event_name":"Back to Basics","player_choice":"Elegance","floor":19,"damage_taken":0},{"event_name":"Vampires","player_choice":"Ignored","floor":21,"damage_taken":0},{"event_name":"Beggar","player_choice":"Ignored","floor":22,"damage_taken":0},{"event_name":"The Library","player_choice":"Read","floor":28,"damage_taken":0},{"event_name":"Nest","player_choice":"Stole From Cult","floor":29,"damage_taken":0}],"is_beta":false,"boss_relics":[{"not_picked":["Calling Bell","HoveringKite"],"picked":"Empty Cage"}],"items_purged_floors":[8,14,20],"is_endless":false,"potions_floor_spawned":[1,3,12,16,18,25,30],"killed_by":"Collector","ascension_level":0}