{"gold_per_floor":[112,112,130,130,60,60,79,79,102,120,195,210,210,210,210,311,311,321,334,26,26,39,39,56,66,118,217,235,235],"floor_reached":29,"playtime":1631,"items_purged":[],"score":217,"play_id":"4c5e96ce-9dac-4389-9bef-b2689c8b4f8d","local_time":"20180708155432","is_ascension_mode":false,"campfire_choices":[{"data":"Static Discharge","floor":6,"key":"SMITH"},{"floor":15,"key":"REST"},{"floor":23,"key":"REST"}],"neow_cost":"NONE","seed_source_timestamp":6403549930204,"circlet_count":0,"master_deck":["Strike_B","Strike_B+1","Strike_B+1","Strike_B+1","Defend_B","Defend_B","Defend_B","Defend_B","Zap","Dualcast","Sweeping Beam+1","Stack","Normality","Static Discharge+1","Ball Lightning+1","Compile Driver","Ball Lightning","Parasite","Machine Learning","Static Discharge","Auto Shields+1","Coolheaded","Self Repair","Blizzard","Hologram","Storm+1","Darkness"],"relics":["Cracked Core","Orichalcum","Vajra","Whetstone","Ginger","Busted Crown","Bag of Preparation","Shuriken","Ancient Tea Set"],"potions_floor_usage":[],"damage_taken":[{"damage":0,"enemies":"2 Louse","floor":1,"turns":2},{"damage":6,"enemies":"Jaw Worm","floor":3,"turns":2},{"damage":4,"enemies":"Small Slimes","floor":7,"turns":3},{"damage":6,"enemies":"Blue Slaver","floor":10,"turns":2},{"damage":9,"enemies":"Exordium Thugs","floor":12,"turns":3},{"damage":40,"enemies":"The Guardian","floor":16,"turns":7},{"damage":10,"enemies":"Chosen","floor":18,"turns":3},{"damage":24,"enemies":"Shell Parasite","floor":19,"turns":4},{"damage":26,"enemies":"Centurion and Healer","floor":22,"turns":5},{"damage":19,"enemies":"Snake Plant","floor":24,"turns":4},{"damage":13,"enemies":"Snecko","floor":25,"turns":4},{"damage":18,"enemies":"Centurion and Healer","floor":28,"turns":4},{"damage":18,"enemies":"Slaver and Parasite","floor":29,"turns":1}],"seed_played":"1319660431065780217","potions_obtained":[{"floor":3,"key":"LiquidBronze"},{"floor":12,"key":"Weak Potion"},{"floor":16,"key":"EssenceOfSteel"},{"floor":28,"key":"AttackPotion"}],"is_trial":false,"path_per_floor":["M","?","M","?","$","R","M","?","T","M","?","M","?","?","R","B",null,"M","M","$","T","M","R","M","M","T","?","M"],"character_chosen":"DEFECT","items_purchased":["Static Discharge","Coolheaded","Self Repair","Blizzard","Bag of Preparation"],"campfire_rested":2,"item_purchase_floors":[5,20,20,20,20],"current_hp_per_floor":[75,75,69,69,69,69,65,50,50,44,33,24,12,30,52,12,75,65,41,41,41,22,44,32,26,26,26,15,0],"gold":235,"neow_bonus":"RANDOM_COMMON_RELIC","is_prod":false,"is_daily":false,"chose_seed":false,"campfire_upgraded":1,"win_rate":0.0,"timestamp":1531083272,"path_taken":["M","?","M","?","$","R","M","?","T","?","?","M","?","?","R","BOSS","M","?","$","?","M","R","M","M","T","?","M","M"],"build_version":"2018-07-05","purchased_purges":0,"victory":false,"max_hp_per_floor":[75,75,75,75,75,75,75,75,75,75,75,75,75,75,75,75,75,75,75,75,75,75,75,75,75,75,75,75,75],"card_choices":[{"not_picked":["Leap","Barrage"],"picked":"Sweeping Beam","floor":1},{"not_picked":["Conserve Battery","Compile Driver"],"picked":"Stack","floor":3},{"not_picked":["Leap","Steam"],"picked":"Ball Lightning","floor":7},{"not_picked":["Stack","White Noise"],"picked":"Compile Driver","floor":10},{"not_picked":["Aggregate","Seek"],"picked":"Ball Lightning","floor":12},{"not_picked":["Reboot","Amplify"],"picked":"Machine Learning","floor":16},{"not_picked":[],"picked":"Static Discharge","floor":18},{"not_picked":[],"picked":"Auto Shields+1","floor":19},{"not_picked":[],"picked":"Hologram","floor":22},{"not_picked":["Beam Cell"],"picked":"SKIP","floor":24},{"not_picked":[],"picked":"Storm+1","floor":25},{"not_picked":[],"picked":"Darkness","floor":28}],"player_experience":18659,"relics_obtained":[{"floor":9,"key":"Whetstone"},{"floor":21,"key":"Shuriken"},{"floor":26,"key":"Ancient Tea Set"}],"event_choices":[{"event_name":"Living Wall","player_choice":"Grow","floor":2,"damage_taken":0},{"event_name":"Accursed Blacksmith","player_choice":"Rummage","floor":4,"damage_taken":0},{"event_name":"Shining Light","player_choice":"Entered Light","floor":8,"damage_taken":0},{"event_name":"World of Goop","player_choice":"Gather Gold","floor":11,"damage_taken":0},{"event_name":"Scrap Ooze","player_choice":"success","floor":13,"damage_taken":12},{"event_name":"Mushrooms","player_choice":"Healed and dodged fight","floor":14,"damage_taken":0},{"event_name":"Nest","player_choice":"Stole From Cult","floor":27,"damage_taken":0}],"boss_relics":[{"not_picked":["Empty Cage","Coffee Dripper"],"picked":"Busted Crown"}],"items_purged_floors":[],"is_endless":false,"potions_floor_spawned":[3,12,16,19,25,28],"killed_by":"Slaver and Parasite","ascension_level":0}