{"gold_per_floor":[366,384,403,140,32,59,69,83,83,83,3,3,3,18,18,115,115,126,126,126,26,38,38,38,38,38,38,50,77,2,22,22,22],"floor_reached":33,"playtime":3354,"items_purged":["Defend_G","Strike_G","Strike_G"],"score":265,"play_id":"d5b13db5-dd70-44bc-bfe8-2da8d2cf688a","local_time":"20180710192127","is_ascension_mode":false,"campfire_choices":[{"floor":10,"key":"REST"},{"floor":15,"key":"REST"},{"floor":23,"key":"REST"},{"data":"Infinite Blades","floor":25,"key":"SMITH"},{"data":"Blade Dance","floor":27,"key":"SMITH"},{"floor":32,"key":"REST"}],"neow_cost":"TEN_PERCENT_HP_LOSS","seed_source_timestamp":792614042084,"circlet_count":0,"master_deck":["Defend_G","Defend_G","Defend_G","Strike_G","Survivor","Neutralize","Backstab","Backflip","Blade Dance+1","Infinite Blades+1","Quick Slash","Caltrops","Bullet Time","Dagger Spray","After Image+1","Slice+1","Well Laid Plans+1","Cloak And Dagger"],"relics":["Ring of the Snake","Membership Card","Matryoshka","Boot","Calipers","Frozen Egg 2","Darkstone Periapt","Eternal Feather","Nilry\u0027s Codex","Torii","Paper Crane"],"potions_floor_usage":[],"damage_taken":[{"damage":2,"enemies":"Cultist","floor":1,"turns":5},{"damage":0,"enemies":"Small Slimes","floor":2,"turns":3},{"damage":0,"enemies":"Jaw Worm","floor":3,"turns":4},{"damage":43,"enemies":"Gremlin Nob","floor":6,"turns":5},{"damage":1,"enemies":"Blue Slaver","floor":7,"turns":3},{"damage":1,"enemies":"3 Louse","floor":8,"turns":2},{"damage":8,"enemies":"Large Slime","floor":14,"turns":6},{"damage":37,"enemies":"Slime Boss","floor":16,"turns":9},{"damage":14,"enemies":"Spheric Guardian","floor":18,"turns":5},{"damage":16,"enemies":"2 Thieves","floor":22,"turns":3},{"damage":2,"enemies":"Chosen and Byrds","floor":28,"turns":5},{"damage":43,"enemies":"Gremlin Leader","floor":29,"turns":7},{"damage":1,"enemies":"3 Cultists","floor":31,"turns":5},{"damage":43,"enemies":"Collector","floor":33,"turns":5}],"seed_played":"6474231542162002932","potions_obtained":[{"floor":3,"key":"Dexterity Potion"},{"floor":6,"key":"Block Potion"},{"floor":7,"key":"Swift Potion"},{"floor":8,"key":"EssenceOfSteel"},{"floor":18,"key":"Regen Potion"}],"is_trial":false,"path_per_floor":["M","M","M","$","$","E","M","M","T","R","$","?","T","M","R","B",null,"M","?","?","$","M","R","?","R","T","R","M","E","?","M","R"],"character_chosen":"THE_SILENT","items_purchased":["Membership Card","Blade Dance","Infinite Blades"],"campfire_rested":4,"item_purchase_floors":[4,5,5],"current_hp_per_floor":[61,61,61,61,61,18,17,16,16,34,34,34,34,26,44,7,63,49,33,33,33,17,41,62,63,63,63,61,18,18,17,41,0],"gold":22,"neow_bonus":"TWO_FIFTY_GOLD","is_prod":false,"is_daily":false,"chose_seed":false,"campfire_upgraded":2,"win_rate":0.0,"timestamp":1531268487,"path_taken":["M","M","?","?","$","E","M","M","T","R","$","?","?","M","R","BOSS","M","?","?","$","M","R","?","R","T","R","M","E","?","?","R","BOSS"],"build_version":"2018-07-05","purchased_purges":3,"victory":false,"max_hp_per_floor":[63,63,63,63,63,63,63,63,63,63,63,63,63,63,63,63,63,63,63,63,63,63,63,63,63,63,63,63,63,63,63,63,63],"card_choices":[{"not_picked":["Prepared","Well Laid Plans"],"picked":"Backstab","floor":1},{"not_picked":["Expertise","Prepared"],"picked":"Backflip","floor":2},{"not_picked":["Slice","Malaise","Acrobatics"],"picked":"SKIP","floor":3},{"not_picked":["Outmaneuver","Calculated Gamble"],"picked":"Quick Slash","floor":6},{"not_picked":["Flying Knee","Sucker Punch","Malaise"],"picked":"SKIP","floor":7},{"not_picked":["Bane","Poisoned Stab"],"picked":"Caltrops","floor":8},{"not_picked":["Masterful Stab","Sucker Punch"],"picked":"Dagger Spray","floor":14},{"not_picked":["Adrenaline","A Thousand Cuts+1"],"picked":"After Image+1","floor":16},{"not_picked":["Footwork+1","Dagger Spray"],"picked":"Slice+1","floor":18},{"not_picked":["Noxious Fumes+1","Crippling Poison+1"],"picked":"Well Laid Plans+1","floor":22},{"not_picked":["Backstab","Flying Knee","Footwork+1"],"picked":"SKIP","floor":28},{"not_picked":["Prepared","Backstab","Escape Plan"],"picked":"SKIP","floor":29},{"not_picked":["Dagger Throw","Flying Knee+1"],"picked":"Cloak And Dagger","floor":31}],"player_experience":32240,"relics_obtained":[{"floor":6,"key":"Matryoshka"},{"floor":9,"key":"Boot"},{"floor":9,"key":"Calipers"},{"floor":13,"key":"Frozen Egg 2"},{"floor":13,"key":"Darkstone Periapt"},{"floor":19,"key":"Nilry\u0027s Codex"},{"floor":26,"key":"Torii"},{"floor":29,"key":"Paper Crane"}],"event_choices":[{"event_name":"Transmorgrifier","player_choice":"Transform","floor":12,"damage_taken":0},{"event_name":"Cursed Tome","player_choice":"Obtained Book","floor":19,"damage_taken":0},{"event_name":"Back to Basics","player_choice":"Elegance","floor":20,"damage_taken":0},{"event_name":"The Library","player_choice":"Heal","floor":24,"damage_taken":0},{"event_name":"Beggar","player_choice":"Gave Gold","floor":30,"damage_taken":0}],"boss_relics":[{"not_picked":["Tiny House","Orrery"],"picked":"Eternal Feather"}],"items_purged_floors":[4,11,21],"is_endless":false,"potions_floor_spawned":[3,6,7,8,16,18,28],"killed_by":"Collector","ascension_level":0}