{"gold_per_floor":[110,110,110,124,144,144,171,171,224,236,13,29,39,58,58,159,159,173,173,173,192,207,233,233,85,140,61,61,78,97,72,72,72],"floor_reached":33,"playtime":1792,"items_purged":[],"score":345,"play_id":"1abce575-bb1d-47fb-b0d3-be03b0d0fb7c","local_time":"20190616220355","is_ascension_mode":true,"campfire_choices":[{"data":"Blizzard","floor":6,"key":"SMITH"},{"data":"Coolheaded","floor":10,"key":"SMITH"},{"data":"Chaos","floor":15,"key":"SMITH"},{"floor":24,"key":"REST"},{"floor":32,"key":"REST"}],"neow_cost":"NONE","seed_source_timestamp":349742856170645,"circlet_count":0,"master_deck":["Defend_B","Defend_B","Defend_B","Zap","Dualcast","Coolheaded+1","Beam Cell","Doom and Gloom","Blizzard+1","Go for the Eyes","Chaos+1","Cold Snap","Compile Driver","Go for the Eyes","Echo Form","White Noise+1","Bite","Bite","Bite","Bite","Bite","Heatsinks","Defragment","Blizzard","Loop","Redo"],"relics":["Cracked Core","Omamori","MawBank","Lee\u0027s Waffle","Lizard Tail","MutagenicStrength","Gremlin Horn","Pen Nib","DataDisk"],"potions_floor_usage":[5,21],"damage_taken":[{"damage":0,"enemies":"2 Louse","floor":1,"turns":2},{"damage":24,"enemies":"Small Slimes","floor":4,"turns":3},{"damage":0,"enemies":"Cultist","floor":5,"turns":3},{"damage":28,"enemies":"Lagavulin","floor":7,"turns":5},{"damage":0,"enemies":"Large Slime","floor":12,"turns":4},{"damage":31,"enemies":"Lots of Slimes","floor":13,"turns":3},{"damage":21,"enemies":"3 Louse","floor":14,"turns":2},{"damage":14,"enemies":"Hexaghost","floor":16,"turns":9},{"damage":0,"enemies":"Chosen","floor":18,"turns":5},{"damage":8,"enemies":"Shell Parasite","floor":21,"turns":4},{"damage":54,"enemies":"Centurion and Healer","floor":22,"turns":10},{"damage":89,"enemies":"Book of Stabbing","floor":23,"turns":8},{"damage":4,"enemies":"Chosen and Byrds","floor":29,"turns":6},{"damage":27,"enemies":"Snecko","floor":30,"turns":4},{"damage":41,"enemies":"Champ","floor":33,"turns":3}],"seed_played":"166400571887890641","potions_obtained":[{"floor":5,"key":"Fruit Juice"},{"floor":8,"key":"FairyPotion"},{"floor":8,"key":"SkillPotion"},{"floor":8,"key":"FearPotion"},{"floor":13,"key":"Energy Potion"},{"floor":22,"key":"Fire Potion"},{"floor":23,"key":"Explosive Potion"}],"is_trial":false,"path_per_floor":["M","?","?","M","M","R","E","?","T","R","$","M","M","M","R","B",null,"M","?","?","M","M","E","R","$","T","$","?","M","M","$","R","B"],"character_chosen":"DEFECT","items_purchased":["Lee\u0027s Waffle","Chaos","Pen Nib","Loop","Redo"],"campfire_rested":2,"item_purchase_floors":[11,11,25,27,31],"current_hp_per_floor":[82,75,75,51,56,56,28,28,28,28,94,94,63,42,42,28,94,94,94,65,65,39,13,32,32,32,32,32,38,13,13,32,0],"gold":72,"neow_bonus":"TEN_PERCENT_HP_BONUS","is_prod":false,"is_daily":false,"chose_seed":false,"campfire_upgraded":3,"win_rate":0,"timestamp":1560737035,"path_taken":["M","?","?","?","M","R","E","?","T","R","$","?","M","M","R","BOSS","M","?","?","M","M","E","R","$","T","?","?","M","M","$","R","BOSS"],"build_version":"2019-01-23","purchased_purges":0,"victory":false,"max_hp_per_floor":[82,82,82,82,87,87,87,87,87,87,94,94,94,94,94,94,94,94,94,65,65,65,65,65,65,65,65,65,65,65,65,65,65],"card_choices":[{"not_picked":["Rebound","Conserve Battery"],"picked":"Coolheaded","floor":1},{"not_picked":["Recycle","BootSequence"],"picked":"Doom and Gloom","floor":4},{"not_picked":["Streamline","Redo"],"picked":"Blizzard","floor":5},{"not_picked":["Barrage","Undo"],"picked":"Go for the Eyes","floor":7},{"not_picked":["Beam Cell","Multi-Cast"],"picked":"Cold Snap","floor":12},{"not_picked":["Gash","Storm"],"picked":"Compile Driver","floor":13},{"not_picked":["Sweeping Beam","Skim"],"picked":"Go for the Eyes","floor":14},{"not_picked":["Electrodynamics","Biased Cognition"],"picked":"Echo Form","floor":16},{"not_picked":["Redo+1","Tempest"],"picked":"White Noise+1","floor":18},{"not_picked":["Reinforced Body+1","Go for the Eyes"],"picked":"Heatsinks","floor":21},{"not_picked":["Aggregate+1","Lockon"],"picked":"Defragment","floor":22},{"not_picked":["Rebound","Go for the Eyes"],"picked":"Blizzard","floor":23},{"not_picked":["Leap+1","Tempest","Hologram+1"],"picked":"SKIP","floor":29},{"not_picked":["Recycle","FTL","Steam"],"picked":"SKIP","floor":30}],"player_experience":405614,"relics_obtained":[{"floor":7,"key":"Omamori"},{"floor":9,"key":"MawBank"},{"floor":23,"key":"Gremlin Horn"},{"floor":26,"key":"DataDisk"}],"event_choices":[{"cards_removed":["Defend_B"],"damage_healed":0,"gold_gain":0,"player_choice":"Card Removal","damage_taken":7,"max_hp_gain":0,"max_hp_loss":0,"event_name":"Golden Wing","floor":2,"gold_loss":0},{"damage_healed":0,"gold_gain":0,"player_choice":"1 cards matched","damage_taken":0,"max_hp_gain":0,"max_hp_loss":0,"event_name":"Match and Keep!","floor":3,"gold_loss":0,"cards_obtained":["Beam Cell"]},{"damage_healed":0,"gold_gain":0,"player_choice":"Got Potions","damage_taken":0,"max_hp_gain":0,"max_hp_loss":0,"event_name":"Lab","floor":8,"gold_loss":0},{"damage_healed":0,"gold_gain":0,"player_choice":"Inject Mutagens","damage_taken":0,"relics_obtained":["MutagenicStrength"],"max_hp_gain":0,"max_hp_loss":0,"event_name":"Drug Dealer","floor":19,"gold_loss":0},{"damage_healed":0,"gold_gain":0,"player_choice":"Became a vampire","damage_taken":0,"max_hp_gain":0,"max_hp_loss":29,"event_name":"Vampires","floor":20,"gold_loss":0,"cards_obtained":["Bite","Bite","Bite","Bite","Bite"]},{"damage_healed":0,"gold_gain":0,"player_choice":"Ignored","damage_taken":0,"max_hp_gain":0,"max_hp_loss":0,"event_name":"Cursed Tome","floor":28,"gold_loss":0}],"is_beta":false,"boss_relics":[{"not_picked":["Inserter","Runic Pyramid"],"picked":"Lizard Tail"}],"items_purged_floors":[],"is_endless":false,"potions_floor_spawned":[5,13,14,16,22,23,30],"killed_by":"Champ","ascension_level":4}