{"gold_per_floor":[362,372,372,372,388,388,398,398,425,425,460,470,470,480,480,578,578,588,70,70,70,89,89,89,89,89,89,107,107,7,27,27,27],"floor_reached":33,"playtime":1159,"items_purged":["Defend_G","Strike_G"],"score":245,"play_id":"f7ce230d-5af1-4a8b-b9e2-7238f6ccd41b","local_time":"20180722213840","is_ascension_mode":false,"campfire_choices":[{"data":"Poisoned Stab","floor":6,"key":"SMITH"},{"floor":8,"key":"REST"},{"floor":15,"key":"REST"},{"data":"Strike_G","floor":23,"key":"SMITH"},{"data":"Poisoned Stab","floor":27,"key":"SMITH"},{"data":"Bouncing Flask","floor":29,"key":"SMITH"},{"floor":32,"key":"REST"}],"neow_cost":"CURSE","seed_source_timestamp":183247444549637,"circlet_count":0,"master_deck":["Defend_G","Defend_G","Defend_G+1","Strike_G+1","Strike_G","Strike_G","Strike_G","Survivor+1","Neutralize","Writhe","Bane","Poisoned Stab+1","Neutralize","Bane","Heel Hook","After Image","Poisoned Stab+1","Adrenaline","Deflect","Writhe","Bouncing Flask+1","Backflip+1"],"relics":["Ring of the Snake","Anchor","Art of War","Tough Bandages","Lizard Tail","Calipers","Boot","Blood Vial","Kunai"],"potions_floor_usage":[5,7,11,28,28,28,31,33],"damage_taken":[{"damage":2,"enemies":"Small Slimes","floor":1,"turns":5},{"damage":2,"enemies":"2 Louse","floor":2,"turns":4},{"damage":0,"enemies":"Jaw Worm","floor":5,"turns":2},{"damage":14,"enemies":"Exordium Thugs","floor":7,"turns":4},{"damage":13,"enemies":"Lagavulin","floor":11,"turns":5},{"damage":0,"enemies":"Looter","floor":12,"turns":3},{"damage":0,"enemies":"2 Fungi Beasts","floor":14,"turns":3},{"damage":44,"enemies":"The Guardian","floor":16,"turns":10},{"damage":7,"enemies":"3 Byrds","floor":18,"turns":7},{"damage":11,"enemies":"Spheric Guardian","floor":22,"turns":5},{"damage":0,"enemies":"Centurion and Healer","floor":28,"turns":5},{"damage":23,"enemies":"Sentry and Sphere","floor":31,"turns":6},{"damage":131,"enemies":"Collector","floor":33,"turns":7}],"seed_played":"7909814514172077650","potions_obtained":[{"floor":1,"key":"FearPotion"},{"floor":2,"key":"Strength Potion"},{"floor":5,"key":"Explosive Potion"},{"floor":22,"key":"EntropicBrew"},{"floor":28,"key":"LiquidBronze"}],"is_trial":false,"path_per_floor":["M","M","?","?","M","R","M","R","T","?","E","M","T","M","R","B",null,"M","$","?","?","M","R","?","?","T","R","M","R","$","M","R"],"character_chosen":"THE_SILENT","items_purchased":["Calipers","Boot"],"campfire_rested":3,"item_purchase_floors":[19,19],"current_hp_per_floor":[68,66,52,52,52,52,38,59,59,52,39,39,39,39,60,16,70,63,63,63,63,52,52,52,52,52,52,54,54,54,33,54,0],"gold":27,"neow_bonus":"TWO_FIFTY_GOLD","is_prod":false,"is_daily":false,"chose_seed":false,"campfire_upgraded":4,"win_rate":0.0,"timestamp":1532313520,"path_taken":["M","M","?","?","M","R","M","R","T","?","E","?","?","M","R","BOSS","M","$","?","?","M","R","?","?","T","R","M","R","$","M","R","BOSS"],"build_version":"2018-07-19v2","purchased_purges":2,"victory":false,"max_hp_per_floor":[70,70,70,70,70,70,70,70,70,70,70,70,70,70,70,70,70,70,70,70,70,70,70,70,70,70,70,70,70,70,70,70,70],"card_choices":[{"not_picked":["Backstab","Crippling Poison"],"picked":"Bane","floor":1},{"not_picked":["Dagger Spray","Dodge and Roll"],"picked":"Poisoned Stab","floor":2},{"not_picked":["Dodge and Roll","PiercingWail"],"picked":"Bane","floor":5},{"not_picked":["Prepared","Flying Knee"],"picked":"Heel Hook","floor":7},{"not_picked":["Outmaneuver","Backflip"],"picked":"After Image","floor":11},{"not_picked":["Dagger Throw","Predator"],"picked":"Poisoned Stab","floor":12},{"not_picked":["Flechettes","Setup","Concentrate"],"picked":"SKIP","floor":14},{"not_picked":["Malaise","Wraith Form v2"],"picked":"Adrenaline","floor":16},{"not_picked":["Reflex","Prepared"],"picked":"Deflect","floor":18},{"not_picked":["Choke","All Out Attack","Predator"],"picked":"SKIP","floor":22},{"not_picked":["Predator","Choke"],"picked":"Bouncing Flask","floor":28},{"not_picked":["Dodge and Roll","Deflect"],"picked":"Backflip+1","floor":31}],"player_experience":62663,"relics_obtained":[{"floor":9,"key":"Anchor"},{"floor":11,"key":"Art of War"},{"floor":13,"key":"Tough Bandages"},{"floor":26,"key":"Kunai"}],"event_choices":[{"event_name":"Shining Light","player_choice":"Entered Light","floor":3,"damage_taken":0},{"event_name":"Match and Keep!","player_choice":"1 cards matched","floor":4,"damage_taken":0},{"event_name":"Golden Wing","player_choice":"Card Removal","floor":10,"damage_taken":0},{"event_name":"Drug Dealer","player_choice":"Ignored","floor":20,"damage_taken":0},{"event_name":"Vampires","player_choice":"Ignored","floor":21,"damage_taken":0},{"event_name":"The Mausoleum","player_choice":"Yes","floor":24,"damage_taken":0},{"event_name":"Ghosts","player_choice":"Ignored","floor":25,"damage_taken":0}],"is_beta":false,"boss_relics":[{"not_picked":["Tiny House","Snecko Eye"],"picked":"Lizard Tail"}],"items_purged_floors":[19,30],"is_endless":false,"potions_floor_spawned":[1,2,5,22,28],"killed_by":"Collector","ascension_level":0}