{"gold_per_floor":[212,9,29,29,29,29,52,52,352,368,386,234,255,255,255,386,386,410,22,45,45,64,64,64,64,64,64,83,107,131,31,31,162,162,176,509,509,113,113,146,146,162,162,162,162,172,187,197,197,197],"floor_reached":50,"playtime":1629,"items_purged":["Strike_G","Defend_G","Strike_G"],"score":564,"play_id":"7d36aaa1-17eb-4be0-b75b-c2e2cb6a4ad2","local_time":"20180727160620","is_ascension_mode":false,"campfire_choices":[{"data":"Poisoned Stab","floor":6,"key":"SMITH"},{"data":"All Out Attack","floor":8,"key":"SMITH"},{"data":"Caltrops","floor":15,"key":"SMITH"},{"data":"Backflip","floor":23,"key":"SMITH"},{"data":"Bane","floor":27,"key":"SMITH"},{"floor":32,"key":"REST"},{"floor":41,"key":"REST"},{"floor":45,"key":"REST"},{"floor":49,"key":"REST"}],"neow_cost":"NONE","seed_source_timestamp":594801517596992,"circlet_count":0,"master_deck":["Defend_G","Defend_G","Defend_G","Strike_G","Survivor","Neutralize","Poisoned Stab+1","All Out Attack+1","Injury","Bane+1","Backflip+1","Caltrops+1","Bane","Malaise","Deadly Poison+1","Deadly Poison+1","Catalyst+1","Corpse Explosion","Poisoned Stab+1","Caltrops","Slice","Poisoned Stab+1","Writhe","Catalyst+1"],"special_seed":0,"relics":["Ring of the Serpent","TwistedFunnel","Old Coin","Empty Cage","Bronze Scales","Pear","Potion Belt","HandDrill","Bottled Tornado","Art of War","Gremlin Horn"],"potions_floor_usage":[16,16,28,28,33,42,42,47,48,50],"damage_taken":[{"damage":0.0,"enemies":"Cultist","floor":1.0,"turns":4.0},{"damage":8,"enemies":"Jaw Worm","floor":3,"turns":4},{"damage":0,"enemies":"2 Louse","floor":7,"turns":2},{"damage":6,"enemies":"Large Slime","floor":10,"turns":5},{"damage":5,"enemies":"Looter","floor":11,"turns":2},{"damage":0,"enemies":"2 Fungi Beasts","floor":13,"turns":2},{"damage":7,"enemies":"Hexaghost","floor":16,"turns":7},{"damage":17,"enemies":"Spheric Guardian","floor":18,"turns":4},{"damage":9,"enemies":"Shell Parasite","floor":20,"turns":4},{"damage":9,"enemies":"Snake Plant","floor":22,"turns":3},{"damage":8,"enemies":"Centurion and Healer","floor":28,"turns":6},{"damage":24,"enemies":"Snecko","floor":29,"turns":5},{"damage":0,"enemies":"Chosen and Byrds","floor":30,"turns":4},{"damage":60,"enemies":"Collector","floor":33,"turns":7},{"damage":7,"enemies":"3 Shapes","floor":35,"turns":4},{"damage":59,"enemies":"2 Orb Walkers","floor":40,"turns":4},{"damage":10,"enemies":"Flame Bruiser 1 Orb","floor":42,"turns":5},{"damage":26,"enemies":"4 Shapes","floor":46,"turns":5},{"damage":5,"enemies":"Flame Bruiser 2 Orb","floor":47,"turns":3},{"damage":16,"enemies":"Spire Growth","floor":48,"turns":5},{"damage":79,"enemies":"Donu and Deca","floor":50,"turns":4}],"seed_played":"-5982582820153451197","potions_obtained":[{"floor":3,"key":"Weak Potion"},{"floor":10,"key":"Weak Potion"},{"floor":13,"key":"GhostInAJar"},{"floor":18,"key":"Poison Potion"},{"floor":20,"key":"FairyPotion"},{"floor":29,"key":"GamblersBrew"},{"floor":30,"key":"Fruit Juice"},{"floor":33,"key":"Ancient Potion"},{"floor":35,"key":"SpeedPotion"},{"floor":40,"key":"EssenceOfSteel"},{"floor":46,"key":"Block Potion"},{"floor":47,"key":"Block Potion"}],"is_trial":false,"path_per_floor":["M","$","M","?","?","R","M","R","T","M","M","$","M","?","R","B",null,"M","$","M","?","M","R","?","?","T","R","M","M","M","$","R","B",null,"M","?","?","$","T","E","R","M","T","?","R","M","M","M","R"],"character_chosen":"THE_SILENT","items_purchased":["TwistedFunnel","Caltrops","Bronze Scales","Pear","HandDrill","Caltrops"],"campfire_rested":4,"item_purchase_floors":[2,12,19,19,38,38],"current_hp_per_floor":[70,70,62,55,55,55,55,55,55,49,44,44,44,67,67,60,70,53,63,54,80,71,71,71,71,71,71,63,39,39,39,63,8,85,78,78,78,78,78,19,44,34,34,55,80,54,49,33,58,0],"gold":197,"neow_bonus":"HUNDRED_GOLD","is_prod":false,"is_daily":false,"chose_seed":false,"campfire_upgraded":5,"win_rate":0.0,"timestamp":1532725580,"path_taken":["M","$","M","?","?","R","?","R","T","M","M","$","?","?","R","BOSS","M","$","M","?","M","R","?","?","T","R","?","M","M","$","R","BOSS","M","?","?","$","?","E","R","M","T","?","R","?","?","M","R","BOSS"],"build_version":"2018-07-26","purchased_purges":3,"victory":false,"max_hp_per_floor":[70,70,70,70,70,70,70,70,70,70,70,70,70,70,70,70,70,70,80,80,80,80,80,80,80,80,80,80,80,80,80,80,85,85,85,85,85,85,85,85,85,85,85,85,85,85,85,85,85,85],"card_choices":[{"not_picked":["Dagger Throw","Quick Slash"],"picked":"Poisoned Stab","floor":1.0},{"not_picked":["Flechettes","Underhanded Strike"],"picked":"All Out Attack","floor":3},{"not_picked":["Escape Plan","Reflex","Endless Agony"],"picked":"SKIP","floor":7},{"not_picked":["Acrobatics","Terror"],"picked":"Bane","floor":10},{"not_picked":["Leg Sweep","Skewer"],"picked":"Backflip","floor":11},{"not_picked":["Quick Slash","Infinite Blades"],"picked":"Bane","floor":13},{"not_picked":["Die Die Die","Phantasmal Killer"],"picked":"Malaise","floor":16},{"not_picked":["Underhanded Strike","Deflect"],"picked":"Deadly Poison+1","floor":18},{"not_picked":["Leg Sweep+1","Reflex","Blur"],"picked":"SKIP","floor":20},{"not_picked":["Flechettes","Outmaneuver","Prepared+1"],"picked":"SKIP","floor":22},{"not_picked":["Backstab","Tactician+1","Sucker Punch"],"picked":"SKIP","floor":28},{"not_picked":["Leg Sweep","Prepared"],"picked":"Deadly Poison+1","floor":29},{"not_picked":["Adrenaline","Outmaneuver"],"picked":"Catalyst+1","floor":30},{"not_picked":["Bullet Time","Venomology"],"picked":"Corpse Explosion","floor":33},{"not_picked":["Dagger Throw","Deadly Poison"],"picked":"Poisoned Stab+1","floor":35},{"not_picked":["Blur+1","Malaise"],"picked":"Slice","floor":40},{"not_picked":["Cloak And Dagger+1","Backflip"],"picked":"Poisoned Stab+1","floor":42},{"not_picked":["Calculated Gamble","Dagger Spray+1","Flying Knee"],"picked":"SKIP","floor":46},{"not_picked":["Setup+1","Poisoned Stab+1"],"picked":"Catalyst+1","floor":47},{"not_picked":["Outmaneuver+1","Dagger Spray","Dagger Throw"],"picked":"SKIP","floor":48}],"player_experience":79107,"relics_obtained":[{"floor":9,"key":"Old Coin"},{"floor":26,"key":"Potion Belt"},{"floor":39,"key":"Bottled Tornado"},{"floor":40,"key":"Art of War"},{"floor":43,"key":"Gremlin Horn"}],"event_choices":[{"event_name":"Golden Wing","player_choice":"Card Removal","floor":4,"damage_taken":0},{"event_name":"Golden Idol","player_choice":"Take Wound","floor":5,"damage_taken":0},{"event_name":"Big Fish","player_choice":"Banana","floor":14,"damage_taken":0},{"event_name":"The Library","player_choice":"Heal","floor":21,"damage_taken":0},{"event_name":"The Woman in Blue","player_choice":"Bought 0 Potions","floor":24,"damage_taken":0},{"event_name":"Ghosts","player_choice":"Ignored","floor":25,"damage_taken":0},{"event_name":"The Moai Head","player_choice":"Gave Idol","floor":36,"damage_taken":0},{"event_name":"Tomb of Lord Red Mask","player_choice":"Ignored","floor":37,"damage_taken":0},{"event_name":"Winding Halls","player_choice":"Writhe","floor":44,"damage_taken":0}],"is_beta":false,"boss_relics":[{"not_picked":["Coffee Dripper","Pandora\u0027s Box"],"picked":"Empty Cage"},{"not_picked":["WristBlade","Tiny House"],"picked":"Ring of the Serpent"}],"items_purged_floors":[12,31,38],"is_endless":false,"potions_floor_spawned":[3,10,13,18,20,29,30,33,35,40,46,47],"killed_by":"Donu and Deca","ascension_level":0}