{"gold_per_floor":[115,115,134,134,170,182,209,396,431,443,455,51,94,12,12,135,135,153,173,98,119,135,135,13,13,58,58],"floor_reached":27,"playtime":1323,"items_purged":["Doubt"],"score":243,"play_id":"b1362dc0-9d54-473c-bfd8-02639e960772","local_time":"20190611193113","is_ascension_mode":true,"campfire_choices":[{"floor":6.0,"key":"REST"},{"data":"After Image","floor":11.0,"key":"SMITH"},{"floor":15,"key":"REST"},{"floor":23,"key":"REST"},{"floor":25,"key":"REST"}],"neow_cost":"NONE","seed_source_timestamp":0,"circlet_count":0,"master_deck":["Defend_G","Defend_G","Defend_G","Defend_G","Defend_G","Strike_G","Strike_G","Strike_G","Strike_G","Survivor","Neutralize","Catalyst","Dagger Spray","Deflect","Deflect","After Image+1","Poisoned Stab","Dagger Spray","Caltrops","Envenom","Deadly Poison+1","Blur","Noxious Fumes","Poisoned Stab"],"special_seed":0,"relics":["Ring of the Snake","Juzu Bracelet","Golden Idol","MawBank","Centennial Puzzle","Ginger","Art of War","Philosopher\u0027s Stone","Dream Catcher"],"potions_floor_usage":[13,22],"damage_taken":[{"damage":0.0,"enemies":"Small Slimes","floor":1.0,"turns":3.0},{"damage":10.0,"enemies":"Jaw Worm","floor":3.0,"turns":6.0},{"damage":10.0,"enemies":"Cultist","floor":5.0,"turns":6.0},{"damage":10.0,"enemies":"3 Louse","floor":7.0,"turns":3.0},{"damage":12,"enemies":"3 Sentries","floor":13,"turns":10},{"damage":45,"enemies":"Slime Boss","floor":16,"turns":14},{"damage":10,"enemies":"Chosen","floor":18,"turns":6},{"damage":17,"enemies":"3 Byrds","floor":19,"turns":4},{"damage":19,"enemies":"Cultist and Chosen","floor":21,"turns":6},{"damage":15,"enemies":"Centurion and Healer","floor":22,"turns":7},{"damage":53,"enemies":"Gremlin Leader","floor":27,"turns":4}],"seed_played":"7259944796496445111","potions_obtained":[{"floor":3.0,"key":"FearPotion"},{"floor":5.0,"key":"Block Potion"},{"floor":16,"key":"Strength Potion"},{"floor":18,"key":"FearPotion"},{"floor":19,"key":"SpeedPotion"}],"is_trial":false,"path_per_floor":["M","?","M","?","M","R","M","?","T","?","R","$","E","$","R","B",null,"M","M","?","M","M","R","$","R","T","E"],"character_chosen":"THE_SILENT","items_purchased":["Ginger","Poisoned Stab","Caltrops","Noxious Fumes","Poisoned Stab"],"campfire_rested":4,"item_purchase_floors":[12,12,14,24,24],"current_hp_per_floor":[70,70,60,60,50,70,60,60,60,60,60,60,48,48,69,24,70,60,43,43,24,9,30,30,51,51,0],"gold":58,"neow_bonus":"RANDOM_COMMON_RELIC","is_prod":false,"is_daily":false,"chose_seed":false,"campfire_upgraded":1,"win_rate":0,"timestamp":1560299473,"path_taken":["M","?","M","?","M","R","M","?","T","?","R","$","E","$","R","BOSS","M","M","?","M","M","R","$","R","T","E"],"build_version":"2019-01-23","purchased_purges":1,"victory":false,"max_hp_per_floor":[70,70,70,70,70,70,70,70,70,70,70,70,70,70,70,70,70,70,70,70,70,70,70,70,70,70,70],"card_choices":[{"not_picked":["Poisoned Stab","Heel Hook"],"picked":"Catalyst","floor":1.0},{"not_picked":["Quick Slash","Concentrate"],"picked":"Dagger Spray","floor":3.0},{"not_picked":["Outmaneuver","Predator"],"picked":"Deflect","floor":5.0},{"not_picked":["Setup","Sucker Punch"],"picked":"Deflect","floor":7.0},{"not_picked":["Reflex","Blade Dance"],"picked":"Dagger Spray","floor":13},{"not_picked":["Venomology","Glass Knife"],"picked":"Envenom","floor":16},{"not_picked":["Blur+1","Deflect"],"picked":"Deadly Poison+1","floor":18},{"not_picked":["Calculated Gamble+1","Eviscerate","Heel Hook"],"picked":"SKIP","floor":19},{"not_picked":["Tactician","PiercingWail"],"picked":"Blur","floor":21},{"not_picked":["Flying Knee","Concentrate","Accuracy"],"picked":"SKIP","floor":22}],"player_experience":148785,"relics_obtained":[{"floor":9.0,"key":"Centennial Puzzle"},{"floor":13,"key":"Art of War"},{"floor":26,"key":"Dream Catcher"}],"event_choices":[{"damage_healed":0.0,"max_hp_gain":0.0,"max_hp_loss":0.0,"gold_gain":0.0,"event_name":"Golden Idol","player_choice":"Take Wound","floor":2.0,"gold_loss":0.0,"damage_taken":0.0,"relics_obtained":["Golden Idol"],"cards_obtained":["Injury"]},{"damage_healed":0.0,"max_hp_gain":0.0,"max_hp_loss":0.0,"gold_gain":0.0,"event_name":"WeMeetAgain","player_choice":"Gave Potion","floor":4.0,"gold_loss":0.0,"damage_taken":0.0,"relics_obtained":["MawBank"]},{"damage_healed":0.0,"max_hp_gain":0.0,"max_hp_loss":0.0,"gold_gain":175.0,"event_name":"Liars Game","player_choice":"AGREE","floor":8.0,"gold_loss":0.0,"damage_taken":0.0,"cards_obtained":["Doubt"]},{"damage_healed":0.0,"max_hp_gain":0.0,"max_hp_loss":0.0,"gold_gain":0.0,"cards_transformed":["Strike_G"],"event_name":"Transmorgrifier","player_choice":"Transformed","floor":10.0,"gold_loss":0.0,"damage_taken":0.0,"cards_obtained":["After Image"]},{"cards_removed":["Injury"],"damage_healed":0,"gold_gain":0,"player_choice":"Gave Gold","damage_taken":0,"max_hp_gain":0,"max_hp_loss":0,"event_name":"Beggar","floor":20,"gold_loss":75}],"is_beta":false,"boss_relics":[{"not_picked":["Runic Dome","White Beast Statue"],"picked":"Philosopher\u0027s Stone"}],"items_purged_floors":[12],"is_endless":false,"potions_floor_spawned":[3,5,16,18,19],"killed_by":"Gremlin Leader","ascension_level":3}