{"gold_per_floor":[117,117,117,67,32,32,57,57,57,71,87,37,56,72,72,167,167,179,179,79,95,15,15,34,34,34,45,45,45,61,80,80,181,181,197,197,197,214,231,231,242,254,307,320,320,338,392,402,402,402],"floor_reached":50,"playtime":1789,"items_purged":["Strike_G","Strike_G"],"score":473,"play_id":"34438b84-68aa-4ec2-a0bc-04d809348a14","local_time":"20180728161022","is_ascension_mode":false,"campfire_choices":[{"data":"Bouncing Flask","floor":6.0,"key":"SMITH"},{"floor":8.0,"key":"REST"},{"floor":15.0,"key":"REST"},{"floor":23,"key":"REST"},{"data":"Catalyst","floor":25,"key":"SMITH"},{"floor":28,"key":"REST"},{"floor":32,"key":"REST"},{"floor":40,"key":"REST"},{"floor":49,"key":"REST"}],"neow_cost":"NONE","seed_source_timestamp":681084309351517,"circlet_count":0,"master_deck":["Defend_G","Defend_G","Defend_G","Defend_G","Strike_G","Survivor","Neutralize","PiercingWail","Bouncing Flask+1","Poisoned Stab","Deflect","Noxious Fumes+1","Adrenaline","Deadly Poison+1","Poisoned Stab","Catalyst+1","Bane","Deadly Poison+1","Corpse Explosion","Deadly Poison","Secret Weapon","Backflip+1","Flying Knee+1","Deflect+1","Writhe","Madness","Madness","Injury"],"special_seed":0,"relics":["Ring of the Serpent","Lantern","Pear","Gremlin Horn","Smiling Mask","Anchor","Cursed Key","Boot","Oddly Smooth Stone"],"potions_floor_usage":[24,30,33,42,42,46,48,48,48],"damage_taken":[{"damage":2.0,"enemies":"Small Slimes","floor":1.0,"turns":4.0},{"damage":23.0,"enemies":"Gremlin Nob","floor":7.0,"turns":4.0},{"damage":7.0,"enemies":"Jaw Worm","floor":10.0,"turns":3.0},{"damage":1.0,"enemies":"Cultist","floor":11.0,"turns":3.0},{"damage":3.0,"enemies":"Exordium Thugs","floor":13.0,"turns":4.0},{"damage":0.0,"enemies":"2 Fungi Beasts","floor":14.0,"turns":2.0},{"damage":14.0,"enemies":"Hexaghost","floor":16.0,"turns":8.0},{"damage":30.0,"enemies":"2 Thieves","floor":18.0,"turns":4.0},{"damage":6.0,"enemies":"Shell Parasite","floor":21.0,"turns":4.0},{"damage":12,"enemies":"Snecko","floor":24,"turns":4},{"damage":14,"enemies":"Slaver and Parasite","floor":27,"turns":5},{"damage":5,"enemies":"Snake Plant","floor":30,"turns":4},{"damage":10,"enemies":"Centurion and Healer","floor":31,"turns":5},{"damage":61,"enemies":"Automaton","floor":33,"turns":7},{"damage":0,"enemies":"Orb Walker","floor":35,"turns":3},{"damage":0,"enemies":"3 Shapes","floor":38,"turns":3},{"damage":28,"enemies":"Sphere and 2 Shapes","floor":39,"turns":4},{"damage":0,"enemies":"3 Darklings","floor":41,"turns":2},{"damage":36,"enemies":"Flame Bruiser 2 Orb","floor":42,"turns":4},{"damage":4,"enemies":"Sphere and 2 Shapes","floor":44,"turns":3},{"damage":8,"enemies":"Transient","floor":46,"turns":5},{"damage":9,"enemies":"Maw","floor":48,"turns":5},{"damage":35,"enemies":"Awakened One","floor":50,"turns":3}],"seed_played":"-4430329543670546693","potions_obtained":[{"floor":7.0,"key":"SteroidPotion"},{"floor":10.0,"key":"Ancient Potion"},{"floor":11.0,"key":"LiquidBronze"},{"floor":16.0,"key":"SpeedPotion"},{"floor":21.0,"key":"Energy Potion"},{"floor":30,"key":"SpeedPotion"},{"floor":33,"key":"Energy Potion"},{"floor":41,"key":"PowerPotion"},{"floor":42,"key":"LiquidBronze"},{"floor":44,"key":"Block Potion"},{"floor":46,"key":"Poison Potion"}],"is_trial":false,"path_per_floor":["M","?","?","?","$","R","E","R","T","M","M","$","M","M","R","B",null,"M","?","$","M","$","R","M","R","T","M","R","?","M","M","R","B",null,"M","?","?","M","M","R","M","M","T","M","?","M","T","M","R"],"character_chosen":"THE_SILENT","items_purchased":["Bouncing Flask","Poisoned Stab","Catalyst"],"campfire_rested":7,"item_purchase_floors":[5,20,22],"current_hp_per_floor":[68,61,68,68,68,68,45,69,69,62,61,61,58,58,80,66,80,50,50,50,44,44,68,56,56,56,42,66,66,61,51,75,14,80,80,80,80,80,52,76,76,40,40,36,26,18,18,9,33,0],"gold":402,"neow_bonus":"RANDOM_COMMON_RELIC","is_prod":false,"is_daily":false,"chose_seed":false,"campfire_upgraded":2,"win_rate":0.0,"timestamp":1532812222,"path_taken":["M","?","?","?","$","R","E","R","T","?","M","$","M","?","R","BOSS","M","?","$","M","$","R","M","R","T","M","R","?","M","M","R","BOSS","M","?","?","M","M","R","M","M","T","?","?","M","?","M","R","BOSS"],"build_version":"2018-07-26","purchased_purges":2,"victory":false,"max_hp_per_floor":[70,70,80,80,80,80,80,80,80,80,80,80,80,80,80,80,80,80,80,80,80,80,80,80,80,80,80,80,80,80,80,80,80,80,80,80,80,80,80,80,80,80,80,80,80,80,80,80,80,80],"card_choices":[{"not_picked":["Dagger Throw","Flechettes"],"picked":"PiercingWail","floor":1.0},{"not_picked":["Bane","Skewer"],"picked":"Poisoned Stab","floor":7.0},{"not_picked":["Acrobatics","Distraction"],"picked":"Deadly Poison","floor":10.0},{"not_picked":["Quick Slash","Cloak And Dagger"],"picked":"Deflect","floor":11.0},{"not_picked":["PiercingWail","Accuracy","Dagger Spray"],"picked":"SKIP","floor":13.0},{"not_picked":["Blade Dance","Flechettes"],"picked":"Noxious Fumes","floor":14.0},{"not_picked":["Glass Knife","Phantasmal Killer"],"picked":"Adrenaline","floor":16.0},{"not_picked":["Dagger Throw","Escape Plan+1"],"picked":"Deadly Poison+1","floor":18.0},{"not_picked":["Prepared+1","Dagger Spray","Flying Knee"],"picked":"SKIP","floor":21.0},{"not_picked":["Underhanded Strike","Adrenaline"],"picked":"Bane","floor":24},{"not_picked":["Prepared","Choke","Cloak And Dagger+1"],"picked":"SKIP","floor":27},{"not_picked":["Quick Slash","Caltrops"],"picked":"Deadly Poison+1","floor":30},{"not_picked":["Cloak And Dagger+1","Acrobatics","Deadly Poison"],"picked":"SKIP","floor":31},{"not_picked":["Envenom","A Thousand Cuts"],"picked":"Corpse Explosion","floor":33},{"not_picked":["Escape Plan+1","Setup"],"picked":"Deadly Poison","floor":35},{"not_picked":["Mind Blast","Blind"],"picked":"Secret Weapon","floor":37},{"not_picked":["Deadly Poison+1","All Out Attack+1"],"picked":"Backflip+1","floor":38},{"not_picked":["Quick Slash","Bane+1"],"picked":"Flying Knee+1","floor":39},{"not_picked":["Underhanded Strike","Slice"],"picked":"Deflect+1","floor":41},{"not_picked":["Acrobatics","Phantasmal Killer","Riddle With Holes"],"picked":"SKIP","floor":42},{"not_picked":["Backflip","Outmaneuver","Dagger Spray"],"picked":"SKIP","floor":44},{"not_picked":["Outmaneuver+1","Flying Knee+1","Calculated Gamble"],"picked":"SKIP","floor":46},{"not_picked":["Backflip","Skewer+1","Outmaneuver+1"],"picked":"SKIP","floor":48}],"player_experience":85538,"relics_obtained":[{"floor":7.0,"key":"Gremlin Horn"},{"floor":9.0,"key":"Smiling Mask"},{"floor":26,"key":"Anchor"},{"floor":43,"key":"Boot"},{"floor":47,"key":"Oddly Smooth Stone"}],"event_choices":[{"event_name":"Golden Wing","player_choice":"Card Removal","floor":2.0,"damage_taken":0.0},{"event_name":"Scrap Ooze","player_choice":"success","floor":3.0,"damage_taken":3.0},{"event_name":"The Cleric","player_choice":"Card Removal","floor":4.0,"damage_taken":0.0},{"event_name":"Back to Basics","player_choice":"Elegance","floor":19.0,"damage_taken":0.0},{"event_name":"Accursed Blacksmith","player_choice":"Forge","floor":29,"damage_taken":0},{"event_name":"Falling","player_choice":"Removed Skill","floor":36,"damage_taken":0},{"event_name":"SensoryStone","player_choice":"Memory 1","floor":37,"damage_taken":0},{"event_name":"Winding Halls","player_choice":"Embrace Madness","floor":45,"damage_taken":0}],"is_beta":false,"boss_relics":[{"not_picked":["Black Star","Busted Crown"],"picked":"Ring of the Serpent"},{"not_picked":["WristBlade","Runic Dome"],"picked":"Cursed Key"}],"items_purged_floors":[12,20],"is_endless":false,"potions_floor_spawned":[7,10,11,16,21,30,33,41,42,44,46],"killed_by":"Awakened One","ascension_level":0}