{"gold_per_floor":[118,293,68,80,80,110,125,125,125,125,125,125,156,168,168,264,264,277,277,51,51,51,101,101,281,281,281,102,102,115,130,130,130],"floor_reached":33,"playtime":927,"items_purged":["Strike_G","Strike_G"],"score":274,"play_id":"c7a259bc-2c0b-4870-950b-3bb995f87b70","local_time":"20180725114306","is_ascension_mode":false,"campfire_choices":[{"data":"Riddle With Holes","floor":8,"key":"SMITH"},{"data":"Slice","floor":10,"key":"SMITH"},{"floor":15,"key":"REST"},{"data":"Deadly Poison","floor":24,"key":"SMITH"},{"floor":27,"key":"REST"},{"data":"Caltrops","floor":29,"key":"SMITH"},{"floor":32,"key":"REST"}],"neow_cost":"NONE","seed_source_timestamp":406941517391807,"circlet_count":0,"master_deck":["Defend_G+1","Defend_G","Defend_G","Defend_G+1","Defend_G+1","Strike_G","Strike_G","Strike_G","Survivor","Neutralize","Quick Slash","Doubt","Slice+1","Cloak And Dagger","Riddle With Holes+1","Deadly Poison","Deflect","Setup+1","Bullet Time","Deadly Poison+1","Necronomicurse","Crippling Poison","Skewer+1","Caltrops+1","Catalyst","Backflip"],"relics":["Ring of the Snake","NeowsBlessing","Juzu Bracelet","Anchor","Paper Crane","Dream Catcher","Boot","Sozu","Necronomicon","Bag of Marbles","Unceasing Top","War Paint","Orichalcum"],"potions_floor_usage":[13,13,16,16],"damage_taken":[{"damage":0,"enemies":"2 Louse","floor":1,"turns":1},{"damage":0,"enemies":"Jaw Worm","floor":4,"turns":1},{"damage":0,"enemies":"Gremlin Nob","floor":6,"turns":1},{"damage":0,"enemies":"Small Slimes","floor":7,"turns":4},{"damage":9,"enemies":"Lagavulin","floor":13,"turns":6},{"damage":1,"enemies":"2 Fungi Beasts","floor":14,"turns":3},{"damage":60,"enemies":"Hexaghost","floor":16,"turns":16},{"damage":0,"enemies":"3 Byrds","floor":18,"turns":4},{"damage":14,"enemies":"2 Thieves","floor":30,"turns":4},{"damage":19,"enemies":"3 Cultists","floor":31,"turns":5},{"damage":57,"enemies":"Champ","floor":33,"turns":6}],"seed_played":"-6453230848855856519","potions_obtained":[{"floor":1,"key":"PowerPotion"},{"floor":7,"key":"Energy Potion"},{"floor":13,"key":"SkillPotion"},{"floor":14,"key":"Regen Potion"}],"is_trial":false,"path_per_floor":["M","?","$","M","?","E","M","R","T","R","?","?","E","M","R","B",null,"M","?","$","?","$","T","R","?","T","R","$","R","M","M","R"],"character_chosen":"THE_SILENT","items_purchased":["Juzu Bracelet","Crippling Poison","Bag of Marbles","Caltrops"],"campfire_rested":3,"item_purchase_floors":[3,20,20,28],"current_hp_per_floor":[70,70,70,70,56,56,56,56,56,56,56,56,47,46,67,14,70,70,54,54,54,54,54,54,33,33,54,54,54,40,21,42,0],"gold":130,"neow_bonus":"THREE_ENEMY_KILL","is_prod":false,"is_daily":false,"chose_seed":false,"campfire_upgraded":4,"win_rate":0.0,"timestamp":1532536986,"path_taken":["M","?","$","M","?","E","M","R","T","R","?","?","E","M","R","BOSS","M","?","$","?","?","?","R","?","T","R","$","R","M","M","R","BOSS"],"build_version":"2018-07-19v2","purchased_purges":2,"victory":false,"max_hp_per_floor":[70,70,70,70,70,70,70,70,70,70,70,70,70,70,70,70,70,70,70,70,70,70,70,70,70,70,70,70,70,70,70,70,70],"card_choices":[{"not_picked":["Well Laid Plans","Setup"],"picked":"Quick Slash","floor":1},{"not_picked":["Dagger Throw","Flying Knee"],"picked":"Slice","floor":4},{"not_picked":["Predator","Eviscerate"],"picked":"Cloak And Dagger","floor":6},{"not_picked":["Distraction","Doppelganger"],"picked":"Riddle With Holes","floor":7},{"not_picked":["Blur","Choke"],"picked":"Deadly Poison","floor":13},{"not_picked":["Quick Slash","Footwork"],"picked":"Deflect","floor":14},{"not_picked":["Well Laid Plans","Flying Knee"],"picked":"Setup","floor":15},{"not_picked":["Doppelganger","Malaise"],"picked":"Bullet Time","floor":16},{"not_picked":["Backflip","Skewer"],"picked":"Deadly Poison","floor":18},{"not_picked":["PiercingWail+1","Flying Knee"],"picked":"Skewer+1","floor":27},{"not_picked":["Underhanded Strike+1","Heel Hook"],"picked":"Catalyst","floor":30},{"not_picked":["Footwork","Distraction"],"picked":"Backflip","floor":31}],"player_experience":74623,"relics_obtained":[{"floor":6,"key":"Anchor"},{"floor":9,"key":"Paper Crane"},{"floor":13,"key":"Boot"},{"floor":19,"key":"Necronomicon"},{"floor":23,"key":"War Paint"},{"floor":26,"key":"Orichalcum"}],"event_choices":[{"event_name":"Liars Game","player_choice":"agreed","floor":2,"damage_taken":0},{"event_name":"Shining Light","player_choice":"Entered Light","floor":5,"damage_taken":0},{"event_name":"The Woman in Blue","player_choice":"Bought 0 Potions","floor":11,"damage_taken":0},{"event_name":"Dead Adventurer","player_choice":"Searched \u00271\u0027 times","floor":12,"damage_taken":0},{"event_name":"Cursed Tome","player_choice":"Obtained Book","floor":19,"damage_taken":0},{"event_name":"The Mausoleum","player_choice":"Yes","floor":21,"damage_taken":0},{"event_name":"Knowing Skull","player_choice":"GOLD GOLD ","floor":25,"damage_taken":0}],"is_beta":false,"boss_relics":[{"not_picked":["Pandora\u0027s Box","Coffee Dripper"],"picked":"Sozu"}],"items_purged_floors":[3,28],"is_endless":false,"potions_floor_spawned":[1,7,13,14,18,30],"killed_by":"Champ","ascension_level":0}