{"gold_per_floor":[212,212,222,222,234,234,266,266,319,330,342,376,392,411,411,411],"floor_reached":16,"playtime":698,"items_purged":[],"score":114,"play_id":"67d9849e-ea7f-462e-b671-d69af5c5e26b","local_time":"20180723081310","is_ascension_mode":false,"campfire_choices":[{"data":"Accuracy","floor":6,"key":"SMITH"},{"floor":8,"key":"REST"},{"floor":15,"key":"REST"}],"neow_cost":"NONE","seed_source_timestamp":221778915485705,"circlet_count":0,"master_deck":["Defend_G","Defend_G+1","Defend_G+1","Defend_G","Defend_G","Strike_G","Strike_G","Strike_G","Strike_G+1","Strike_G+1","Survivor","Neutralize","Slice","Cloak And Dagger+1","Accuracy+1","Dodge and Roll","Dagger Spray","Bouncing Flask","Dagger Spray","Cloak And Dagger","Bullet Time","Poisoned Stab"],"relics":["Ring of the Snake","Whetstone","War Paint","Dream Catcher"],"potions_floor_usage":[12,16,16],"damage_taken":[{"damage":0,"enemies":"Cultist","floor":1,"turns":3},{"damage":1,"enemies":"Jaw Worm","floor":3,"turns":4},{"damage":1,"enemies":"2 Louse","floor":5,"turns":3},{"damage":25,"enemies":"3 Sentries","floor":7,"turns":10},{"damage":0,"enemies":"Blue Slaver","floor":10,"turns":3},{"damage":1,"enemies":"Lots of Slimes","floor":11,"turns":5},{"damage":43,"enemies":"Gremlin Nob","floor":12,"turns":5},{"damage":15,"enemies":"3 Louse","floor":13,"turns":4},{"damage":0,"enemies":"Red Slaver","floor":14,"turns":3},{"damage":31,"enemies":"The Guardian","floor":16,"turns":9}],"seed_played":"-5709352685060110198","potions_obtained":[{"floor":11,"key":"SpeedPotion"},{"floor":12,"key":"SpeedPotion"},{"floor":13,"key":"Explosive Potion"}],"is_trial":false,"path_per_floor":["M","?","M","?","M","R","E","R","T","M","M","E","M","M","R"],"character_chosen":"THE_SILENT","items_purchased":[],"campfire_rested":2,"item_purchase_floors":[],"current_hp_per_floor":[70,70,69,69,68,68,43,64,64,64,63,20,5,5,26,0],"gold":411,"neow_bonus":"HUNDRED_GOLD","is_prod":false,"is_daily":false,"chose_seed":false,"campfire_upgraded":1,"win_rate":0.0,"timestamp":1532351590,"path_taken":["M","?","M","?","M","R","E","R","T","M","M","E","M","M","R","BOSS"],"build_version":"2018-07-19v2","purchased_purges":0,"victory":false,"max_hp_per_floor":[70,70,70,70,70,70,70,70,70,70,70,70,70,70,70,70],"card_choices":[{"not_picked":["Prepared","Quick Slash"],"picked":"Slice","floor":1},{"not_picked":["Finisher","Flechettes"],"picked":"Cloak And Dagger","floor":3},{"not_picked":["Outmaneuver","Storm of Steel"],"picked":"Accuracy","floor":5},{"not_picked":["All Out Attack","Outmaneuver"],"picked":"Dodge and Roll","floor":7},{"not_picked":["Dodge and Roll","Acrobatics"],"picked":"Dagger Spray","floor":10},{"not_picked":["Flying Knee","PiercingWail"],"picked":"Bouncing Flask","floor":11},{"not_picked":["Concentrate","Setup"],"picked":"Dagger Spray","floor":12},{"not_picked":["Catalyst","Underhanded Strike"],"picked":"Cloak And Dagger","floor":13},{"not_picked":["Masterful Stab","Prepared"],"picked":"Bullet Time","floor":14},{"not_picked":["Heel Hook","Bane"],"picked":"Poisoned Stab","floor":15}],"player_experience":63843,"relics_obtained":[{"floor":7,"key":"Whetstone"},{"floor":9,"key":"War Paint"},{"floor":12,"key":"Dream Catcher"}],"event_choices":[{"event_name":"Shining Light","player_choice":"Ignored","floor":2,"damage_taken":0},{"event_name":"Living Wall","player_choice":"Grow","floor":4,"damage_taken":0}],"is_beta":false,"boss_relics":[],"items_purged_floors":[],"is_endless":false,"potions_floor_spawned":[11,12,13],"killed_by":"The Guardian","ascension_level":0}