{"gold_per_floor":[113,38,52,72,247,247,265,299,373,373,373,373,373,203,203,203],"floor_reached":16,"playtime":531,"items_purged":["Strike_G","Defend_G"],"score":113,"play_id":"b4d7eaf6-2405-4945-b886-b89fbf98131d","local_time":"20180814200750","is_ascension_mode":true,"campfire_choices":[{"data":"Bane","floor":6,"key":"SMITH"},{"floor":10,"key":"REST"},{"data":"Backflip","floor":12,"key":"SMITH"},{"data":"1","floor":15,"key":"LIFT"}],"neow_cost":"NONE","seed_source_timestamp":2165603628836272,"circlet_count":0,"master_deck":["Defend_G","Defend_G","Defend_G","Defend_G","Strike_G","Strike_G","Strike_G","Strike_G","Survivor","Neutralize","Bane+1","Backflip+1","Injury","All Out Attack"],"relics":["Ring of the Snake","Girya","Gremlin Horn","Golden Idol"],"potions_floor_usage":[8,8,16],"damage_taken":[{"damage":0,"enemies":"Cultist","floor":1,"turns":5},{"damage":6,"enemies":"Jaw Worm","floor":3,"turns":6},{"damage":8,"enemies":"Small Slimes","floor":4,"turns":5},{"damage":4,"enemies":"2 Fungi Beasts","floor":7,"turns":4},{"damage":12,"enemies":"Gremlin Nob","floor":8,"turns":5},{"damage":64,"enemies":"Hexaghost","floor":16,"turns":14}],"seed_played":"-7745420245284466289","potions_obtained":[{"floor":4,"key":"GhostInAJar"},{"floor":7,"key":"Explosive Potion"},{"floor":8,"key":"SkillPotion"}],"is_trial":false,"path_per_floor":["M","$","M","M","?","R","M","E","T","R","?","R","?","$","R"],"character_chosen":"THE_SILENT","items_purchased":["All Out Attack"],"campfire_rested":1,"item_purchase_floors":[14],"current_hp_per_floor":[77,77,71,63,63,63,59,47,47,70,70,70,63,63,63,0],"gold":203,"neow_bonus":"TEN_PERCENT_HP_BONUS","is_prod":false,"is_daily":false,"chose_seed":false,"campfire_upgraded":2,"win_rate":0,"timestamp":1534295270,"path_taken":["M","$","M","?","?","R","?","E","T","R","?","R","?","?","R","BOSS"],"build_version":"2018-08-09","purchased_purges":2,"victory":false,"max_hp_per_floor":[77,77,77,77,77,77,77,77,77,77,77,77,77,77,77,77],"card_choices":[{"not_picked":["Acrobatics","Setup","Eviscerate"],"picked":"SKIP","floor":1},{"not_picked":["All Out Attack","Dagger Throw"],"picked":"Bane","floor":3},{"not_picked":["Infinite Blades","Sucker Punch","Dagger Throw"],"picked":"SKIP","floor":4},{"not_picked":["Glass Knife","Cloak And Dagger","Footwork"],"picked":"SKIP","floor":7},{"not_picked":["Outmaneuver","Well Laid Plans"],"picked":"Backflip","floor":8}],"player_experience":142195,"relics_obtained":[{"floor":8,"key":"Girya"},{"floor":9,"key":"Gremlin Horn"}],"event_choices":[{"event_name":"Liars Game","player_choice":"agreed","floor":5,"damage_taken":0},{"event_name":"Golden Idol","player_choice":"Take Wound","floor":11,"damage_taken":0},{"event_name":"Golden Wing","player_choice":"Card Removal","floor":13,"damage_taken":0}],"is_beta":false,"boss_relics":[],"items_purged_floors":[2,14],"is_endless":false,"potions_floor_spawned":[4,7,8],"killed_by":"Hexaghost","ascension_level":3}