{"gold_per_floor":[14,14,14,29,29,29,49,49,74,109,135,135,150,164,164,268,268,237,237,237,255,272,272],"floor_reached":23,"playtime":1084,"items_purged":[],"score":245,"play_id":"59026bbc-f73b-4996-be6a-c6e46a9034ea","local_time":"20190611200258","is_ascension_mode":true,"campfire_choices":[{"floor":6,"key":"REST"},{"floor":12,"key":"REST"},{"data":"Infinite Blades","floor":15,"key":"SMITH"}],"neow_cost":"NO_GOLD","seed_source_timestamp":1079350060328051,"circlet_count":0,"master_deck":["Defend_G","Defend_G","Defend_G+1","Defend_G+1","Defend_G+1","Strike_G","Strike_G","Strike_G+1","Strike_G","Survivor","Neutralize","Backstab","Infinite Blades+1","Bouncing Flask+1","Poisoned Stab","Bane"],"relics":["Ring of the Snake","Oddly Smooth Stone","Art of War","Darkstone Periapt","War Paint","Philosopher\u0027s Stone","MutagenicStrength","Pear"],"potions_floor_usage":[10,16,22],"damage_taken":[{"damage":2,"enemies":"2 Louse","floor":1,"turns":3},{"damage":0,"enemies":"Small Slimes","floor":4,"turns":3},{"damage":0,"enemies":"Jaw Worm","floor":7,"turns":4},{"damage":27,"enemies":"3 Sentries","floor":10,"turns":12},{"damage":2,"enemies":"Looter","floor":13,"turns":4},{"damage":0,"enemies":"Exordium Wildlife","floor":14,"turns":5},{"damage":60,"enemies":"Slime Boss","floor":16,"turns":21},{"damage":22,"enemies":"2 Thieves","floor":18,"turns":5},{"damage":9,"enemies":"Shell Parasite","floor":21,"turns":5},{"damage":15,"enemies":"Snake Plant","floor":22,"turns":3},{"damage":58,"enemies":"Gremlin Leader","floor":23,"turns":4}],"seed_played":"-4596030017423506967","potions_obtained":[{"floor":1,"key":"Fire Potion"},{"floor":14,"key":"Block Potion"},{"floor":16,"key":"Ancient Potion"},{"floor":18,"key":"Energy Potion"}],"is_trial":false,"path_per_floor":["M","?","?","M","$","R","M","?","T","E","T","R","M","M","R","B",null,"M","?","T","M","M","E"],"character_chosen":"THE_SILENT","items_purchased":[],"campfire_rested":2,"item_purchase_floors":[],"current_hp_per_floor":[82,70,53,53,53,78,78,71,71,44,44,69,67,67,67,7,84,62,62,72,63,48,0],"gold":272,"neow_bonus":"TWENTY_PERCENT_HP_BONUS","is_prod":false,"is_daily":false,"chose_seed":false,"campfire_upgraded":1,"win_rate":0,"timestamp":1560301378,"path_taken":["M","?","?","M","$","R","M","?","T","E","?","R","?","M","R","BOSS","M","?","?","?","M","E"],"build_version":"2019-01-23","purchased_purges":0,"victory":false,"max_hp_per_floor":[84,84,84,84,84,84,84,84,84,84,84,84,84,84,84,84,84,84,84,94,94,94,94],"card_choices":[{"not_picked":["Masterful Stab","Skewer","Eviscerate"],"picked":"SKIP","floor":1},{"not_picked":["Well Laid Plans","Outmaneuver","Dodge and Roll"],"picked":"SKIP","floor":4},{"not_picked":["Dodge and Roll","Choke","Prepared"],"picked":"SKIP","floor":7},{"not_picked":["Sucker Punch","Skewer","Reflex"],"picked":"SKIP","floor":10},{"not_picked":["Prepared","Dagger Throw"],"picked":"Backstab","floor":13},{"not_picked":["Dagger Throw","PiercingWail"],"picked":"Infinite Blades","floor":14},{"not_picked":["Slice","Acrobatics"],"picked":"Bouncing Flask+1","floor":18},{"not_picked":["Flying Knee","Accuracy"],"picked":"Poisoned Stab","floor":21},{"not_picked":["Blade Dance","Dodge and Roll"],"picked":"Bane","floor":22}],"player_experience":150776,"relics_obtained":[{"floor":9,"key":"Art of War"},{"floor":10,"key":"Darkstone Periapt"},{"floor":11,"key":"War Paint"},{"floor":20,"key":"Pear"}],"event_choices":[{"damage_healed":0,"gold_gain":0,"player_choice":"Success","damage_taken":12,"relics_obtained":["Oddly Smooth Stone"],"max_hp_gain":0,"max_hp_loss":0,"event_name":"Scrap Ooze","floor":2,"gold_loss":0},{"damage_healed":0,"gold_gain":0,"player_choice":"Entered Light","damage_taken":17,"max_hp_gain":0,"max_hp_loss":0,"event_name":"Shining Light","floor":3,"gold_loss":0,"cards_upgraded":["Strike_G","Defend_G"]},{"cards_removed":["Strike_G"],"damage_healed":0,"gold_gain":0,"player_choice":"Card Removal","damage_taken":7,"max_hp_gain":0,"max_hp_loss":0,"event_name":"Golden Wing","floor":8,"gold_loss":0},{"damage_healed":0,"gold_gain":0,"player_choice":"Inject Mutagens","damage_taken":0,"relics_obtained":["MutagenicStrength"],"max_hp_gain":0,"max_hp_loss":0,"event_name":"Drug Dealer","floor":19,"gold_loss":0}],"is_beta":false,"boss_relics":[{"not_picked":["HoveringKite","Ectoplasm"],"picked":"Philosopher\u0027s Stone"}],"items_purged_floors":[],"is_endless":false,"potions_floor_spawned":[1,14,16,18],"killed_by":"Gremlin Leader","ascension_level":3}