{"gold_per_floor":[119,132,146,146,146,146,146,146,192,192,215,215,233,42,42,165,165,183,308,17,116,116],"floor_reached":22,"playtime":712,"items_purged":["Strike_G","Defend_G"],"score":198,"play_id":"9f166144-9728-43f8-be49-215d30de297c","local_time":"20190617213002","is_ascension_mode":true,"campfire_choices":[{"data":"Quick Slash","floor":6.0,"key":"SMITH"},{"data":"Catalyst","floor":8.0,"key":"SMITH"},{"floor":15.0,"key":"REST"}],"neow_cost":"NONE","seed_source_timestamp":0,"circlet_count":0,"master_deck":["Defend_G","Defend_G","Defend_G","Strike_G","Strike_G","Strike_G","Survivor","Neutralize","Quick Slash+1","Catalyst+1","Backstab+1","Noxious Fumes","Catalyst","Night Terror","Bane"],"special_seed":0,"relics":["Ring of the Snake","NeowsBlessing","Ancient Tea Set","Anchor","Golden Idol","Fusion Hammer","Thread and Needle","Letter Opener","TwistedFunnel"],"potions_floor_usage":[19],"damage_taken":[{"damage":0.0,"enemies":"Cultist","floor":1.0,"turns":1.0},{"damage":0.0,"enemies":"Small Slimes","floor":2.0,"turns":1.0},{"damage":0.0,"enemies":"2 Louse","floor":3.0,"turns":1.0},{"damage":0.0,"enemies":"2 Fungi Beasts","floor":11.0,"turns":3.0},{"damage":11.0,"enemies":"Large Slime","floor":13.0,"turns":9.0},{"damage":46.0,"enemies":"The Guardian","floor":16.0,"turns":12.0},{"damage":0.0,"enemies":"Spheric Guardian","floor":18.0,"turns":2.0},{"damage":12,"enemies":"Colosseum Slavers","floor":19,"turns":4},{"damage":54,"enemies":"Colosseum Nobs","floor":19,"turns":8},{"damage":9,"enemies":"3 Byrds","floor":22,"turns":2}],"seed_played":"-3178160660327320493","potions_obtained":[{"floor":2.0,"key":"Fruit Juice"},{"floor":3.0,"key":"FearPotion"},{"floor":19,"key":"Ancient Potion"}],"is_trial":false,"path_per_floor":["M","M","M","?","?","R","?","R","T","?","M","?","M","$","R","B",null,"M","?","$","?","M"],"character_chosen":"THE_SILENT","items_purchased":["Noxious Fumes","Catalyst","TwistedFunnel"],"campfire_rested":1,"item_purchase_floors":[14,14,20],"current_hp_per_floor":[70,75,75,75,68,68,68,68,68,50,50,50,39,39,61,15,75,75,9,9,9,0],"gold":116,"neow_bonus":"THREE_ENEMY_KILL","is_prod":false,"is_daily":false,"chose_seed":false,"campfire_upgraded":2,"win_rate":0,"timestamp":1560825002,"path_taken":["M","M","M","?","?","R","?","R","T","?","M","?","?","$","R","BOSS","M","?","$","?","M"],"build_version":"2019-01-23","purchased_purges":2,"victory":false,"max_hp_per_floor":[70,75,75,75,75,75,75,75,75,75,75,75,75,75,75,75,75,75,75,75,75,75],"card_choices":[{"not_picked":["Bane","Escape Plan"],"picked":"Quick Slash","floor":1.0},{"not_picked":["Cloak And Dagger","Underhanded Strike","Flying Knee"],"picked":"SKIP","floor":2.0},{"not_picked":["Flying Knee","Backflip"],"picked":"Catalyst","floor":3.0},{"not_picked":["Acrobatics","PiercingWail"],"picked":"Backstab","floor":11.0},{"not_picked":["Predator","Flechettes","Backstab"],"picked":"SKIP","floor":13.0},{"not_picked":["Bullet Time","Malaise"],"picked":"Night Terror","floor":16.0},{"not_picked":["Deflect","Dash","Dagger Spray"],"picked":"SKIP","floor":18.0},{"not_picked":["Crippling Poison","Flying Knee"],"picked":"Bane","floor":19}],"player_experience":166143,"relics_obtained":[{"floor":9.0,"key":"Anchor"},{"floor":19,"key":"Thread and Needle"},{"floor":19,"key":"Letter Opener"}],"event_choices":[{"cards_removed":["Strike_G"],"damage_healed":0.0,"max_hp_gain":0.0,"max_hp_loss":0.0,"gold_gain":0.0,"event_name":"Living Wall","player_choice":"Forget","floor":4.0,"gold_loss":0.0,"damage_taken":0.0},{"cards_removed":["Defend_G"],"damage_healed":0.0,"max_hp_gain":0.0,"max_hp_loss":0.0,"gold_gain":0.0,"event_name":"Golden Wing","player_choice":"Card Removal","floor":5.0,"gold_loss":0.0,"damage_taken":7.0},{"damage_healed":0.0,"max_hp_gain":0.0,"max_hp_loss":0.0,"gold_gain":0.0,"event_name":"Dead Adventurer","player_choice":"Searched \u00272\u0027 times","floor":7.0,"gold_loss":0.0,"damage_taken":0.0,"relics_obtained":["Ancient Tea Set"]},{"damage_healed":0.0,"max_hp_gain":0.0,"max_hp_loss":0.0,"gold_gain":0.0,"event_name":"Golden Idol","player_choice":"Take Damage","floor":10.0,"gold_loss":0.0,"damage_taken":18.0,"relics_obtained":["Golden Idol"]},{"damage_healed":0.0,"max_hp_gain":0.0,"max_hp_loss":0.0,"gold_gain":0.0,"event_name":"Upgrade Shrine","player_choice":"Upgraded","floor":12.0,"gold_loss":0.0,"damage_taken":0.0,"cards_upgraded":["Backstab"]},{"damage_healed":0,"gold_gain":0,"player_choice":"Fight","damage_taken":0,"max_hp_gain":0,"max_hp_loss":0,"event_name":"Colosseum","floor":19,"gold_loss":0},{"damage_healed":0,"gold_gain":0,"player_choice":"Fought Nobs","damage_taken":0,"max_hp_gain":0,"max_hp_loss":0,"event_name":"Colosseum","floor":19,"gold_loss":0},{"damage_healed":0,"gold_gain":99,"player_choice":"Stole From Cult","damage_taken":0,"max_hp_gain":0,"max_hp_loss":0,"event_name":"Nest","floor":21,"gold_loss":0}],"is_beta":false,"boss_relics":[{"not_picked":["White Beast Statue","Ectoplasm"],"picked":"Fusion Hammer"}],"items_purged_floors":[14,20],"is_endless":false,"potions_floor_spawned":[2,3,19,19],"killed_by":"3 Byrds","ascension_level":3}