{"gold_per_floor":[111,36,36,36,36,36,49,15,15,48,48,48,81,36,36,141,141,161,61,81,21,36,36,63,79,124,124,134,149,164,164],"floor_reached":31,"playtime":960,"items_purged":["Strike_G","Strike_G"],"score":331,"play_id":"31d6a5e3-dfa5-404e-a24e-45c5ec81c872","local_time":"20190123133005","is_ascension_mode":true,"campfire_choices":[{"data":"Bane","floor":6,"key":"SMITH"},{"data":"Noxious Fumes","floor":11,"key":"SMITH"},{"data":"Deadly Poison","floor":15,"key":"SMITH"},{"data":"Catalyst","floor":23,"key":"SMITH"},{"floor":27,"key":"REST"}],"neow_cost":"NONE","seed_source_timestamp":663254158549151,"circlet_count":0,"master_deck":["Defend_G","Defend_G+1","Defend_G","Defend_G+1","Strike_G","Strike_G+1","Survivor","Neutralize+1","Bane+1","Bouncing Flask+1","Noxious Fumes+1","Poisoned Stab","Bane+1","Deadly Poison+1","Corpse Explosion","Backflip","Catalyst+1","Injury","Deadly Poison+1","Noxious Fumes"],"relics":["Ring of the Snake","NeowsBlessing","Prayer Wheel","War Paint","Regal Pillow","Cursed Key","Whetstone","Bag of Marbles"],"potions_floor_usage":[16,24,28],"damage_taken":[{"damage":0,"enemies":"Small Slimes","floor":1,"turns":1},{"damage":0,"enemies":"Jaw Worm","floor":7,"turns":1},{"damage":0,"enemies":"Lagavulin","floor":10,"turns":1},{"damage":4,"enemies":"Gremlin Nob","floor":13,"turns":4},{"damage":18,"enemies":"Hexaghost","floor":16,"turns":7},{"damage":0,"enemies":"Chosen","floor":18,"turns":3},{"damage":0,"enemies":"Spheric Guardian","floor":20,"turns":3},{"damage":11,"enemies":"3 Cultists","floor":22,"turns":3},{"damage":45,"enemies":"Slavers","floor":24,"turns":4},{"damage":2,"enemies":"Snake Plant","floor":25,"turns":3},{"damage":14,"enemies":"Centurion and Healer","floor":28,"turns":4},{"damage":0,"enemies":"Chosen and Byrds","floor":29,"turns":3},{"damage":24,"enemies":"Snake Plant","floor":30,"turns":2},{"damage":21,"enemies":"Centurion and Healer","floor":31,"turns":2}],"seed_played":"8770994368213005403","potions_obtained":[{"floor":10,"key":"Ancient Potion"},{"floor":13,"key":"Regen Potion"},{"floor":18,"key":"Strength Potion"},{"floor":22,"key":"PowerPotion"},{"floor":25,"key":"SpeedPotion"}],"is_trial":false,"path_per_floor":["M","$","?","?","$","R","M","$","T","E","R","$","E","$","R","B",null,"M","$","M","?","M","R","E","M","T","R","M","M","M","M"],"character_chosen":"THE_SILENT","items_purchased":["Noxious Fumes","Deadly Poison"],"campfire_rested":1,"item_purchase_floors":[8,14],"current_hp_per_floor":[70,70,56,56,56,56,56,56,56,56,56,56,52,52,52,49,70,70,70,70,70,59,59,14,12,12,48,34,34,10,0],"gold":164,"neow_bonus":"THREE_ENEMY_KILL","is_prod":false,"is_daily":false,"chose_seed":false,"campfire_upgraded":4,"win_rate":0,"timestamp":1548271805,"path_taken":["M","$","?","?","?","R","M","$","T","E","R","?","E","$","R","BOSS","M","$","M","?","M","R","E","M","T","R","M","M","?","M"],"build_version":"2019-01-23","purchased_purges":2,"victory":false,"max_hp_per_floor":[70,70,70,70,70,70,70,70,70,70,70,70,70,70,70,70,70,70,70,70,70,70,70,70,70,70,70,70,70,70,70],"card_choices":[{"not_picked":["Slice","Underhanded Strike"],"picked":"Bane","floor":1},{"not_picked":["Deflect","Accuracy"],"picked":"Bouncing Flask","floor":7},{"not_picked":["Flying Knee","PiercingWail"],"picked":"Poisoned Stab","floor":10},{"not_picked":["Slice","Choke"],"picked":"Bane","floor":13},{"not_picked":["Phantasmal Killer","Glass Knife"],"picked":"Corpse Explosion","floor":16},{"not_picked":["Riddle With Holes","Heel Hook"],"picked":"Backflip","floor":18},{"not_picked":["Choke","Deadly Poison+1"],"picked":"Catalyst","floor":18},{"not_picked":["Acrobatics","Slice","Quick Slash"],"picked":"SKIP","floor":20},{"not_picked":["Sucker Punch+1","Accuracy","Venomology"],"picked":"SKIP","floor":20},{"not_picked":["Prepared+1","Eviscerate+1","Quick Slash"],"picked":"SKIP","floor":22},{"not_picked":["Expertise","Sucker Punch","Eviscerate+1"],"picked":"SKIP","floor":22},{"not_picked":["Riddle With Holes","Backflip","Blade Dance"],"picked":"SKIP","floor":24},{"not_picked":["Blade Dance","Setup","Quick Slash"],"picked":"SKIP","floor":25},{"not_picked":["Skewer","Flying Knee","Outmaneuver+1"],"picked":"SKIP","floor":25},{"not_picked":["Dagger Spray+1","Venomology","Accuracy+1"],"picked":"SKIP","floor":28},{"not_picked":["Flying Knee","Concentrate","Flechettes"],"picked":"SKIP","floor":28},{"not_picked":["Cloak And Dagger","Blade Dance","Reflex+1"],"picked":"SKIP","floor":29},{"not_picked":["Outmaneuver","Blur","Dagger Throw"],"picked":"SKIP","floor":29},{"not_picked":["Flying Knee","Poisoned Stab"],"picked":"Deadly Poison+1","floor":30},{"not_picked":["Deadly Poison","After Image"],"picked":"Noxious Fumes","floor":30}],"player_experience":146078,"relics_obtained":[{"floor":9,"key":"Prayer Wheel"},{"floor":10,"key":"War Paint"},{"floor":13,"key":"Regal Pillow"},{"floor":24,"key":"Whetstone"},{"floor":26,"key":"Bag of Marbles"}],"event_choices":[{"damage_healed":0,"gold_gain":0,"player_choice":"Entered Light","damage_taken":14,"max_hp_gain":0,"max_hp_loss":0,"event_name":"Shining Light","floor":3,"gold_loss":0,"cards_upgraded":["Strike_G","Defend_G"]},{"cards_removed":["Defend_G"],"damage_healed":0,"gold_gain":0,"player_choice":"Forget","damage_taken":0,"max_hp_gain":0,"max_hp_loss":0,"event_name":"Living Wall","floor":4,"gold_loss":0},{"cards_removed":["Strike_G"],"damage_healed":0,"gold_gain":0,"player_choice":"Single Remove","damage_taken":0,"max_hp_gain":0,"max_hp_loss":0,"event_name":"Designer","floor":21,"gold_loss":60}],"is_beta":false,"boss_relics":[{"not_picked":["Empty Cage","WristBlade"],"picked":"Cursed Key"}],"items_purged_floors":[2,19],"is_endless":false,"potions_floor_spawned":[10,13,18,22,25],"killed_by":"Centurion and Healer","ascension_level":3}