{"gold_per_floor":[119,119,119,137,154,172,206,217,268,143,160,160,160,184,184,309,309,325,325,424,424,434,434,445,445,445,459,459,211,211,231,231,231],"floor_reached":33,"playtime":1104,"items_purged":["Defend_G","Strike_G"],"score":311,"play_id":"c95329b4-c1a4-4354-a96b-4b730162b6fe","local_time":"20190617215150","is_ascension_mode":true,"campfire_choices":[{"floor":13,"key":"REST"},{"data":"Bane","floor":15,"key":"SMITH"},{"data":"Catalyst","floor":23,"key":"SMITH"},{"floor":25,"key":"REST"},{"floor":30,"key":"REST"},{"floor":32,"key":"REST"}],"neow_cost":"NONE","seed_source_timestamp":454239055866414,"circlet_count":0,"master_deck":["Defend_G","Defend_G+1","Defend_G","Defend_G","Strike_G+1","Strike_G","Strike_G","Survivor","Neutralize","Deadly Poison","Slice","Poisoned Stab","Caltrops","After Image","Bane+1","Bane","Catalyst+1","Injury","Poisoned Stab","Envenom","Poisoned Stab","Deflect","Deadly Poison","Caltrops+1","Poisoned Stab+1"],"relics":["Ring of the Snake","Pocketwatch","Blood Vial","Philosopher\u0027s Stone","Nloth\u0027s Gift","Meat on the Bone","Molten Egg 2","Bronze Scales"],"potions_floor_usage":[7,7,18,19,27,31,33,33],"damage_taken":[{"damage":6,"enemies":"2 Louse","floor":1,"turns":3},{"damage":0,"enemies":"Small Slimes","floor":4,"turns":4},{"damage":2,"enemies":"Jaw Worm","floor":5,"turns":3},{"damage":1,"enemies":"2 Fungi Beasts","floor":6,"turns":4},{"damage":21,"enemies":"Lagavulin","floor":7,"turns":6},{"damage":8,"enemies":"Looter","floor":8,"turns":3},{"damage":9,"enemies":"3 Louse","floor":11,"turns":4},{"damage":2,"enemies":"Exordium Thugs","floor":14,"turns":4},{"damage":37,"enemies":"The Guardian","floor":16,"turns":9},{"damage":0,"enemies":"Chosen","floor":18,"turns":3},{"damage":17,"enemies":"Colosseum Slavers","floor":19,"turns":3},{"damage":6,"enemies":"3 Byrds","floor":22,"turns":3},{"damage":18,"enemies":"Snecko","floor":24,"turns":5},{"damage":25,"enemies":"Snake Plant","floor":27,"turns":3},{"damage":17,"enemies":"Centurion and Healer","floor":31,"turns":5},{"damage":78,"enemies":"Automaton","floor":33,"turns":8}],"seed_played":"725582105318491686","potions_obtained":[{"floor":1,"key":"Regen Potion"},{"floor":6,"key":"AttackPotion"},{"floor":8,"key":"Fire Potion"},{"floor":11,"key":"Block Potion"},{"floor":18,"key":"SteroidPotion"},{"floor":24,"key":"Energy Potion"},{"floor":27,"key":"Fire Potion"},{"floor":31,"key":"FearPotion"}],"is_trial":false,"path_per_floor":["M","?","?","M","M","M","E","M","T","$","M","?","R","M","R","B",null,"M","?","?","?","M","R","M","R","T","M","?","$","R","M","R","B"],"character_chosen":"THE_SILENT","items_purchased":["Bane","Bronze Scales"],"campfire_rested":4,"item_purchase_floors":[10,29],"current_hp_per_floor":[71,56,56,56,54,53,47,39,39,39,32,32,55,55,55,20,77,77,60,60,60,56,56,40,63,63,40,40,40,63,48,71,0],"gold":231,"neow_bonus":"TEN_PERCENT_HP_BONUS","is_prod":false,"is_daily":false,"chose_seed":false,"campfire_upgraded":2,"win_rate":0,"timestamp":1560826310,"path_taken":["M","?","?","M","M","M","E","?","T","$","M","?","R","M","R","BOSS","M","?","?","?","M","R","M","R","T","?","?","$","R","M","R","BOSS"],"build_version":"2019-01-23","purchased_purges":2,"victory":false,"max_hp_per_floor":[77,77,77,77,77,77,77,77,77,77,77,77,77,77,77,77,77,77,77,77,77,77,77,77,77,77,77,77,77,77,77,77,77],"card_choices":[{"not_picked":["Infinite Blades","Dodge and Roll"],"picked":"Deadly Poison","floor":1},{"not_picked":["Skewer","Dagger Throw"],"picked":"Slice","floor":4},{"not_picked":["Slice","Escape Plan"],"picked":"Poisoned Stab","floor":5},{"not_picked":["PiercingWail","Backstab"],"picked":"Caltrops","floor":6},{"not_picked":["Accuracy","Escape Plan"],"picked":"After Image","floor":7},{"not_picked":["PiercingWail","Tactician"],"picked":"Bane","floor":8},{"not_picked":["Outmaneuver","Predator"],"picked":"Catalyst","floor":11},{"not_picked":["Well Laid Plans","Cloak And Dagger"],"picked":"Poisoned Stab","floor":14},{"not_picked":["Grand Finale","Unload"],"picked":"Envenom","floor":16},{"not_picked":["Bane","Acrobatics"],"picked":"Poisoned Stab","floor":18},{"not_picked":["Blur","Die Die Die"],"picked":"Deflect","floor":22},{"not_picked":["Dagger Spray","Burst"],"picked":"Deadly Poison","floor":24},{"not_picked":["Dagger Throw","Glass Knife"],"picked":"Caltrops+1","floor":27},{"not_picked":["Dash+1","Dodge and Roll"],"picked":"Poisoned Stab+1","floor":31}],"player_experience":167039,"relics_obtained":[{"floor":7,"key":"Pocketwatch"},{"floor":9,"key":"Blood Vial"},{"floor":26,"key":"Meat on the Bone"}],"event_choices":[{"damage_healed":0,"gold_gain":0,"player_choice":"Entered Light","damage_taken":15,"max_hp_gain":0,"max_hp_loss":0,"event_name":"Shining Light","floor":2,"gold_loss":0,"cards_upgraded":["Defend_G","Strike_G"]},{"cards_removed":["Strike_G"],"damage_healed":0,"gold_gain":0,"player_choice":"Forget","damage_taken":0,"max_hp_gain":0,"max_hp_loss":0,"event_name":"Living Wall","floor":3,"gold_loss":0},{"damage_healed":0,"gold_gain":0,"player_choice":"Take Wound","damage_taken":0,"relics_obtained":["Golden Idol"],"max_hp_gain":0,"max_hp_loss":0,"event_name":"Golden Idol","floor":12,"gold_loss":0,"cards_obtained":["Injury"]},{"damage_healed":0,"gold_gain":0,"player_choice":"Fight","damage_taken":0,"max_hp_gain":0,"max_hp_loss":0,"event_name":"Colosseum","floor":19,"gold_loss":0},{"damage_healed":0,"gold_gain":0,"player_choice":"Fled From Nobs","damage_taken":0,"max_hp_gain":0,"max_hp_loss":0,"event_name":"Colosseum","floor":19,"gold_loss":0},{"damage_healed":0,"gold_gain":99,"player_choice":"Stole From Cult","damage_taken":0,"max_hp_gain":0,"max_hp_loss":0,"event_name":"Nest","floor":20,"gold_loss":0},{"damage_healed":0,"gold_gain":0,"player_choice":"Traded Relic","damage_taken":0,"relics_obtained":["Nloth\u0027s Gift"],"max_hp_gain":0,"max_hp_loss":0,"event_name":"N\u0027loth","floor":21,"relics_lost":["Golden Idol"],"gold_loss":0},{"damage_healed":0,"gold_gain":0,"player_choice":"Opened","damage_taken":0,"relics_obtained":["Molten Egg 2"],"max_hp_gain":0,"max_hp_loss":0,"event_name":"The Mausoleum","floor":28,"gold_loss":0}],"is_beta":false,"boss_relics":[{"not_picked":["Pandora\u0027s Box","Black Star"],"picked":"Philosopher\u0027s Stone"}],"items_purged_floors":[10,29],"is_endless":false,"potions_floor_spawned":[1,6,8,11,18,24,27,31],"killed_by":"Automaton","ascension_level":3}