{"gold_per_floor":[115,190,190,205,224,224,251,251,274,294,294,98,178,208,208,303,303,317,74,85,104,104,104,134,134,134,134,147,157,157,171,171,171],"floor_reached":33,"playtime":1315,"items_purged":["Strike_G","Strike_G"],"score":290,"play_id":"4047a82d-8a51-4448-866c-e21c519f7fb8","local_time":"20180728144215","is_ascension_mode":false,"campfire_choices":[{"data":"Envenom","floor":6.0,"key":"SMITH"},{"floor":8.0,"key":"REST"},{"floor":15.0,"key":"REST"},{"data":"Caltrops","floor":23.0,"key":"SMITH"},{"data":"Caltrops","floor":25,"key":"SMITH"},{"floor":30,"key":"REST"},{"floor":32,"key":"REST"}],"neow_cost":"NONE","seed_source_timestamp":0,"circlet_count":0,"master_deck":["Defend_G","Defend_G+1","Defend_G","Defend_G","Strike_G","Strike_G","Strike_G","Survivor","Neutralize","Catalyst+1","Envenom+1","Poisoned Stab","Dagger Throw","Caltrops+1","Bane","Deadly Poison","Caltrops+1","Bullet Time+1","Deadly Poison+1","Deflect","Deadly Poison","Bane+1","Adrenaline"],"special_seed":0,"relics":["Ring of the Snake","Lantern","War Paint","Pen Nib","Meat on the Bone","Eternal Feather","Happy Flower","Oddly Smooth Stone","Frozen Egg 2"],"potions_floor_usage":[31,31,33],"damage_taken":[{"damage":0.0,"enemies":"Jaw Worm","floor":1.0,"turns":5.0},{"damage":4.0,"enemies":"2 Louse","floor":4.0,"turns":4.0},{"damage":0.0,"enemies":"Small Slimes","floor":5.0,"turns":5.0},{"damage":16.0,"enemies":"Lagavulin","floor":7.0,"turns":5.0},{"damage":5.0,"enemies":"Looter","floor":10.0,"turns":3.0},{"damage":51.0,"enemies":"The Guardian","floor":16.0,"turns":8.0},{"damage":2.0,"enemies":"Chosen","floor":18.0,"turns":4.0},{"damage":16.0,"enemies":"2 Thieves","floor":20.0,"turns":4.0},{"damage":12.0,"enemies":"Snake Plant","floor":21.0,"turns":4.0},{"damage":31.0,"enemies":"Book of Stabbing","floor":24.0,"turns":5.0},{"damage":10,"enemies":"Centurion and Healer","floor":28,"turns":7},{"damage":6,"enemies":"Snecko","floor":29,"turns":3},{"damage":33,"enemies":"Slaver and Parasite","floor":31,"turns":4},{"damage":75,"enemies":"Champ","floor":33,"turns":7}],"seed_played":"6514013994087669659","potions_obtained":[{"floor":5.0,"key":"AttackPotion"},{"floor":7.0,"key":"Poison Potion"},{"floor":10.0,"key":"PowerPotion"},{"floor":16.0,"key":"Dexterity Potion"},{"floor":18.0,"key":"Regen Potion"},{"floor":20.0,"key":"Regen Potion"},{"floor":22.0,"key":"EntropicBrew"},{"floor":22.0,"key":"Block Potion"},{"floor":28,"key":"Dexterity Potion"},{"floor":29,"key":"Regen Potion"}],"is_trial":false,"path_per_floor":["M","?","?","M","M","R","E","R","T","M","?","$","T","?","R","B",null,"M","$","M","M","?","R","E","R","T","?","M","M","R","M","R"],"character_chosen":"THE_SILENT","items_purchased":["Deadly Poison","Caltrops","Happy Flower"],"campfire_rested":4,"item_purchase_floors":[12,12,19],"current_hp_per_floor":[70,59,59,55,55,55,39,60,60,55,48,48,48,48,69,30,70,68,68,52,54,54,66,49,61,61,61,51,45,70,42,70,0],"gold":171,"neow_bonus":"RANDOM_COMMON_RELIC","is_prod":false,"is_daily":false,"chose_seed":false,"campfire_upgraded":3,"win_rate":0.0,"timestamp":1532806935,"path_taken":["M","?","?","?","M","R","E","R","T","M","?","$","?","?","R","BOSS","M","$","M","?","?","R","E","R","T","?","M","?","R","M","R","BOSS"],"build_version":"2018-07-26","purchased_purges":2,"victory":false,"max_hp_per_floor":[70,70,70,70,70,70,70,70,70,70,70,70,70,70,70,70,70,70,70,70,70,70,70,70,70,70,70,70,70,70,70,70,70],"card_choices":[{"not_picked":["Flying Knee","Backstab"],"picked":"Catalyst","floor":1.0},{"not_picked":["Calculated Gamble","Outmaneuver"],"picked":"Poisoned Stab","floor":4.0},{"not_picked":["Blade Dance","Well Laid Plans"],"picked":"Dagger Throw","floor":5.0},{"not_picked":["Setup","Sucker Punch"],"picked":"Caltrops","floor":7.0},{"not_picked":["Cloak And Dagger","Deflect"],"picked":"Bane","floor":10.0},{"not_picked":["A Thousand Cuts","Wraith Form v2"],"picked":"Bullet Time","floor":16.0},{"not_picked":["Acrobatics+1","Caltrops"],"picked":"Deadly Poison+1","floor":18.0},{"not_picked":["Distraction","Acrobatics","Cloak And Dagger"],"picked":"SKIP","floor":20.0},{"not_picked":["Deadly Poison","Flying Knee"],"picked":"Deflect","floor":21.0},{"not_picked":["Escape Plan+1","Reflex"],"picked":"Deadly Poison","floor":24.0},{"not_picked":["Flying Knee","PiercingWail","Acrobatics"],"picked":"SKIP","floor":28},{"not_picked":["PiercingWail+1","Outmaneuver"],"picked":"Bane+1","floor":29},{"not_picked":["Underhanded Strike+1","PiercingWail"],"picked":"Adrenaline","floor":31}],"player_experience":83076,"relics_obtained":[{"floor":7.0,"key":"War Paint"},{"floor":9.0,"key":"Pen Nib"},{"floor":13.0,"key":"Meat on the Bone"},{"floor":24.0,"key":"Oddly Smooth Stone"},{"floor":26,"key":"Frozen Egg 2"}],"event_choices":[{"event_name":"World of Goop","player_choice":"Gather Gold","floor":2.0,"damage_taken":0.0},{"event_name":"Match and Keep!","player_choice":"1 cards matched","floor":3.0,"damage_taken":0.0},{"event_name":"Golden Wing","player_choice":"Card Removal","floor":11.0,"damage_taken":0.0},{"event_name":"Dead Adventurer","player_choice":"Searched \u00271\u0027 times","floor":14.0,"damage_taken":0.0},{"event_name":"The Lab","player_choice":"Got Potions","floor":22.0,"damage_taken":0.0},{"event_name":"Accursed Blacksmith","player_choice":"Forge","floor":27,"damage_taken":0}],"is_beta":false,"boss_relics":[{"not_picked":["Orrery","Busted Crown"],"picked":"Eternal Feather"}],"items_purged_floors":[12,19],"is_endless":false,"potions_floor_spawned":[5,7,10,16,18,20,28,29],"killed_by":"Champ","ascension_level":0}