{"gold_per_floor":[109,184,40,53,63,97,97,52,52,5,24,24],"floor_reached":12,"playtime":620,"items_purged":["Strike_G"],"score":90,"play_id":"985ba0ed-40bd-4832-ab5f-bef8eb5f273e","local_time":"20180822190214","is_ascension_mode":true,"campfire_choices":[{"floor":7,"key":"REST"}],"neow_cost":"","seed_source_timestamp":175758745323943,"circlet_count":0,"master_deck":["Defend_G","Defend_G","Defend_G","Defend_G","Defend_G","Strike_G","Strike_G","Strike_G","Strike_G","Survivor","Neutralize","Deadly Poison","Envenom","Catalyst","Bane","Backflip","Bane"],"relics":["Ring of the Snake","Sundial","StoneCalendar"],"potions_floor_usage":[6,12],"damage_taken":[{"damage":0,"enemies":"Jaw Worm","floor":1,"turns":6},{"damage":0,"enemies":"Cultist","floor":4,"turns":4},{"damage":3,"enemies":"2 Louse","floor":5,"turns":3},{"damage":22,"enemies":"Gremlin Nob","floor":6,"turns":4},{"damage":44,"enemies":"Gremlin Gang","floor":11,"turns":7},{"damage":11,"enemies":"Exordium Thugs","floor":12,"turns":2}],"seed_played":"8149216116143587212","potions_obtained":[{"floor":1,"key":"Energy Potion"},{"floor":4,"key":"Strength Potion"}],"is_trial":false,"path_per_floor":["M","?","$","M","M","E","R","$","T","$","M"],"character_chosen":"THE_SILENT","items_purchased":["Envenom","Backflip","Bane"],"campfire_rested":1,"item_purchase_floors":[3,8,10],"current_hp_per_floor":[70,59,59,59,56,34,55,55,55,55,11,0],"gold":24,"neow_bonus":"","is_prod":false,"is_daily":false,"chose_seed":false,"campfire_upgraded":0,"win_rate":0,"timestamp":1534982534,"path_taken":["M","?","?","M","M","E","R","$","T","$","M","?"],"build_version":"2018-08-16","purchased_purges":1,"victory":false,"max_hp_per_floor":[70,70,70,70,70,70,70,70,70,70,70,70],"card_choices":[{"not_picked":["Finisher","Dagger Spray"],"picked":"Deadly Poison","floor":1},{"not_picked":["Deadly Poison","Footwork"],"picked":"Catalyst","floor":4},{"not_picked":["Expertise","All Out Attack"],"picked":"Bane","floor":5},{"not_picked":["Night Terror","Outmaneuver","Distraction"],"picked":"SKIP","floor":6},{"not_picked":["PiercingWail","Sucker Punch","Cloak And Dagger"],"picked":"SKIP","floor":11}],"player_experience":142932,"relics_obtained":[{"floor":6,"key":"Sundial"},{"floor":9,"key":"StoneCalendar"}],"event_choices":[{"event_name":"World of Goop","player_choice":"Gather Gold","floor":2,"damage_taken":0}],"is_beta":false,"boss_relics":[],"items_purged_floors":[3],"is_endless":false,"potions_floor_spawned":[1,4],"killed_by":"Exordium Thugs","ascension_level":3}