{"gold_per_floor":[113,128,139,89,89,118,118,43,73,99,52,52,52],"floor_reached":13,"playtime":406,"items_purged":["Defend_G"],"score":105,"play_id":"043ab296-ea99-437b-9f5d-eabfa2ea27c7","local_time":"20190612163441","is_ascension_mode":true,"campfire_choices":[{"floor":7,"key":"REST"}],"neow_cost":"NONE","seed_source_timestamp":3897910544807,"circlet_count":0,"master_deck":["Defend_G+1","Defend_G+1","Defend_G","Defend_G","Strike_G","Strike_G","Strike_G","Strike_G","Survivor","Neutralize","Deadly Poison","Poisoned Stab","Bullet Time+1","Deflect+1","Parasite"],"relics":["Ring of the Snake","NeowsBlessing","Paper Crane","Tiny Chest","Toxic Egg 2"],"potions_floor_usage":[6,10,13],"damage_taken":[{"damage":0,"enemies":"Cultist","floor":1,"turns":1},{"damage":0,"enemies":"2 Louse","floor":2,"turns":1},{"damage":0,"enemies":"Jaw Worm","floor":3,"turns":1},{"damage":32,"enemies":"3 Sentries","floor":6,"turns":12},{"damage":20,"enemies":"Gremlin Nob","floor":10,"turns":5},{"damage":45,"enemies":"3 Sentries","floor":13,"turns":10}],"seed_played":"4499868708692533934","potions_obtained":[{"floor":1,"key":"EssenceOfSteel"},{"floor":2,"key":"LiquidBronze"},{"floor":6,"key":"Weak Potion"}],"is_trial":false,"path_per_floor":["M","M","M","?","?","E","R","$","T","E","$","?","E"],"character_chosen":"THE_SILENT","items_purchased":["Deflect+1"],"campfire_rested":1,"item_purchase_floors":[11],"current_hp_per_floor":[70,70,70,70,56,24,45,45,45,25,25,42,0],"gold":52,"neow_bonus":"THREE_ENEMY_KILL","is_prod":false,"is_daily":false,"chose_seed":false,"campfire_upgraded":0,"win_rate":0,"timestamp":1560375281,"path_taken":["M","M","?","?","?","E","R","$","T","E","?","?","E"],"build_version":"2019-01-23","purchased_purges":1,"victory":false,"max_hp_per_floor":[70,70,70,70,70,70,70,70,70,70,70,70,70],"card_choices":[{"not_picked":["Masterful Stab","Endless Agony"],"picked":"Deadly Poison","floor":1},{"not_picked":["Distraction","Predator"],"picked":"Poisoned Stab","floor":2},{"not_picked":["Outmaneuver","Backstab","Skewer"],"picked":"SKIP","floor":3},{"not_picked":["Blade Dance","Flying Knee","Outmaneuver"],"picked":"SKIP","floor":6},{"not_picked":["Finisher","Infinite Blades"],"picked":"Bullet Time","floor":10}],"player_experience":156278,"relics_obtained":[{"floor":6,"key":"Paper Crane"},{"floor":9,"key":"Tiny Chest"},{"floor":10,"key":"Toxic Egg 2"}],"event_choices":[{"cards_removed":["Strike_G"],"damage_healed":0,"gold_gain":0,"player_choice":"Card Removal","damage_taken":0,"max_hp_gain":0,"max_hp_loss":0,"event_name":"The Cleric","floor":4,"gold_loss":50},{"damage_healed":0,"gold_gain":0,"player_choice":"Entered Light","damage_taken":14,"max_hp_gain":0,"max_hp_loss":0,"event_name":"Shining Light","floor":5,"gold_loss":0,"cards_upgraded":["Defend_G","Defend_G"]},{"damage_healed":17,"gold_gain":0,"player_choice":"Healed and dodged fight","damage_taken":0,"max_hp_gain":0,"max_hp_loss":0,"event_name":"Mushrooms","floor":12,"gold_loss":0,"cards_obtained":["Parasite"]}],"is_beta":false,"boss_relics":[],"items_purged_floors":[8],"is_endless":false,"potions_floor_spawned":[1,2,6],"killed_by":"3 Sentries","ascension_level":3}