{"gold_per_floor":[112,131,131,151,151,151,151,192,492,492,567,585,191,232,232,232],"floor_reached":16,"playtime":1534,"items_purged":[],"score":108,"play_id":"13ea2595-ec43-4dc3-a0bf-f998e63941d9","local_time":"20180704145616","is_ascension_mode":false,"campfire_choices":[{"floor":6,"key":"REST"},{"floor":10,"key":"REST"},{"floor":15,"key":"REST"}],"neow_cost":"","seed_source_timestamp":284834168490727,"circlet_count":0,"master_deck":["Strike_R+1","Strike_R","Strike_R","Strike_R","Strike_R","Defend_R","Defend_R","Defend_R","Defend_R","Bash","Headbutt","Perfected Strike","Searing Blow","Pommel Strike","Juggernaut","Panache","Fire Breathing","Shockwave","Hemokinesis"],"relics":["Burning Blood","Golden Idol","Gambling Chip","Old Coin","Ancient Tea Set"],"potions_floor_usage":[8,16],"damage_taken":[{"damage":14,"enemies":"2 Louse","floor":1,"turns":3},{"damage":13,"enemies":"Jaw Worm","floor":2,"turns":3},{"damage":1,"enemies":"Cultist","floor":4,"turns":3},{"damage":42,"enemies":"Lagavulin","floor":8,"turns":6},{"damage":14,"enemies":"Blue Slaver","floor":12,"turns":3},{"damage":32,"enemies":"3 Sentries","floor":14,"turns":5},{"damage":68,"enemies":"The Guardian","floor":16,"turns":9}],"seed_played":"-366474453425173548","potions_obtained":[{"floor":4,"key":"Dexterity Potion"},{"floor":12,"key":"GamblersBrew"}],"is_trial":false,"path_per_floor":["M","M","?","M","?","R","?","E","T","R","?","M","$","E","R"],"character_chosen":"IRONCLAD","items_purchased":["Regen Potion","Panache","Fire Breathing","Shockwave"],"campfire_rested":3,"item_purchase_floors":[13,13,13,13],"current_hp_per_floor":[72,65,65,70,50,74,79,43,43,68,57,49,49,23,48,0],"gold":232,"neow_bonus":"","is_prod":false,"is_daily":false,"chose_seed":false,"campfire_upgraded":0,"win_rate":0.0,"timestamp":1530734176,"path_taken":["M","M","?","?","?","R","?","E","T","R","?","?","$","E","R","BOSS"],"build_version":"2018-06-28","purchased_purges":0,"victory":false,"max_hp_per_floor":[80,80,80,80,80,80,85,85,85,85,85,85,85,85,85,85],"card_choices":[{"not_picked":["Flex","Perfected Strike"],"picked":"Headbutt","floor":1},{"not_picked":["Reckless Charge","Warcry"],"picked":"Perfected Strike","floor":2},{"not_picked":["True Grit","Thunderclap"],"picked":"Searing Blow","floor":4},{"not_picked":["Entrench","Sword Boomerang"],"picked":"Pommel Strike","floor":8},{"not_picked":["Headbutt","Anger"],"picked":"Juggernaut","floor":12},{"not_picked":["Shockwave","Anger"],"picked":"Hemokinesis","floor":14}],"player_experience":0,"relics_obtained":[{"floor":8,"key":"Gambling Chip"},{"floor":9,"key":"Old Coin"},{"floor":14,"key":"Ancient Tea Set"}],"event_choices":[{"event_name":"Living Wall","player_choice":"Grow","floor":3,"damage_taken":0},{"event_name":"Golden Idol","player_choice":"Take Damage","floor":5,"damage_taken":0},{"event_name":"Big Fish","player_choice":"Donut","floor":7,"damage_taken":0},{"event_name":"World of Goop","player_choice":"Gather Gold","floor":11,"damage_taken":0}],"boss_relics":[],"items_purged_floors":[],"is_endless":false,"potions_floor_spawned":[4,12],"killed_by":"The Guardian","ascension_level":0}