{"gold_per_floor":[114,129,144,69,84,114,129,129,154,154,229,179,194,226,226,226],"floor_reached":16,"playtime":835,"items_purged":["Strike_G"],"score":102,"play_id":"7a2b5c0e-bd5a-4c4c-bd03-e68455607de5","local_time":"20180710210434","daily_mods":["Heirloom","Uncertain Future","Lethality"],"is_ascension_mode":false,"campfire_choices":[{"floor":8,"key":"REST"},{"floor":10,"key":"DIG"},{"floor":15,"key":"REST"}],"neow_cost":"","seed_source_timestamp":0,"circlet_count":0,"master_deck":["Defend_G","Defend_G","Defend_G","Defend_G","Defend_G","Strike_G","Strike_G","Strike_G","Survivor","Neutralize","Poisoned Stab+1","Dash","Dagger Spray+1","Venomology","Bane","Catalyst"],"special_seed":17723,"relics":["Ring of the Snake","Du-Vu Doll","Shovel","Whetstone","Potion Belt","Singing Bowl"],"potions_floor_usage":[6,13,14,14,16,16],"damage_taken":[{"damage":4,"enemies":"Small Slimes","floor":1,"turns":4},{"damage":1,"enemies":"Jaw Worm","floor":2,"turns":2},{"damage":0,"enemies":"2 Louse","floor":3,"turns":2},{"damage":0,"enemies":"Looter","floor":5,"turns":3},{"damage":27,"enemies":"3 Sentries","floor":6,"turns":6},{"damage":0,"enemies":"2 Fungi Beasts","floor":7,"turns":1},{"damage":0,"enemies":"3 Louse","floor":13,"turns":1},{"damage":9,"enemies":"Lagavulin Event","floor":14,"turns":5},{"damage":66,"enemies":"Hexaghost","floor":16,"turns":7}],"seed_played":"-1904894230533814690","potions_obtained":[{"floor":2,"key":"AttackPotion"},{"floor":7,"key":"Explosive Potion"},{"floor":13,"key":"GhostInAJar"},{"floor":14,"key":"PowerPotion"}],"is_trial":false,"path_per_floor":["M","M","M","$","M","E","M","R","T","R","?","?","M","?","R"],"character_chosen":"THE_SILENT","items_purchased":[],"campfire_rested":2,"item_purchase_floors":[],"current_hp_per_floor":[66,65,65,65,65,38,38,59,59,59,48,48,48,41,62,0],"gold":226,"neow_bonus":"","is_prod":false,"is_daily":true,"chose_seed":false,"campfire_upgraded":0,"win_rate":0.0,"timestamp":1531274674,"path_taken":["M","M","M","$","M","E","M","R","T","R","?","?","M","?","R","BOSS"],"build_version":"2018-07-05","purchased_purges":1,"victory":false,"max_hp_per_floor":[70,70,70,70,70,70,70,70,70,70,70,70,70,72,72,72],"card_choices":[{"not_picked":["Deadly Poison","PiercingWail"],"picked":"Poisoned Stab","floor":1},{"not_picked":["Infinite Blades","PiercingWail"],"picked":"Dash","floor":2},{"not_picked":["Flying Knee","Masterful Stab"],"picked":"Dagger Spray","floor":3},{"not_picked":["Endless Agony","Infinite Blades","Sucker Punch"],"picked":"SKIP","floor":5},{"not_picked":["Outmaneuver","Dash"],"picked":"Venomology","floor":6},{"not_picked":["Slice","Quick Slash"],"picked":"Bane","floor":7},{"not_picked":["Backflip","Masterful Stab"],"picked":"Catalyst","floor":13},{"not_picked":["Cloak And Dagger","Outmaneuver","Sucker Punch"],"picked":"Singing Bowl","floor":14}],"player_experience":35594,"relics_obtained":[{"floor":6,"key":"Shovel"},{"floor":9,"key":"Whetstone"},{"floor":10,"key":"Potion Belt"},{"floor":14,"key":"Singing Bowl"}],"event_choices":[{"event_name":"World of Goop","player_choice":"Gather Gold","floor":11,"damage_taken":0},{"event_name":"The Cleric","player_choice":"Card Removal","floor":12,"damage_taken":0},{"event_name":"Dead Adventurer","player_choice":"Searched \u00272\u0027 times","floor":14,"damage_taken":0}],"boss_relics":[],"items_purged_floors":[4],"is_endless":false,"potions_floor_spawned":[2,7,13,14],"killed_by":"Hexaghost","ascension_level":0}