{"gold_per_floor":[144,319,364,67,67,157,157,202,202,247,292,292,292,192,192,492,492,537,582,57,57,0,90,90,90,90,189,69,94,184,229,229,229],"floor_reached":33,"playtime":860,"items_purged":["Strike_G","Glass Knife","Defend_G","Defend_G"],"score":356,"play_id":"3f575c4f-163c-4cac-9456-eba25b9aa920","local_time":"20180812105702","daily_mods":["Specialized","Midas","Time Dilation"],"is_ascension_mode":false,"campfire_choices":[{"floor":7,"key":"REST"},{"floor":13,"key":"REST"},{"floor":15,"key":"REST"},{"floor":24,"key":"REST"},{"floor":32,"key":"REST"}],"neow_cost":"","seed_source_timestamp":0,"circlet_count":0,"master_deck":["Defend_G","Defend_G+1","Strike_G","Strike_G","Survivor","Neutralize","Glass Knife+1","Glass Knife","Glass Knife","Glass Knife","Doubt","Terror","Dash+1","Backflip","Phantasmal Killer","Malaise+1","Die Die Die+1","Adrenaline+1","Crippling Poison"],"special_seed":17755,"relics":["Ring of the Snake","Regal Pillow","Orichalcum","Anchor","Astrolabe","Membership Card","Dodecahedron","The Specimen","Art of War","Ancient Tea Set","Pear"],"potions_floor_usage":[16,16,16,23,30,30,33,33],"damage_taken":[{"damage":0,"enemies":"Small Slimes","floor":1,"turns":2},{"damage":3,"enemies":"Jaw Worm","floor":3,"turns":2},{"damage":14,"enemies":"3 Sentries","floor":6,"turns":4},{"damage":0,"enemies":"Cultist","floor":8,"turns":1},{"damage":0,"enemies":"Exordium Thugs","floor":10,"turns":3},{"damage":0,"enemies":"Gremlin Gang","floor":11,"turns":4},{"damage":18,"enemies":"Slime Boss","floor":16,"turns":8},{"damage":0,"enemies":"Spheric Guardian","floor":18,"turns":3},{"damage":0,"enemies":"3 Byrds","floor":19,"turns":3},{"damage":4,"enemies":"Book of Stabbing","floor":23,"turns":3},{"damage":0,"enemies":"Slavers","floor":30,"turns":2},{"damage":9,"enemies":"Snake Plant","floor":31,"turns":3},{"damage":101,"enemies":"Champ","floor":33,"turns":9}],"seed_played":"6518817445672204880","potions_obtained":[{"floor":1,"key":"FearPotion"},{"floor":6,"key":"Explosive Potion"},{"floor":8,"key":"PowerPotion"},{"floor":21,"key":"SpeedPotion"},{"floor":21,"key":"GamblersBrew"},{"floor":21,"key":"LiquidBronze"},{"floor":23,"key":"SkillPotion"},{"floor":30,"key":"GamblersBrew"},{"floor":31,"key":"FearPotion"}],"is_trial":false,"path_per_floor":["M","?","M","$","?","E","R","M","T","M","M","?","R","$","R","B",null,"M","M","$","?","?","E","R","$","T","?","$","T","E","M","R"],"character_chosen":"THE_SILENT","items_purchased":["Terror","Regal Pillow","Membership Card","Dodecahedron"],"campfire_rested":5,"item_purchase_floors":[4,4,20,20],"current_hp_per_floor":[70,70,67,67,67,53,70,70,70,70,70,56,70,70,70,52,70,70,70,70,70,70,66,70,70,70,70,70,70,80,71,80,0],"gold":229,"neow_bonus":"","is_prod":false,"is_daily":true,"chose_seed":false,"campfire_upgraded":0,"win_rate":0,"timestamp":1534089422,"path_taken":["M","?","M","$","?","E","R","M","T","M","?","?","R","$","R","BOSS","M","?","?","?","?","E","R","?","T","?","$","?","E","M","R","BOSS"],"build_version":"2018-08-09","purchased_purges":4,"victory":false,"max_hp_per_floor":[70,70,70,70,70,70,70,70,70,70,70,70,70,70,70,70,70,70,70,70,70,70,70,70,70,70,70,70,70,80,80,80,80],"card_choices":[{"not_picked":["Poisoned Stab","Dagger Spray","Outmaneuver"],"picked":"SKIP","floor":1},{"not_picked":["Blade Dance","Dagger Spray","Backstab"],"picked":"SKIP","floor":3},{"not_picked":["Outmaneuver","Setup"],"picked":"Dash","floor":6},{"not_picked":["All Out Attack","Dodge and Roll","Slice"],"picked":"SKIP","floor":8},{"not_picked":["Underhanded Strike","Poisoned Stab"],"picked":"Backflip","floor":10},{"not_picked":["Glass Knife","Eviscerate","Flechettes"],"picked":"SKIP","floor":11},{"not_picked":["Die Die Die","Venomology"],"picked":"Phantasmal Killer","floor":16},{"not_picked":["Slice","Prepared","Masterful Stab"],"picked":"SKIP","floor":18},{"not_picked":["Outmaneuver","Well Laid Plans+1","Deflect"],"picked":"SKIP","floor":19},{"not_picked":["Blur","Backflip","Slice"],"picked":"SKIP","floor":23},{"not_picked":["Choke+1","Deadly Poison"],"picked":"Crippling Poison","floor":30},{"not_picked":["Underhanded Strike","Flying Knee+1","Reflex"],"picked":"SKIP","floor":31}],"player_experience":139549,"relics_obtained":[{"floor":6,"key":"Orichalcum"},{"floor":9,"key":"Anchor"},{"floor":23,"key":"The Specimen"},{"floor":26,"key":"Art of War"},{"floor":29,"key":"Ancient Tea Set"},{"floor":30,"key":"Pear"}],"event_choices":[{"event_name":"Liars Game","player_choice":"agreed","floor":2,"damage_taken":0},{"event_name":"Upgrade Shrine","player_choice":"Upgraded","floor":5,"damage_taken":0},{"event_name":"Shining Light","player_choice":"Entered Light","floor":12,"damage_taken":0},{"event_name":"The Lab","player_choice":"Got Potions","floor":21,"damage_taken":0},{"event_name":"Masked Bandits","player_choice":"Paid Fearfully","floor":22,"damage_taken":0},{"event_name":"Nest","player_choice":"Stole From Cult","floor":27,"damage_taken":0}],"is_beta":false,"boss_relics":[{"not_picked":["Pandora\u0027s Box","Eternal Feather"],"picked":"Astrolabe"}],"items_purged_floors":[4,14,20,28],"is_endless":false,"potions_floor_spawned":[1,6,8,23,30,31],"killed_by":"Champ","ascension_level":0}