{"gold_per_floor":[109,284,234,252,271,306,319,319,345,356,356,371,384,282,282,380,380,399,499,499,161,161,161,261,261,288,300,331,357,369],"floor_reached":30,"playtime":1189,"items_purged":["Defend_G","Strike_G"],"score":265,"play_id":"131b5db4-1a14-48fd-a456-63a889bf412b","local_time":"20190612165455","is_ascension_mode":true,"campfire_choices":[{"floor":8,"key":"REST"},{"floor":11,"key":"REST"},{"floor":15,"key":"REST"},{"floor":23,"key":"REST"},{"data":"Noxious Fumes","floor":25,"key":"SMITH"},{"data":"Backflip","floor":27,"key":"SMITH"}],"neow_cost":"NONE","seed_source_timestamp":4327933725257,"circlet_count":0,"master_deck":["Defend_G","Defend_G","Defend_G","Defend_G","Strike_G","Strike_G","Strike_G","Survivor","Neutralize","Doubt","Backflip","Noxious Fumes+1","Deadly Poison","Deadly Poison","Backflip+1","Poisoned Stab","Bane","Corpse Explosion","Deadly Poison+1","Necronomicurse","Terror+1"],"relics":["Ring of the Snake","NeowsBlessing","Vajra","Happy Flower","Velvet Choker","Dead Branch","Ninja Scroll","Regal Pillow","Toxic Egg 2","Necronomicon","MawBank"],"potions_floor_usage":[6,16,16,16,19],"damage_taken":[{"damage":0,"enemies":"Cultist","floor":1,"turns":1},{"damage":0,"enemies":"Small Slimes","floor":4,"turns":1},{"damage":0,"enemies":"2 Louse","floor":5,"turns":1},{"damage":23,"enemies":"3 Sentries","floor":6,"turns":10},{"damage":11,"enemies":"Exordium Wildlife","floor":7,"turns":5},{"damage":31,"enemies":"3 Louse","floor":10,"turns":4},{"damage":1,"enemies":"2 Fungi Beasts","floor":12,"turns":4},{"damage":14,"enemies":"Lots of Slimes","floor":13,"turns":4},{"damage":37,"enemies":"Slime Boss","floor":16,"turns":10},{"damage":0,"enemies":"Spheric Guardian","floor":18,"turns":3},{"damage":15,"enemies":"Colosseum Slavers","floor":19,"turns":2},{"damage":22,"enemies":"Colosseum Nobs","floor":19,"turns":3},{"damage":14,"enemies":"2 Thieves","floor":28,"turns":3},{"damage":13,"enemies":"Snecko","floor":29,"turns":5},{"damage":27,"enemies":"Snake Plant","floor":30,"turns":2}],"seed_played":"-5442758142263658866","potions_obtained":[{"floor":5,"key":"GamblersBrew"},{"floor":6,"key":"Dexterity Potion"},{"floor":7,"key":"SkillPotion"},{"floor":13,"key":"EssenceOfSteel"},{"floor":18,"key":"AttackPotion"},{"floor":29,"key":"Weak Potion"}],"is_trial":false,"path_per_floor":["M","?","?","M","M","E","M","R","T","M","R","M","M","$","R","B",null,"M","?","T","$","?","R","?","R","T","R","M","M","M"],"character_chosen":"THE_SILENT","items_purchased":["Bane","Toxic Egg 2"],"campfire_rested":4,"item_purchase_floors":[14,21],"current_hp_per_floor":[70,70,70,70,70,47,36,57,57,26,47,46,32,32,53,16,70,70,33,33,33,17,53,53,53,53,53,39,26,0],"gold":369,"neow_bonus":"THREE_ENEMY_KILL","is_prod":false,"is_daily":false,"chose_seed":false,"campfire_upgraded":2,"win_rate":0,"timestamp":1560376495,"path_taken":["M","?","?","M","M","E","M","R","T","M","R","M","M","$","R","BOSS","M","?","?","$","?","R","?","R","T","R","M","M","?"],"build_version":"2019-01-23","purchased_purges":2,"victory":false,"max_hp_per_floor":[70,70,70,70,70,70,70,70,70,70,70,70,70,70,70,70,70,70,70,70,70,70,70,70,70,70,70,70,70,70],"card_choices":[{"not_picked":["PiercingWail","Riddle With Holes","Dodge and Roll"],"picked":"SKIP","floor":1},{"not_picked":["Acrobatics","PiercingWail"],"picked":"Backflip","floor":4},{"not_picked":["Poisoned Stab","Flying Knee"],"picked":"Noxious Fumes","floor":5},{"not_picked":["Quick Slash","Night Terror"],"picked":"Deadly Poison","floor":6},{"not_picked":["Quick Slash","Cloak And Dagger"],"picked":"Deadly Poison","floor":7},{"not_picked":["Flying Knee","Masterful Stab"],"picked":"Backflip","floor":10},{"not_picked":["Underhanded Strike","Sucker Punch"],"picked":"Poisoned Stab","floor":12},{"not_picked":["Dodge and Roll","Backflip","Acrobatics"],"picked":"SKIP","floor":13},{"not_picked":["Glass Knife","Storm of Steel"],"picked":"Corpse Explosion","floor":16},{"not_picked":["Endless Agony","Slice"],"picked":"Deadly Poison+1","floor":18},{"not_picked":["Cloak And Dagger+1","Blade Dance+1","Underhanded Strike+1"],"picked":"SKIP","floor":28},{"not_picked":["Escape Plan+1","Poisoned Stab+1"],"picked":"Terror+1","floor":29}],"player_experience":156684,"relics_obtained":[{"floor":6,"key":"Vajra"},{"floor":9,"key":"Happy Flower"},{"floor":19,"key":"Dead Branch"},{"floor":19,"key":"Ninja Scroll"},{"floor":20,"key":"Regal Pillow"},{"floor":22,"key":"Necronomicon"},{"floor":26,"key":"MawBank"}],"event_choices":[{"damage_healed":0,"gold_gain":175,"player_choice":"AGREE","damage_taken":0,"max_hp_gain":0,"max_hp_loss":0,"event_name":"Liars Game","floor":2,"gold_loss":0,"cards_obtained":["Doubt"]},{"cards_removed":["Strike_G"],"damage_healed":0,"gold_gain":0,"player_choice":"Card Removal","damage_taken":0,"max_hp_gain":0,"max_hp_loss":0,"event_name":"The Cleric","floor":3,"gold_loss":50},{"damage_healed":0,"gold_gain":0,"player_choice":"Fight","damage_taken":0,"max_hp_gain":0,"max_hp_loss":0,"event_name":"Colosseum","floor":19,"gold_loss":0},{"damage_healed":0,"gold_gain":0,"player_choice":"Fought Nobs","damage_taken":0,"max_hp_gain":0,"max_hp_loss":0,"event_name":"Colosseum","floor":19,"gold_loss":0},{"damage_healed":0,"gold_gain":0,"player_choice":"Obtained Book","damage_taken":16,"max_hp_gain":0,"max_hp_loss":0,"event_name":"Cursed Tome","floor":22,"gold_loss":0},{"damage_healed":0,"gold_gain":100,"player_choice":"Pray","damage_taken":0,"max_hp_gain":0,"max_hp_loss":0,"event_name":"Golden Shrine","floor":24,"gold_loss":0}],"is_beta":false,"boss_relics":[{"not_picked":["Black Star","Pandora\u0027s Box"],"picked":"Velvet Choker"}],"items_purged_floors":[14,21],"is_endless":false,"potions_floor_spawned":[5,6,7,13,18,29],"killed_by":"Snake Plant","ascension_level":3}