{"gold_per_floor":[110,121,121,121,138,138,138,138,165,165,196,221,146,126,126,257,257,282,407,407,426,442,442,56,69,69,69,82,82,95,128,128,254,254,267,600,600,600,475,475,486,486,486,486,517,517,367,379,379,379],"floor_reached":50,"playtime":1877,"items_purged":["Defend_G","Strike_G","Defend_G","Strike_G"],"score":610,"play_id":"7c2a816c-0f02-4964-a579-4f76e034d1f1","local_time":"20190611205746","is_ascension_mode":true,"campfire_choices":[{"data":"Deadly Poison","floor":6,"key":"SMITH"},{"floor":8,"key":"REST"},{"data":"Survivor","floor":10,"key":"SMITH"},{"floor":15,"key":"REST"},{"floor":23,"key":"REST"},{"data":"Bouncing Flask","floor":27,"key":"SMITH"},{"floor":29,"key":"REST"},{"floor":32,"key":"REST"},{"data":"A Thousand Cuts","floor":40,"key":"SMITH"},{"data":"Deadly Poison","floor":42,"key":"SMITH"},{"data":"Crippling Poison","floor":44,"key":"SMITH"},{"floor":46,"key":"REST"},{"floor":49,"key":"REST"}],"neow_cost":"NONE","seed_source_timestamp":1081845517467601,"circlet_count":0,"master_deck":["Defend_G+1","Defend_G","Strike_G","Survivor+1","Neutralize","Quick Slash+1","Deadly Poison+1","Dagger Spray","A Thousand Cuts+1","Quick Slash+1","Flying Knee","Deadly Poison+1","Crippling Poison+1","Bouncing Flask+1","Deadly Poison+1","Corpse Explosion","Bane","Parasite"],"relics":["Ring of the Snake","NeowsBlessing","Blood Vial","Lantern","Bag of Marbles","Velvet Choker","FossilizedHelix","Pear","Matryoshka","Snake Skull","Bronze Scales","Anchor","Empty Cage","Happy Flower","Nunchaku","Bird Faced Urn"],"potions_floor_usage":[11,16,22,33,50,50],"damage_taken":[{"damage":0,"enemies":"Small Slimes","floor":1,"turns":1},{"damage":0,"enemies":"2 Louse","floor":2,"turns":1},{"damage":0,"enemies":"Cultist","floor":5,"turns":1},{"damage":14,"enemies":"3 Sentries","floor":11,"turns":8},{"damage":25,"enemies":"The Guardian","floor":16,"turns":11},{"damage":24,"enemies":"Spheric Guardian","floor":18,"turns":4},{"damage":4,"enemies":"Colosseum Slavers","floor":19,"turns":5},{"damage":20,"enemies":"Colosseum Nobs","floor":19,"turns":5},{"damage":0,"enemies":"3 Byrds","floor":21,"turns":2},{"damage":4,"enemies":"Shelled Parasite and Fungi","floor":22,"turns":4},{"damage":9,"enemies":"Centurion and Healer","floor":25,"turns":5},{"damage":0,"enemies":"Sentry and Sphere","floor":28,"turns":3},{"damage":0,"enemies":"Snake Plant","floor":30,"turns":2},{"damage":25,"enemies":"Slavers","floor":31,"turns":3},{"damage":52,"enemies":"Champ","floor":33,"turns":8},{"damage":9,"enemies":"3 Darklings","floor":35,"turns":2},{"damage":0,"enemies":"3 Shapes","floor":41,"turns":2},{"damage":32,"enemies":"Giant Head","floor":45,"turns":6},{"damage":32,"enemies":"Writhing Mass","floor":48,"turns":4},{"damage":68,"enemies":"Donu and Deca","floor":50,"turns":4}],"seed_played":"-2747035175235899541","potions_obtained":[{"floor":2,"key":"SteroidPotion"},{"floor":5,"key":"Fire Potion"},{"floor":11,"key":"GhostInAJar"},{"floor":14,"key":"EssenceOfSteel"},{"floor":22,"key":"Dexterity Potion"},{"floor":25,"key":"SkillPotion"},{"floor":28,"key":"FearPotion"},{"floor":33,"key":"AttackPotion"}],"is_trial":false,"path_per_floor":["M","M","?","?","M","R","?","R","T","R","E","T","$","?","R","B",null,"M","?","?","M","M","R","$","M","T","R","M","R","M","E","R","B",null,"M","?","?","?","$","R","M","R","T","R","E","R","$","M","R","B"],"character_chosen":"THE_SILENT","items_purchased":["Matryoshka","Deadly Poison"],"campfire_rested":7,"item_purchase_floors":[24,24],"current_hp_per_floor":[70,70,56,56,56,56,39,60,60,60,48,48,48,48,69,45,70,46,36,36,38,36,60,60,53,53,53,55,79,80,55,79,28,80,71,71,71,71,71,71,73,73,73,73,43,67,67,37,61,0],"gold":379,"neow_bonus":"THREE_ENEMY_KILL","is_prod":false,"is_daily":false,"chose_seed":false,"campfire_upgraded":6,"win_rate":0,"timestamp":1560304666,"path_taken":["M","M","?","?","M","R","?","R","T","R","E","?","?","?","R","BOSS","M","?","?","M","M","R","$","M","T","R","?","R","M","E","R","BOSS","M","?","?","?","$","R","M","R","T","R","E","R","?","?","R","BOSS"],"build_version":"2019-01-23","purchased_purges":4,"victory":false,"max_hp_per_floor":[70,70,70,70,70,70,70,70,70,70,70,70,70,70,70,70,70,70,80,80,80,80,80,80,80,80,80,80,80,80,80,80,80,80,80,80,80,80,80,80,80,80,80,80,80,80,80,80,80,80],"card_choices":[{"not_picked":["Escape Plan","Sucker Punch"],"picked":"Quick Slash","floor":1},{"not_picked":["Prepared","Leg Sweep"],"picked":"Slice","floor":2},{"not_picked":["Sucker Punch","Outmaneuver"],"picked":"Deadly Poison","floor":5},{"not_picked":["Dodge and Roll","Calculated Gamble"],"picked":"Dagger Spray","floor":11},{"not_picked":["Storm of Steel","Night Terror"],"picked":"A Thousand Cuts","floor":16},{"not_picked":["Infinite Blades","Dagger Spray+1"],"picked":"Quick Slash+1","floor":18},{"not_picked":["Choke","Outmaneuver"],"picked":"Flying Knee","floor":19},{"not_picked":["Finisher","Masterful Stab"],"picked":"Crippling Poison","floor":21},{"not_picked":["Flying Knee","PiercingWail+1"],"picked":"Bouncing Flask","floor":22},{"not_picked":["PiercingWail","Well Laid Plans","Dagger Throw"],"picked":"SKIP","floor":25},{"not_picked":["Dodge and Roll","Sucker Punch","Reflex+1"],"picked":"SKIP","floor":28},{"not_picked":["Dash","All Out Attack","Glass Knife"],"picked":"SKIP","floor":30},{"not_picked":["Blur","Distraction","Flechettes"],"picked":"SKIP","floor":31},{"not_picked":["Adrenaline","Phantasmal Killer"],"picked":"Corpse Explosion","floor":33},{"not_picked":["Dodge and Roll","Blur+1","Deflect+1"],"picked":"SKIP","floor":35},{"not_picked":["Riddle With Holes+1","Prepared+1"],"picked":"Bane","floor":41},{"not_picked":["Tactician","Corpse Explosion","Reflex+1"],"picked":"SKIP","floor":45},{"not_picked":["Choke","Dash","Dodge and Roll+1"],"picked":"SKIP","floor":48}],"player_experience":153119,"relics_obtained":[{"floor":9,"key":"Blood Vial"},{"floor":11,"key":"Lantern"},{"floor":12,"key":"Bag of Marbles"},{"floor":19,"key":"FossilizedHelix"},{"floor":19,"key":"Pear"},{"floor":26,"key":"Snake Skull"},{"floor":26,"key":"Bronze Scales"},{"floor":31,"key":"Anchor"},{"floor":43,"key":"Happy Flower"},{"floor":43,"key":"Nunchaku"},{"floor":45,"key":"Bird Faced Urn"}],"event_choices":[{"damage_healed":0,"gold_gain":0,"player_choice":"Entered Light","damage_taken":14,"max_hp_gain":0,"max_hp_loss":0,"event_name":"Shining Light","floor":3,"gold_loss":0,"cards_upgraded":["Defend_G","Quick Slash"]},{"cards_removed":["Strike_G"],"damage_healed":0,"gold_gain":0,"player_choice":"Forget","damage_taken":0,"max_hp_gain":0,"max_hp_loss":0,"event_name":"Living Wall","floor":4,"gold_loss":0},{"damage_healed":0,"gold_gain":0,"player_choice":"Take Damage","damage_taken":17,"relics_obtained":["Golden Idol"],"max_hp_gain":0,"max_hp_loss":0,"event_name":"Golden Idol","floor":7,"gold_loss":0},{"damage_healed":0,"gold_gain":0,"player_choice":"Bought 1 Potion","damage_taken":0,"max_hp_gain":0,"max_hp_loss":0,"event_name":"The Woman in Blue","floor":14,"gold_loss":0},{"damage_healed":0,"gold_gain":0,"player_choice":"Fight","damage_taken":0,"max_hp_gain":0,"max_hp_loss":0,"event_name":"Colosseum","floor":19,"gold_loss":0},{"damage_healed":0,"gold_gain":0,"player_choice":"Fought Nobs","damage_taken":0,"max_hp_gain":0,"max_hp_loss":0,"event_name":"Colosseum","floor":19,"gold_loss":0},{"damage_healed":0,"gold_gain":0,"player_choice":"Copied","damage_taken":0,"max_hp_gain":0,"max_hp_loss":0,"event_name":"Duplicator","floor":20,"gold_loss":0,"cards_obtained":["Deadly Poison"]},{"damage_healed":0,"gold_gain":333,"player_choice":"Gave Idol","damage_taken":0,"max_hp_gain":0,"max_hp_loss":0,"event_name":"The Moai Head","floor":36,"relics_lost":["Golden Idol"],"gold_loss":0},{"damage_healed":0,"gold_gain":0,"player_choice":"Memory 1","damage_taken":0,"max_hp_gain":0,"max_hp_loss":0,"event_name":"SensoryStone","floor":37,"gold_loss":0},{"cards_removed":["Slice"],"damage_healed":0,"gold_gain":0,"player_choice":"Removed Attack","damage_taken":0,"max_hp_gain":0,"max_hp_loss":0,"event_name":"Falling","floor":38,"gold_loss":0}],"is_beta":false,"boss_relics":[{"not_picked":["Snecko Eye","Runic Dome"],"picked":"Velvet Choker"},{"not_picked":["Astrolabe","Calling Bell"],"picked":"Empty Cage"}],"items_purged_floors":[13,24,39,47],"is_endless":false,"potions_floor_spawned":[2,5,11,19,22,25,28,33,41,45],"killed_by":"Donu and Deca","ascension_level":3}