{"gold_per_floor":[110,110,110,110,126,126,152,152,152,164,182,182,207,220,220,321,321,340,340,355,370,370,370,396,8,33,33,53,53,53,71,71,168,168,179,179,7,7,7,7,23,23,48,48,61,81,81,129,129,129],"floor_reached":50,"playtime":2878,"items_purged":["Strike_G"],"score":508,"play_id":"49e5c50e-6e13-45fe-9a65-779f815a4de0","local_time":"20180708205708","is_ascension_mode":false,"campfire_choices":[{"data":"Envenom","floor":6,"key":"SMITH"},{"data":"Dagger Spray","floor":8,"key":"SMITH"},{"floor":12,"key":"REST"},{"floor":15,"key":"REST"},{"data":"Caltrops","floor":23,"key":"SMITH"},{"floor":27,"key":"REST"},{"floor":32,"key":"REST"},{"data":"After Image","floor":40,"key":"SMITH"},{"data":"After Image","floor":42,"key":"SMITH"},{"floor":47,"key":"REST"},{"floor":49,"key":"REST"}],"neow_cost":"NONE","seed_source_timestamp":21547621038403,"circlet_count":0,"master_deck":["Defend_G","Defend_G","Defend_G","Defend_G","Defend_G","Strike_G","Strike_G","Strike_G","Survivor","Neutralize","Envenom+1","Poisoned Stab","Dagger Spray+1","Poisoned Stab","Deadly Poison","Wraith Form v2","Burst","Deadly Poison","Caltrops+1","Flying Knee+1","Dagger Spray+1","Caltrops","Crippling Poison","After Image+1","Predator","After Image+1","Predator+1","Decay","Bane","Madness","Madness","Well Laid Plans+1","Pain","Backstab+1","Slice+1","Clumsy"],"special_seed":17721,"relics":["Ring of the Snake","Bag of Marbles","Dodecahedron","Boot","Sozu","Du-Vu Doll","Toolbox","Lantern","Cursed Key","The Specimen","Snake Skull","Potion Belt","Whetstone"],"potions_floor_usage":[],"damage_taken":[{"damage":5,"enemies":"Small Slimes","floor":1,"turns":6},{"damage":6,"enemies":"Jaw Worm","floor":5,"turns":3},{"damage":12,"enemies":"3 Sentries","floor":7,"turns":7},{"damage":0,"enemies":"2 Louse","floor":10,"turns":2},{"damage":0,"enemies":"Large Slime","floor":11,"turns":4},{"damage":21,"enemies":"Exordium Thugs","floor":14,"turns":4},{"damage":30,"enemies":"Hexaghost","floor":16,"turns":9},{"damage":20,"enemies":"2 Thieves","floor":18,"turns":4},{"damage":12,"enemies":"Spheric Guardian","floor":20,"turns":4},{"damage":1,"enemies":"Snake Plant","floor":21,"turns":4},{"damage":33,"enemies":"Slavers","floor":24,"turns":5},{"damage":31,"enemies":"Slaver and Parasite","floor":28,"turns":3},{"damage":0,"enemies":"Snecko","floor":31,"turns":6},{"damage":41,"enemies":"Collector","floor":33,"turns":9},{"damage":0,"enemies":"3 Shapes","floor":35,"turns":1},{"damage":6,"enemies":"Orb Walker","floor":41,"turns":2},{"damage":2,"enemies":"Sphere and 2 Shapes","floor":45,"turns":4},{"damage":21,"enemies":"Maw","floor":46,"turns":6},{"damage":105,"enemies":"Awakened One","floor":50,"turns":8}],"seed_played":"2365577451791200373","potions_obtained":[{"floor":1,"key":"Block Potion"},{"floor":5,"key":"FairyPotion"},{"floor":11,"key":"Fire Potion"}],"is_trial":false,"path_per_floor":["M","?","?","?","M","R","E","R","T","M","M","R","T","M","R","B",null,"M","?","M","M","?","R","E","$","T","R","M","?","$","M","R","B",null,"M","T","$","?","$","R","M","R","T","$","M","M","R","T","R"],"character_chosen":"THE_SILENT","items_purchased":["Caltrops","Toolbox","Crippling Poison","Snake Skull","Bane"],"campfire_rested":6,"item_purchase_floors":[25,25,25,37,37],"current_hp_per_floor":[65,70,70,63,57,57,45,45,45,45,45,67,67,46,68,38,75,55,55,43,42,67,67,34,34,34,56,25,11,11,11,35,8,80,80,80,80,70,70,70,64,64,64,64,62,41,65,65,80,0],"gold":129,"neow_bonus":"ONE_RANDOM_RARE_CARD","is_prod":false,"is_daily":false,"chose_seed":false,"campfire_upgraded":5,"win_rate":0.0,"timestamp":1531101428,"path_taken":["M","?","?","?","?","R","E","R","T","M","?","R","?","M","R","BOSS","M","?","?","M","?","R","E","?","T","R","M","?","$","?","R","BOSS","M","?","$","?","$","R","M","R","T","$","M","M","R","?","R","BOSS"],"build_version":"2018-07-05","purchased_purges":1,"victory":false,"max_hp_per_floor":[70,75,75,75,75,75,75,75,75,75,75,75,75,75,75,75,75,75,75,75,75,75,75,75,75,75,75,75,80,80,80,80,80,80,80,80,80,80,80,80,80,80,80,80,80,80,80,80,80,80],"card_choices":[{"not_picked":["Flechettes","Outmaneuver"],"picked":"Poisoned Stab","floor":1},{"not_picked":["Reflex","Acrobatics"],"picked":"Dagger Spray","floor":5},{"not_picked":["Choke","Skewer","Sucker Punch"],"picked":"SKIP","floor":7},{"not_picked":["Quick Slash","Acrobatics"],"picked":"Poisoned Stab","floor":10},{"not_picked":["Flechettes","Deflect"],"picked":"Deadly Poison","floor":11},{"not_picked":["Expertise","Underhanded Strike"],"picked":"Wraith Form v2","floor":14},{"not_picked":["Die Die Die","Tactician"],"picked":"Burst","floor":16},{"not_picked":["Sucker Punch","PiercingWail"],"picked":"Deadly Poison","floor":18},{"not_picked":["Footwork","Escape Plan"],"picked":"Caltrops","floor":20},{"not_picked":["Underhanded Strike+1","Dagger Throw"],"picked":"Flying Knee","floor":21},{"not_picked":["PiercingWail","Choke"],"picked":"Dagger Spray+1","floor":24},{"not_picked":["Prepared+1","Deflect"],"picked":"After Image","floor":28},{"not_picked":["Blade Dance","Flechettes"],"picked":"Predator","floor":31},{"not_picked":["A Thousand Cuts","Glass Knife"],"picked":"After Image","floor":33},{"not_picked":["Dodge and Roll+1","Masterful Stab"],"picked":"Predator+1","floor":35},{"not_picked":["Backflip","Expertise+1"],"picked":"Well Laid Plans+1","floor":41},{"not_picked":["Underhanded Strike","Acrobatics+1"],"picked":"Backstab","floor":45},{"not_picked":["Underhanded Strike+1","Sucker Punch"],"picked":"Slice+1","floor":46}],"player_experience":22373,"relics_obtained":[{"floor":7,"key":"Bag of Marbles"},{"floor":9,"key":"Dodecahedron"},{"floor":13,"key":"Boot"},{"floor":24,"key":"Du-Vu Doll"},{"floor":26,"key":"Lantern"},{"floor":36,"key":"The Specimen"},{"floor":43,"key":"Potion Belt"},{"floor":48,"key":"Whetstone"}],"event_choices":[{"event_name":"Big Fish","player_choice":"Donut","floor":2,"damage_taken":0},{"event_name":"Golden Idol","player_choice":"Ignored","floor":3,"damage_taken":0},{"event_name":"Golden Wing","player_choice":"Card Removal","floor":4,"damage_taken":0},{"event_name":"Ghosts","player_choice":"Ignored","floor":19,"damage_taken":0},{"event_name":"The Library","player_choice":"Heal","floor":22,"damage_taken":0},{"event_name":"Forgotten Altar","player_choice":"Shed Blood","floor":29,"damage_taken":0},{"event_name":"Winding Halls","player_choice":"Embrace Madness","floor":38,"damage_taken":0}],"boss_relics":[{"not_picked":["Coffee Dripper","Orrery"],"picked":"Sozu"},{"not_picked":["Snecko Eye","Fusion Hammer"],"picked":"Cursed Key"}],"items_purged_floors":[25],"is_endless":false,"potions_floor_spawned":[1,5,11,21,28,31,33,35,41,46],"killed_by":"Awakened One","ascension_level":0}