{"gold_per_floor":[366,15,15,34,34,34,62,62,111,121,21,53,18,29,29,126,126,141,66,19,19,36,36,67,67,93,192,192,192,206,206,206,309,309,325,325],"floor_reached":36,"playtime":1182,"items_purged":["Strike_G","Defend_G"],"score":444,"play_id":"4f8ca730-5bb5-40d7-acd9-5ba0995b846e","local_time":"20180811103119","is_ascension_mode":true,"campfire_choices":[{"floor":6.0,"key":"REST"},{"data":"Apotheosis","floor":8.0,"key":"SMITH"},{"data":"Bouncing Flask","floor":15.0,"key":"SMITH"},{"data":"Burst","floor":23.0,"key":"SMITH"},{"floor":25,"key":"REST"},{"floor":28,"key":"REST"},{"floor":32,"key":"REST"}],"neow_cost":"PERCENT_DAMAGE","seed_source_timestamp":0,"circlet_count":0,"master_deck":["Defend_G","Defend_G","Defend_G","Strike_G","Strike_G","Strike_G","Survivor","Neutralize","Deflect","Bouncing Flask+1","Apotheosis+1","Flying Knee+1","Deadly Poison","Burst+1","Deadly Poison+1","Quick Slash+1","Bouncing Flask","Burst","Deadly Poison"],"special_seed":0,"relics":["Ring of the Serpent","GremlinMask","Molten Egg 2","Potion Belt","Strawberry","The Courier","Darkstone Periapt","Boot","White Beast Statue"],"potions_floor_usage":[24,33,35],"damage_taken":[{"damage":3.0,"enemies":"Cultist","floor":1.0,"turns":4.0},{"damage":1.0,"enemies":"Small Slimes","floor":4.0,"turns":4.0},{"damage":6.0,"enemies":"Lagavulin","floor":7.0,"turns":6.0},{"damage":4.0,"enemies":"Jaw Worm","floor":10.0,"turns":3.0},{"damage":12.0,"enemies":"Gremlin Nob","floor":12.0,"turns":4.0},{"damage":12.0,"enemies":"3 Louse","floor":14.0,"turns":4.0},{"damage":32.0,"enemies":"Hexaghost","floor":16.0,"turns":7.0},{"damage":9.0,"enemies":"Shell Parasite","floor":18.0,"turns":3.0},{"damage":0.0,"enemies":"Chosen","floor":22.0,"turns":4.0},{"damage":65,"enemies":"Gremlin Leader","floor":24,"turns":5},{"damage":0,"enemies":"Centurion and Healer","floor":30,"turns":6},{"damage":55,"enemies":"Automaton","floor":33,"turns":11},{"damage":77,"enemies":"Flame Bruiser 1 Orb","floor":35,"turns":7},{"damage":8,"enemies":"3 Shapes","floor":36,"turns":1}],"seed_played":"6318106218385528280","potions_obtained":[{"floor":10.0,"key":"EssenceOfSteel"},{"floor":12.0,"key":"Fire Potion"},{"floor":16.0,"key":"SneckoOil"},{"floor":18.0,"key":"SkillPotion"},{"floor":30,"key":"SpeedPotion"},{"floor":35,"key":"Ancient Potion"}],"is_trial":false,"path_per_floor":["M","$","?","M","?","R","E","R","T","M","$","E","?","M","R","B",null,"M","?","$","?","M","R","E","R","T","?","R","?","M","?","R","B",null,"M"],"character_chosen":"THE_SILENT","items_purchased":["Bouncing Flask","Apotheosis","Quick Slash+1"],"campfire_rested":4,"item_purchase_floors":[2,2,20],"current_hp_per_floor":[46,46,46,45,45,66,60,60,60,56,56,51,70,58,58,26,77,68,68,68,68,68,68,3,26,26,26,49,49,49,35,59,4,82,5,0],"gold":325,"neow_bonus":"TWO_FIFTY_GOLD","is_prod":false,"is_daily":false,"chose_seed":false,"campfire_upgraded":3,"win_rate":0,"timestamp":1534001479,"path_taken":["M","$","?","M","?","R","E","R","T","M","$","E","?","M","R","BOSS","M","?","$","?","M","R","E","R","T","?","R","?","?","?","R","BOSS","M","M"],"build_version":"2018-08-09","purchased_purges":2,"victory":false,"max_hp_per_floor":[70,70,70,70,70,70,70,70,70,70,70,77,77,77,77,77,77,77,77,77,77,77,77,77,77,77,77,77,77,77,82,82,82,82,82,82],"card_choices":[{"not_picked":["Quick Slash","All Out Attack"],"picked":"Deflect","floor":1.0},{"not_picked":["Sucker Punch","Tactician","Dagger Spray"],"picked":"SKIP","floor":4.0},{"not_picked":["Blade Dance","Predator","Deflect"],"picked":"SKIP","floor":7.0},{"not_picked":["Dagger Spray+1","Sucker Punch+1"],"picked":"Flying Knee+1","floor":10.0},{"not_picked":["Skewer+1","Riddle With Holes+1"],"picked":"Deadly Poison","floor":12.0},{"not_picked":["Riddle With Holes+1","Eviscerate+1","Deflect"],"picked":"SKIP","floor":14.0},{"not_picked":["Venomology","Envenom"],"picked":"Burst","floor":16.0},{"not_picked":["Choke+1","Slice+1"],"picked":"Deadly Poison+1","floor":18.0},{"not_picked":["Deflect+1","Choke+1"],"picked":"Bouncing Flask","floor":22.0},{"not_picked":["Escape Plan","Choke+1","Tactician"],"picked":"SKIP","floor":24},{"not_picked":["Deflect+1","Outmaneuver","Distraction+1"],"picked":"SKIP","floor":30},{"not_picked":["Doppelganger","Venomology"],"picked":"Burst","floor":33},{"not_picked":["Underhanded Strike+1","PiercingWail"],"picked":"Deadly Poison","floor":35}],"player_experience":135641,"relics_obtained":[{"floor":7.0,"key":"Molten Egg 2"},{"floor":9.0,"key":"Potion Belt"},{"floor":12.0,"key":"Strawberry"},{"floor":24,"key":"Darkstone Periapt"},{"floor":26,"key":"Boot"}],"event_choices":[{"event_name":"Purifier","player_choice":"One Purge","floor":3.0,"damage_taken":0.0},{"event_name":"FaceTrader","player_choice":"Trade","floor":5.0,"damage_taken":0.0},{"event_name":"The Cleric","player_choice":"Healed","floor":13.0,"damage_taken":0.0},{"event_name":"Beggar","player_choice":"Gave Gold","floor":19.0,"damage_taken":0.0},{"event_name":"The Mausoleum","player_choice":"Yes","floor":21.0,"damage_taken":0.0},{"event_name":"Nest","player_choice":"Stole From Cult","floor":27,"damage_taken":0},{"event_name":"Back to Basics","player_choice":"Elegance","floor":29,"damage_taken":0},{"event_name":"Forgotten Altar","player_choice":"Shed Blood","floor":31,"damage_taken":0}],"is_beta":false,"boss_relics":[{"not_picked":["Astrolabe","HoveringKite"],"picked":"Ring of the Serpent"},{"not_picked":["Coffee Dripper","Busted Crown"],"picked":"White Beast Statue"}],"items_purged_floors":[2,11],"is_endless":false,"potions_floor_spawned":[10,12,16,18,30,35],"killed_by":"3 Shapes","ascension_level":3}