{"gold_per_floor":[118,118,43,43,43,43,43,60,60,9,28,28,28,40,40,140,140,154,167,67,67,82,82,100,100,124,124,124,124,136,163,163,263,263,273,273,289,289,307,307,339,357,357,370,383,383],"floor_reached":46,"playtime":2159,"items_purged":["Strike_G","Defend_G"],"score":509,"play_id":"35f34d46-3007-403a-bac0-f0f04f9fbfee","local_time":"20180808160638","is_ascension_mode":true,"campfire_choices":[{"data":"Envenom","floor":6,"key":"SMITH"},{"floor":13,"key":"REST"},{"data":"Adrenaline","floor":15,"key":"SMITH"},{"floor":23,"key":"REST"},{"data":"A Thousand Cuts","floor":25,"key":"SMITH"},{"floor":27,"key":"REST"},{"data":"Backflip","floor":29,"key":"SMITH"},{"data":"Noxious Fumes","floor":32,"key":"SMITH"},{"data":"A Thousand Cuts","floor":40,"key":"SMITH"}],"neow_cost":"NONE","seed_source_timestamp":1631102300490744,"circlet_count":0,"master_deck":["Defend_G","Defend_G","Defend_G+1","Strike_G+1","Strike_G","Survivor","Neutralize","Blur","Neutralize","Envenom+1","Deflect","Adrenaline+1","A Thousand Cuts+1","Flechettes+1","Poisoned Stab+1","Backflip+1","Poisoned Stab+1","Backflip+1","Bouncing Flask+1","Noxious Fumes+1","A Thousand Cuts+1","Writhe","Bouncing Flask+1","Poisoned Stab","Doppelganger","Bane+1"],"relics":["Ring of the Snake","Matryoshka","Meat on the Bone","Bottled Flame","Astrolabe","Question Card","Strawberry","Orichalcum","Busted Crown","Boot","Tingsha"],"potions_floor_usage":[16,24,33,33,42,42],"damage_taken":[{"damage":6,"enemies":"Cultist","floor":1,"turns":4},{"damage":5,"enemies":"2 Louse","floor":8,"turns":3},{"damage":1,"enemies":"Small Slimes","floor":11,"turns":4},{"damage":7,"enemies":"3 Louse","floor":14,"turns":5},{"damage":42,"enemies":"The Guardian","floor":16,"turns":25},{"damage":10,"enemies":"3 Byrds","floor":18,"turns":4},{"damage":5,"enemies":"Chosen","floor":19,"turns":5},{"damage":0,"enemies":"Centurion and Healer","floor":22,"turns":8},{"damage":21,"enemies":"Snake Plant","floor":24,"turns":3},{"damage":8,"enemies":"Chosen and Byrds","floor":30,"turns":4},{"damage":54,"enemies":"Collector","floor":33,"turns":9},{"damage":29,"enemies":"Flame Bruiser 1 Orb","floor":35,"turns":4},{"damage":4,"enemies":"3 Shapes","floor":37,"turns":6},{"damage":8,"enemies":"Transient","floor":39,"turns":5},{"damage":25,"enemies":"Giant Head","floor":41,"turns":8},{"damage":13,"enemies":"Sphere and 2 Shapes","floor":42,"turns":3},{"damage":27,"enemies":"Maw","floor":44,"turns":6},{"damage":29,"enemies":"3 Darklings","floor":45,"turns":4},{"damage":28,"enemies":"4 Shapes","floor":46,"turns":2}],"seed_played":"-5107346915003061197","potions_obtained":[{"floor":1,"key":"FearPotion"},{"floor":11,"key":"Ancient Potion"},{"floor":19,"key":"PowerPotion"},{"floor":24,"key":"Block Potion"},{"floor":37,"key":"SpeedPotion"},{"floor":41,"key":"SkillPotion"}],"is_trial":false,"path_per_floor":["M","?","$","?","?","R","$","M","T","$","M","T","R","M","R","B",null,"M","M","$","?","M","R","M","R","T","R","$","R","M","T","R","B",null,"M","?","M","?","M","R","E","M","T","M","M"],"character_chosen":"THE_SILENT","items_purchased":["Deflect"],"campfire_rested":3,"item_purchase_floors":[10],"current_hp_per_floor":[71,71,71,56,61,61,61,56,56,56,55,55,79,72,72,42,82,72,67,67,51,51,77,56,56,63,91,91,91,83,83,83,41,94,65,89,85,85,77,77,52,51,51,36,19,0],"gold":383,"neow_bonus":"TEN_PERCENT_HP_BONUS","is_prod":false,"is_daily":false,"chose_seed":false,"campfire_upgraded":6,"win_rate":0,"timestamp":1533762398,"path_taken":["M","?","$","?","?","R","?","?","T","$","M","?","R","M","R","BOSS","M","M","$","?","M","R","M","R","T","R","$","R","M","?","R","BOSS","M","?","?","?","M","R","E","?","T","M","?","M"],"build_version":"2018-08-02","purchased_purges":2,"victory":false,"max_hp_per_floor":[77,77,77,77,82,82,82,82,82,82,82,82,82,82,82,82,82,82,82,82,87,87,87,87,87,94,94,94,94,94,94,94,94,94,94,94,94,94,94,94,94,94,94,94,94,94],"card_choices":[{"not_picked":["Acrobatics","Setup"],"picked":"Blur","floor":1},{"not_picked":["Dagger Spray","Predator","Prepared"],"picked":"SKIP","floor":8},{"not_picked":["Dagger Throw","Sucker Punch","Acrobatics"],"picked":"SKIP","floor":11},{"not_picked":["Calculated Gamble","Leg Sweep"],"picked":"Adrenaline","floor":14},{"not_picked":["Malaise","Grand Finale"],"picked":"A Thousand Cuts","floor":16},{"not_picked":["Dagger Throw","Underhanded Strike"],"picked":"Backflip","floor":18},{"not_picked":["Backflip","Blade Dance"],"picked":"Poisoned Stab+1","floor":19},{"not_picked":["Finisher","Tools of the Trade"],"picked":"Backflip+1","floor":22},{"not_picked":["Crippling Poison","Poisoned Stab+1"],"picked":"Bouncing Flask+1","floor":24},{"not_picked":["Flying Knee","Skewer","Predator"],"picked":"Noxious Fumes","floor":30},{"not_picked":["Tools of the Trade","Wraith Form v2","Unload"],"picked":"A Thousand Cuts","floor":33},{"not_picked":["PiercingWail","Outmaneuver+1"],"picked":"SKIP","floor":35},{"not_picked":["Expertise+1"],"picked":"Bouncing Flask+1","floor":37},{"not_picked":["Masterful Stab"],"picked":"Poisoned Stab","floor":39},{"not_picked":["Deadly Poison"],"picked":"Doppelganger","floor":41},{"not_picked":["Dagger Throw+1"],"picked":"Bane+1","floor":42},{"not_picked":["Reflex+1","Concentrate+1"],"picked":"SKIP","floor":44},{"not_picked":["Bouncing Flask","Concentrate+1"],"picked":"SKIP","floor":45}],"player_experience":127285,"relics_obtained":[{"floor":9,"key":"Matryoshka"},{"floor":12,"key":"Meat on the Bone"},{"floor":12,"key":"Bottled Flame"},{"floor":26,"key":"Question Card"},{"floor":26,"key":"Strawberry"},{"floor":31,"key":"Orichalcum"},{"floor":41,"key":"Boot"},{"floor":43,"key":"Tingsha"}],"event_choices":[{"event_name":"Match and Keep!","player_choice":"2 cards matched","floor":2,"damage_taken":0},{"event_name":"Shining Light","player_choice":"Entered Light","floor":4,"damage_taken":0},{"event_name":"Big Fish","player_choice":"Donut","floor":5,"damage_taken":0},{"event_name":"Forgotten Altar","player_choice":"Shed Blood","floor":21,"damage_taken":0},{"event_name":"Winding Halls","player_choice":"Writhe","floor":36,"damage_taken":0},{"event_name":"Falling","player_choice":"Removed Attack","floor":38,"damage_taken":0}],"is_beta":false,"boss_relics":[{"not_picked":["Orrery","WristBlade"],"picked":"Astrolabe"},{"not_picked":["Coffee Dripper","Ring of the Serpent"],"picked":"Busted Crown"}],"items_purged_floors":[3,20],"is_endless":false,"potions_floor_spawned":[1,11,19,24,37,41],"killed_by":"4 Shapes","ascension_level":2}