{"gold_per_floor":[117,117,117,130,9,36,36,46,46,46,46,62,62,73,73,174,174,190,222,233,11,11,11,31,31,100,112,122,122,136,146,146,251,251,262,262,262,56,68,68,80,97,97,43,43,58,58,75,75,75],"floor_reached":51,"playtime":1777,"items_purged":["Strike_G","Defend_G"],"score":751,"play_id":"13f3fc8d-7696-495f-88ca-358539b43ebf","local_time":"20180728174550","is_ascension_mode":false,"campfire_choices":[{"data":"Poisoned Stab","floor":7,"key":"SMITH"},{"data":"Caltrops","floor":15,"key":"SMITH"},{"floor":23,"key":"REST"},{"floor":25,"key":"REST"},{"floor":29,"key":"REST"},{"data":"Noxious Fumes","floor":32,"key":"SMITH"},{"data":"Sadistic Nature","floor":40,"key":"SMITH"},{"floor":49,"key":"REST"}],"neow_cost":"NONE","seed_source_timestamp":687040349939294,"circlet_count":0,"master_deck":["Defend_G","Defend_G","Survivor","Neutralize","Bane","Poisoned Stab","Poisoned Stab+1","Caltrops+1","Blur","Neutralize","Deflect","After Image","Bouncing Flask+1","Poisoned Stab","Noxious Fumes+1","Deflect","Poisoned Stab+1","Backflip","Backflip","Deflect","Night Terror","PiercingWail+1","Sadistic Nature+1","Good Instincts","Blur+1","Dodge and Roll+1","Catalyst+1","Deflect","Corpse Explosion","Deflect"],"relics":["Ring of the Serpent","NeowsBlessing","Paper Crane","Snake Skull","Empty Cage","Red Mask","Happy Flower","Bottled Lightning","Ninja Scroll"],"potions_floor_usage":[16,19,30,33,33,33,39],"damage_taken":[{"damage":0,"enemies":"Jaw Worm","floor":1,"turns":1},{"damage":0,"enemies":"Cultist","floor":4,"turns":1},{"damage":0,"enemies":"Lagavulin","floor":6,"turns":1},{"damage":0,"enemies":"2 Louse","floor":8,"turns":2},{"damage":3,"enemies":"Large Slime","floor":12,"turns":6},{"damage":5,"enemies":"Gremlin Gang","floor":14,"turns":5},{"damage":6,"enemies":"The Guardian","floor":16,"turns":8},{"damage":0,"enemies":"Shell Parasite","floor":18,"turns":5},{"damage":40,"floor":19,"turns":5},{"damage":14,"enemies":"2 Thieves","floor":20,"turns":4},{"damage":0,"enemies":"Centurion and Healer","floor":24,"turns":6},{"damage":7,"enemies":"Snake Plant","floor":27,"turns":2},{"damage":12,"enemies":"3 Cultists","floor":28,"turns":4},{"damage":0,"enemies":"Sentry and Sphere","floor":30,"turns":5},{"damage":0,"enemies":"Snecko","floor":31,"turns":4},{"damage":10,"enemies":"Collector","floor":33,"turns":7},{"damage":2,"enemies":"3 Shapes","floor":35,"turns":5},{"damage":24,"enemies":"3 Darklings","floor":39,"turns":4},{"damage":18,"enemies":"Sphere and 2 Shapes","floor":41,"turns":6},{"damage":18,"enemies":"Spire Growth","floor":42,"turns":5},{"damage":49,"enemies":"Flame Bruiser 2 Orb","floor":46,"turns":5},{"damage":0,"enemies":"Transient","floor":48,"turns":5},{"damage":36,"enemies":"Time Eater","floor":50,"turns":6}],"seed_played":"-1057545419746899059","potions_obtained":[{"floor":1,"key":"LiquidBronze"},{"floor":4,"key":"Energy Potion"},{"floor":12,"key":"SmokeBomb"},{"floor":19,"key":"SteroidPotion"},{"floor":24,"key":"SkillPotion"},{"floor":28,"key":"GhostInAJar"},{"floor":30,"key":"Ancient Potion"},{"floor":31,"key":"Fire Potion"},{"floor":35,"key":"AttackPotion"},{"floor":39,"key":"SteroidPotion"},{"floor":41,"key":"LiquidBronze"},{"floor":48,"key":"GhostInAJar"}],"is_trial":false,"path_per_floor":["M","?","?","M","$","E","R","M","T","?","?","M","?","M","R","B",null,"M","?","M","$","?","R","M","R","T","M","M","R","M","M","R","B",null,"M","?","?","$","M","R","M","M","T","$","?","M","$","M","R","B"],"character_chosen":"THE_SILENT","items_purchased":["Poisoned Stab","Happy Flower","Noxious Fumes","Good Instincts","Deflect"],"campfire_rested":4,"item_purchase_floors":[5,21,21,38,44],"current_hp_per_floor":[70,70,63,63,63,63,63,63,63,80,80,77,77,72,72,66,80,80,40,26,26,11,36,36,61,61,54,42,67,67,67,67,57,85,83,83,83,83,59,59,41,23,23,23,74,25,25,25,47,11],"gold":75,"neow_bonus":"THREE_ENEMY_KILL","is_prod":false,"is_daily":false,"chose_seed":false,"campfire_upgraded":4,"win_rate":0.0,"timestamp":1532817950,"path_taken":["M","?","?","?","$","E","R","?","T","?","?","M","?","M","R","BOSS","M","?","M","$","?","R","M","R","T","M","M","R","M","M","R","BOSS","M","?","?","?","M","R","M","M","T","$","?","M","$","M","R","BOSS"],"build_version":"2018-07-26","purchased_purges":2,"victory":true,"max_hp_per_floor":[70,70,70,70,70,70,70,70,70,80,80,80,80,80,80,80,80,80,80,80,80,85,85,85,85,85,85,85,85,85,85,85,85,85,85,85,85,85,85,85,85,85,85,85,74,74,74,74,74,74],"card_choices":[{"not_picked":["All Out Attack","Reflex"],"picked":"Bane","floor":1},{"not_picked":["Flechettes","Concentrate"],"picked":"Poisoned Stab","floor":4},{"not_picked":["All Out Attack","Dagger Throw"],"picked":"Caltrops","floor":6},{"not_picked":["Acrobatics","Sucker Punch","Cloak And Dagger"],"picked":"SKIP","floor":8},{"not_picked":["Adrenaline","Dodge and Roll"],"picked":"Deflect","floor":12},{"not_picked":["Finisher","Choke","Distraction"],"picked":"SKIP","floor":14},{"not_picked":["Burst","Phantasmal Killer"],"picked":"After Image","floor":16},{"not_picked":["Prepared+1","Escape Plan","Quick Slash"],"picked":"SKIP","floor":18},{"not_picked":["Dagger Throw","Poisoned Stab"],"picked":"Bouncing Flask+1","floor":19},{"not_picked":["Expertise","Dagger Spray+1"],"picked":"Poisoned Stab","floor":20},{"not_picked":["Prepared","All Out Attack+1"],"picked":"Deflect","floor":24},{"not_picked":["Heel Hook+1","Venomology"],"picked":"Poisoned Stab+1","floor":27},{"not_picked":["PiercingWail+1","Reflex"],"picked":"Backflip","floor":28},{"not_picked":["Flying Knee+1","Acrobatics+1"],"picked":"Backflip","floor":30},{"not_picked":["Distraction+1","Expertise"],"picked":"Deflect","floor":31},{"not_picked":["Grand Finale","Venomology"],"picked":"Night Terror","floor":33},{"not_picked":["Accuracy","All Out Attack"],"picked":"PiercingWail+1","floor":35},{"not_picked":["Jack Of All Trades","Master of Strategy"],"picked":"Sadistic Nature","floor":36},{"not_picked":["Cloak And Dagger","Deflect+1"],"picked":"Blur+1","floor":39},{"not_picked":["Deadly Poison","Underhanded Strike"],"picked":"Dodge and Roll+1","floor":41},{"not_picked":["Infinite Blades","Cloak And Dagger"],"picked":"Catalyst+1","floor":42},{"not_picked":["Acrobatics+1","Cloak And Dagger"],"picked":"Corpse Explosion","floor":46},{"not_picked":["Backstab","Flying Knee+1"],"picked":"Deflect","floor":48}],"player_experience":87327,"relics_obtained":[{"floor":6,"key":"Paper Crane"},{"floor":9,"key":"Snake Skull"},{"floor":19,"key":"Red Mask"},{"floor":26,"key":"Bottled Lightning"},{"floor":43,"key":"Ninja Scroll"}],"event_choices":[{"event_name":"Transmorgrifier","player_choice":"Transform","floor":2,"damage_taken":0},{"event_name":"Golden Wing","player_choice":"Card Removal","floor":3,"damage_taken":0},{"event_name":"Bonfire Elementals","player_choice":"RARE","floor":10,"damage_taken":0},{"event_name":"Match and Keep!","player_choice":"2 cards matched","floor":11,"damage_taken":0},{"event_name":"Living Wall","player_choice":"Forget","floor":13,"damage_taken":0},{"event_name":"Masked Bandits","player_choice":"Fought over 190 gold","floor":19,"damage_taken":0},{"event_name":"Forgotten Altar","player_choice":"Shed Blood","floor":22,"damage_taken":0},{"event_name":"SensoryStone","player_choice":"Memory 1","floor":36,"damage_taken":0},{"event_name":"Falling","player_choice":"Removed Skill","floor":37,"damage_taken":0},{"event_name":"The Moai Head","player_choice":"Heal","floor":45,"damage_taken":0}],"is_beta":false,"boss_relics":[{"not_picked":["Black Star","Astrolabe"],"picked":"Empty Cage"},{"not_picked":["Orrery","Pandora\u0027s Box"],"picked":"Ring of the Serpent"}],"items_purged_floors":[5,38],"is_endless":false,"potions_floor_spawned":[1,4,12,19,24,28,30,31,35,39,41,48],"ascension_level":0}