{"gold_per_floor":[18,18,193,193,118,118,143,143,192,202,53,67,85,96,96,192,192,210,85,10,10,27,54,73,73,142,142,142,142,160,250,250,348,348,362,362,58,77,0,0,0,20,20,20,20,20,35,52,52,52],"floor_reached":51,"playtime":2346,"items_purged":["Doubt","Strike_G","Defend_G","Defend_G"],"score":719,"play_id":"9b03b07d-a040-4d41-a86e-363a20e5adb9","local_time":"20180805163855","is_ascension_mode":true,"campfire_choices":[{"data":"Neutralize","floor":6,"key":"SMITH"},{"floor":8,"key":"REST"},{"floor":15,"key":"REST"},{"floor":25,"key":"REST"},{"floor":29,"key":"REST"},{"floor":32,"key":"REST"},{"data":"Backflip","floor":40,"key":"SMITH"},{"floor":44,"key":"REST"},{"data":"Deflect","floor":46,"key":"SMITH"},{"floor":49,"key":"REST"}],"neow_cost":"NO_GOLD","seed_source_timestamp":1373642513945987,"circlet_count":0,"master_deck":["Defend_G","Defend_G+1","Strike_G","Strike_G+1","Survivor+1","Neutralize+1","Crippling Poison+1","Deadly Poison","Deflect+1","Backflip+1","Poisoned Stab","Doppelganger","Quick Slash","Outmaneuver+1","Skewer+1","Unload","Caltrops+1","Writhe","Footwork+1","Slice+1","Deflect+1","Bane","Terror+1"],"relics":["Ring of the Snake","Ice Cream","Bag of Marbles","Happy Flower","Black Star","Oddly Smooth Stone","Pen Nib","Pantograph","Runic Pyramid","Lantern","Red Mask","Bird Faced Urn","War Paint","Smiling Mask"],"potions_floor_usage":[16,16,23,24,24,33,33,47,50,50],"damage_taken":[{"damage":0,"enemies":"2 Louse","floor":1,"turns":3},{"damage":31,"enemies":"3 Sentries","floor":7,"turns":12},{"damage":0,"enemies":"Jaw Worm","floor":10,"turns":3},{"damage":1,"enemies":"Small Slimes","floor":12,"turns":3},{"damage":0,"enemies":"Blue Slaver","floor":13,"turns":3},{"damage":0,"enemies":"Exordium Wildlife","floor":14,"turns":2},{"damage":3,"enemies":"The Guardian","floor":16,"turns":8},{"damage":19,"enemies":"2 Thieves","floor":18,"turns":4},{"damage":3,"enemies":"Chosen","floor":22,"turns":5},{"damage":15,"enemies":"Book of Stabbing","floor":23,"turns":6},{"damage":12,"enemies":"Slaver and Parasite","floor":24,"turns":6},{"damage":4,"enemies":"Cultist and Chosen","floor":30,"turns":6},{"damage":67,"enemies":"Collector","floor":33,"turns":8},{"damage":3,"enemies":"3 Shapes","floor":35,"turns":6},{"damage":20,"enemies":"3 Darklings","floor":38,"turns":5},{"damage":12,"floor":41,"turns":6},{"damage":28,"enemies":"Transient","floor":42,"turns":5},{"damage":3,"enemies":"Sphere and 2 Shapes","floor":47,"turns":5},{"damage":9,"enemies":"3 Darklings","floor":48,"turns":5},{"damage":45,"enemies":"Time Eater","floor":50,"turns":11}],"seed_played":"42531690368291614","potions_obtained":[{"floor":1,"key":"EssenceOfSteel"},{"floor":14,"key":"EssenceOfSteel"},{"floor":16,"key":"Strength Potion"},{"floor":22,"key":"LiquidBronze"},{"floor":23,"key":"SkillPotion"},{"floor":24,"key":"GhostInAJar"},{"floor":33,"key":"Swift Potion"},{"floor":35,"key":"GamblersBrew"},{"floor":41,"key":"Dexterity Potion"},{"floor":48,"key":"Fire Potion"}],"is_trial":false,"path_per_floor":["M","?","?","T","$","R","E","R","T","M","$","M","M","M","R","B",null,"M","$","?","$","M","E","M","R","T","?","$","R","M","?","R","B",null,"M","?","$","M","?","R","?","M","T","R","T","R","M","M","R","B"],"character_chosen":"THE_SILENT","items_purchased":["Backflip","Lantern"],"campfire_rested":7,"item_purchase_floors":[11,37],"current_hp_per_floor":[70,56,56,56,56,56,25,46,46,46,46,45,45,45,66,63,70,51,51,51,51,48,33,21,42,42,42,42,63,59,38,59,3,70,67,70,70,50,50,50,58,32,32,53,53,53,54,49,70,29],"gold":52,"neow_bonus":"REMOVE_TWO","is_prod":false,"is_daily":false,"chose_seed":false,"campfire_upgraded":3,"win_rate":0,"timestamp":1533505135,"path_taken":["M","?","?","?","?","R","E","R","T","M","$","M","M","?","R","BOSS","M","$","?","?","M","E","M","R","T","?","$","R","M","?","R","BOSS","M","?","?","M","?","R","?","M","T","R","?","R","?","M","R","BOSS"],"build_version":"2018-08-02","purchased_purges":4,"victory":true,"max_hp_per_floor":[70,70,70,70,70,70,70,70,70,70,70,70,70,70,70,70,70,70,70,70,70,70,70,70,70,70,70,70,70,70,70,70,70,70,70,70,70,70,70,70,70,70,70,70,70,70,70,70,70,70],"card_choices":[{"not_picked":["Backflip","PiercingWail"],"picked":"Crippling Poison","floor":1},{"not_picked":["Deflect","Dagger Throw"],"picked":"Deadly Poison","floor":7},{"not_picked":["Dash","PiercingWail"],"picked":"Deflect","floor":10},{"not_picked":["Sucker Punch","Cloak And Dagger","Dagger Spray"],"picked":"SKIP","floor":12},{"not_picked":["Heel Hook","Cloak And Dagger"],"picked":"Poisoned Stab","floor":13},{"not_picked":["Blade Dance","Dash","Crippling Poison"],"picked":"SKIP","floor":14},{"not_picked":["Grand Finale","Die Die Die"],"picked":"Doppelganger","floor":16},{"not_picked":["Escape Plan+1","Blur","PiercingWail"],"picked":"SKIP","floor":18},{"not_picked":["Cloak And Dagger","Dodge and Roll"],"picked":"Quick Slash","floor":22},{"not_picked":["Die Die Die","Dagger Spray"],"picked":"Outmaneuver+1","floor":23},{"not_picked":["Terror","Dodge and Roll"],"picked":"Skewer+1","floor":24},{"not_picked":["Dodge and Roll","Sucker Punch+1","Backstab"],"picked":"SKIP","floor":30},{"not_picked":["Doppelganger","Wraith Form v2"],"picked":"Unload","floor":33},{"not_picked":["Distraction+1","Poisoned Stab"],"picked":"Caltrops+1","floor":35},{"not_picked":["Cloak And Dagger+1","Blade Dance"],"picked":"Footwork+1","floor":38},{"not_picked":["PiercingWail+1","Dodge and Roll"],"picked":"Slice+1","floor":41},{"not_picked":["Setup+1","Poisoned Stab+1"],"picked":"Deflect+1","floor":42},{"not_picked":["Blade Dance+1","Slice"],"picked":"Bane","floor":47},{"not_picked":["Accuracy+1","Infinite Blades"],"picked":"Terror+1","floor":48}],"player_experience":121257,"relics_obtained":[{"floor":4,"key":"Ice Cream"},{"floor":7,"key":"Bag of Marbles"},{"floor":9,"key":"Happy Flower"},{"floor":23,"key":"Oddly Smooth Stone"},{"floor":23,"key":"Pen Nib"},{"floor":26,"key":"Pantograph"},{"floor":41,"key":"Bird Faced Urn"},{"floor":43,"key":"War Paint"},{"floor":45,"key":"Smiling Mask"}],"event_choices":[{"event_name":"Shining Light","player_choice":"Entered Light","floor":2,"damage_taken":0},{"event_name":"Liars Game","player_choice":"agreed","floor":3,"damage_taken":0},{"event_name":"Beggar","player_choice":"Gave Gold","floor":20,"damage_taken":0},{"event_name":"Vampires","player_choice":"Ignored","floor":27,"damage_taken":0},{"event_name":"Knowing Skull","player_choice":"POTION GOLD ","floor":31,"damage_taken":0},{"event_name":"Winding Halls","player_choice":"Writhe","floor":36,"damage_taken":0},{"event_name":"Tomb of Lord Red Mask","player_choice":"Paid","floor":39,"damage_taken":0},{"event_name":"MindBloom","player_choice":"Fight","floor":41,"damage_taken":0}],"is_beta":false,"boss_relics":[{"not_picked":["Ectoplasm","Eternal Feather"],"picked":"Black Star"},{"not_picked":["Velvet Choker","Cursed Key"],"picked":"Runic Pyramid"}],"items_purged_floors":[5,11,19,37],"is_endless":false,"potions_floor_spawned":[1,14,16,22,23,24,33,35,41,48],"ascension_level":1}