{"gold_per_floor":[16,191,191,191,141,141,152,152,152,170,170,186,214,249,249,348,348,366,110,124,24,24,24,43,43,43,43,63,63,79,90,90,187,187,197,215,90,90,102,102,127,127,153,153,153,168,168,196,196,196],"floor_reached":51,"playtime":1541,"items_purged":["Strike_G","Defend_G","Strike_G"],"score":931,"play_id":"00a26b6f-bddc-4837-a651-9a28a4551988","local_time":"20180809192910","is_ascension_mode":true,"campfire_choices":[{"floor":6.0,"key":"REST"},{"data":"Deadly Poison","floor":8.0,"key":"SMITH"},{"data":"Dash","floor":11.0,"key":"SMITH"},{"floor":15.0,"key":"REST"},{"floor":23.0,"key":"REST"},{"data":"Catalyst","floor":25,"key":"SMITH"},{"data":"Catalyst","floor":27,"key":"SMITH"},{"data":"Deadly Poison","floor":32,"key":"SMITH"},{"data":"Catalyst","floor":40,"key":"SMITH"},{"data":"Adrenaline","floor":42,"key":"SMITH"},{"data":"Deadly Poison","floor":45,"key":"SMITH"},{"data":"Adrenaline","floor":47,"key":"SMITH"},{"data":"Strike_G","floor":49,"key":"PURGE"}],"neow_cost":"NO_GOLD","seed_source_timestamp":0,"circlet_count":0,"master_deck":["Defend_G","Defend_G+1","Survivor","Neutralize","Deadly Poison+1","Deadly Poison+1","Dash+1","Catalyst+1","Deadly Poison+1","Corpse Explosion","Deadly Poison+1","Catalyst+1","Adrenaline+1","Catalyst+1","Adrenaline+1","Caltrops+1"],"special_seed":0,"relics":["Ring of the Snake","Du-Vu Doll","Odd Mushroom","Gambling Chip","Runic Pyramid","Dream Catcher","Bottled Flame","Philosopher\u0027s Stone","Calipers","Anchor","Unceasing Top","Peace Pipe"],"potions_floor_usage":[35,48,48,50],"damage_taken":[{"damage":0.0,"enemies":"2 Louse","floor":1.0,"turns":3.0},{"damage":7.0,"enemies":"Jaw Worm","floor":7.0,"turns":4.0},{"damage":2.0,"enemies":"Small Slimes","floor":10.0,"turns":3.0},{"damage":1.0,"enemies":"Blue Slaver","floor":12.0,"turns":3.0},{"damage":3.0,"floor":13.0,"turns":4.0},{"damage":15.0,"enemies":"Lagavulin","floor":14.0,"turns":5.0},{"damage":56.0,"enemies":"Slime Boss","floor":16.0,"turns":9.0},{"damage":8.0,"enemies":"Chosen","floor":18.0,"turns":3.0},{"damage":19.0,"enemies":"2 Thieves","floor":20.0,"turns":2.0},{"damage":0.0,"enemies":"Snake Plant","floor":24.0,"turns":2.0},{"damage":2,"enemies":"Snecko","floor":28,"turns":3},{"damage":0,"enemies":"Slaver and Parasite","floor":30,"turns":1},{"damage":3,"enemies":"Snake Plant","floor":31,"turns":3},{"damage":19,"enemies":"Collector","floor":33,"turns":3},{"damage":14,"enemies":"3 Darklings","floor":35,"turns":2},{"damage":5,"enemies":"Orb Walker","floor":36,"turns":2},{"damage":0,"enemies":"Transient","floor":39,"turns":4},{"damage":0,"enemies":"Giant Head","floor":41,"turns":1},{"damage":0,"floor":44,"turns":3},{"damage":0,"enemies":"Maw","floor":46,"turns":2},{"damage":0,"enemies":"Nemesis","floor":48,"turns":1},{"damage":0,"enemies":"Time Eater","floor":50,"turns":1}],"seed_played":"-7090832323500667823","potions_obtained":[{"floor":1.0,"key":"Block Potion"},{"floor":10.0,"key":"Fruit Juice"},{"floor":12.0,"key":"AttackPotion"},{"floor":20.0,"key":"GamblersBrew"},{"floor":24.0,"key":"Weak Potion"},{"floor":31,"key":"SteroidPotion"},{"floor":35,"key":"GhostInAJar"},{"floor":39,"key":"Regen Potion"},{"floor":48,"key":"SkillPotion"}],"is_trial":false,"path_per_floor":["M","?","?","?","?","R","M","R","T","M","R","M","?","E","R","B",null,"M","$","M","$","?","R","M","R","T","R","M","$","M","M","R","B",null,"M","M","$","?","M","R","E","R","T","?","R","M","R","E","R","B"],"character_chosen":"THE_SILENT","items_purchased":["Dream Catcher","Deadly Poison"],"campfire_rested":3,"item_purchase_floors":[19,19],"current_hp_per_floor":[70,70,63,49,49,70,63,63,63,61,61,60,57,47,69,13,75,67,67,48,48,48,70,70,70,70,70,68,68,68,65,65,46,75,61,56,56,56,56,56,56,56,56,56,56,56,56,61,61,61],"gold":196,"neow_bonus":"REMOVE_TWO","is_prod":false,"is_daily":false,"chose_seed":false,"campfire_upgraded":9,"win_rate":0,"timestamp":1533860950,"path_taken":["M","?","?","?","?","R","M","R","T","M","R","M","?","E","R","BOSS","M","$","M","$","?","R","M","R","T","R","M","$","M","M","R","BOSS","M","M","$","?","M","R","E","R","T","?","R","M","R","E","R","BOSS"],"build_version":"2018-08-09","purchased_purges":3,"victory":true,"max_hp_per_floor":[70,70,70,70,70,70,70,70,70,70,70,70,70,75,75,75,75,75,75,75,75,75,75,75,75,75,75,75,75,75,75,75,75,75,75,75,75,75,75,75,75,75,75,75,75,75,75,75,75,75],"card_choices":[{"not_picked":["Calculated Gamble","Heel Hook"],"picked":"Deadly Poison","floor":1.0},{"not_picked":["Finisher","Leg Sweep"],"picked":"Deadly Poison","floor":7.0},{"not_picked":["Backstab","Outmaneuver"],"picked":"Dash","floor":10.0},{"not_picked":["Accuracy","Dagger Spray"],"picked":"Catalyst","floor":12.0},{"not_picked":["Dash","Cloak And Dagger"],"picked":"Deadly Poison","floor":13.0},{"not_picked":["Underhanded Strike","Reflex","Dagger Throw"],"picked":"SKIP","floor":14.0},{"not_picked":["Night Terror","Wraith Form v2"],"picked":"Corpse Explosion","floor":16.0},{"not_picked":["Flying Knee","Leg Sweep"],"picked":"Bane+1","floor":18.0},{"not_picked":["Poisoned Stab","Underhanded Strike+1"],"picked":"Catalyst","floor":20.0},{"not_picked":["Slice","Expertise+1","Cloak And Dagger+1"],"picked":"SKIP","floor":24.0},{"not_picked":["Masterful Stab+1","Backflip","Flechettes"],"picked":"SKIP","floor":28},{"not_picked":["Blur","Dagger Spray","Predator"],"picked":"SKIP","floor":30},{"not_picked":["Outmaneuver","Dagger Throw+1","Well Laid Plans+1"],"picked":"SKIP","floor":31},{"not_picked":["Phantasmal Killer","Corpse Explosion"],"picked":"Adrenaline","floor":33},{"not_picked":["Deflect+1","Choke+1"],"picked":"Catalyst","floor":35},{"not_picked":["Dodge and Roll+1","Slice+1","Blur+1"],"picked":"SKIP","floor":36},{"not_picked":["Expertise","Flying Knee+1"],"picked":"Adrenaline","floor":39},{"not_picked":["Cloak And Dagger+1","Setup"],"picked":"Caltrops+1","floor":41},{"not_picked":["Reflex","Sucker Punch","Cloak And Dagger"],"picked":"SKIP","floor":46},{"not_picked":["Terror","Acrobatics","Blade Dance"],"picked":"SKIP","floor":48}],"player_experience":132009,"relics_obtained":[{"floor":9.0,"key":"Du-Vu Doll"},{"floor":13.0,"key":"Odd Mushroom"},{"floor":14.0,"key":"Gambling Chip"},{"floor":26,"key":"Bottled Flame"},{"floor":41,"key":"Calipers"},{"floor":43,"key":"Anchor"},{"floor":44,"key":"Unceasing Top"},{"floor":48,"key":"Peace Pipe"}],"event_choices":[{"event_name":"Liars Game","player_choice":"agreed","floor":2.0,"damage_taken":0.0},{"event_name":"Golden Wing","player_choice":"Card Removal","floor":3.0,"damage_taken":0.0},{"event_name":"Shining Light","player_choice":"Entered Light","floor":4.0,"damage_taken":0.0},{"event_name":"The Cleric","player_choice":"Card Removal","floor":5.0,"damage_taken":0.0},{"event_name":"Mushrooms","player_choice":"Fought Mushrooms","floor":13.0,"damage_taken":0.0},{"event_name":"Fountain of Cleansing","player_choice":"Removed Curse","floor":22.0,"damage_taken":0.0},{"event_name":"Falling","player_choice":"Removed Attack","floor":38,"damage_taken":0},{"event_name":"MindBloom","player_choice":"Fight","floor":44,"damage_taken":0}],"is_beta":false,"boss_relics":[{"not_picked":["Cursed Key","Lizard Tail"],"picked":"Runic Pyramid"},{"not_picked":["Coffee Dripper","Ring of the Serpent"],"picked":"Philosopher\u0027s Stone"}],"items_purged_floors":[19,21,37],"is_endless":false,"potions_floor_spawned":[1,10,12,13,20,24,31,33,35,39,48],"ascension_level":2}