{"gold_per_floor":[119,119,44,60,60,60,60,60,86,119,39,39,83,102,102,233,233,258,258,258,32,48,48,64,64,64,88,88],"floor_reached":28,"playtime":1018,"items_purged":["Defend_G","Strike_G","Finisher"],"score":271,"play_id":"5fbfb795-ac44-48a2-8e28-97874ac00291","local_time":"20180807210815","is_ascension_mode":true,"campfire_choices":[{"floor":6,"key":"REST"},{"data":"Poisoned Stab","floor":8,"key":"SMITH"},{"data":"Backflip","floor":15,"key":"SMITH"},{"floor":23,"key":"REST"},{"data":"Caltrops","floor":25,"key":"SMITH"}],"neow_cost":"FIFTY_PERCENT_DAMAGE","seed_source_timestamp":1563941704235236,"circlet_count":0,"master_deck":["Survivor","Neutralize","Poisoned Stab+1","Parasite","Backflip+1","Injury","Deadly Poison","Envenom","Footwork","Caltrops+1","Deadly Poison","Predator","Dagger Throw","Backflip","Deflect","Poisoned Stab+1"],"relics":["Ring of the Snake","Orichalcum","The Courier","Golden Idol","Omamori","Pandora\u0027s Box","Necronomicon","Strawberry","Unceasing Top"],"potions_floor_usage":[10,10,13,24,27],"damage_taken":[{"damage":4,"enemies":"2 Louse","floor":1,"turns":3},{"damage":2,"enemies":"Cultist","floor":4,"turns":4},{"damage":3,"enemies":"Gremlin Nob","floor":10,"turns":5},{"damage":10,"enemies":"3 Sentries","floor":13,"turns":11},{"damage":2,"enemies":"Jaw Worm","floor":14,"turns":3},{"damage":53,"enemies":"Hexaghost","floor":16,"turns":10},{"damage":17,"enemies":"Spheric Guardian","floor":18,"turns":5},{"damage":15,"enemies":"3 Byrds","floor":22,"turns":3},{"damage":5,"enemies":"Centurion and Healer","floor":24,"turns":7},{"damage":41,"enemies":"Slaver and Parasite","floor":27,"turns":7},{"damage":24,"enemies":"Cultist and Chosen","floor":28,"turns":4}],"seed_played":"1624027071748719286","potions_obtained":[{"floor":1,"key":"EssenceOfSteel"},{"floor":4,"key":"Weak Potion"},{"floor":10,"key":"Strength Potion"},{"floor":22,"key":"SkillPotion"},{"floor":24,"key":"Explosive Potion"}],"is_trial":false,"path_per_floor":["M","?","$","M","$","R","?","R","T","E","$","?","E","M","R","B",null,"M","?","?","$","M","R","M","R","T","M"],"character_chosen":"THE_SILENT","items_purchased":["Strawberry"],"campfire_rested":2,"item_purchase_floors":[21],"current_hp_per_floor":[38,38,38,36,36,61,82,82,82,79,79,79,69,67,67,14,84,67,67,51,58,43,70,65,65,65,24,0],"gold":88,"neow_bonus":"TWENTY_PERCENT_HP_BONUS","is_prod":false,"is_daily":false,"chose_seed":false,"campfire_upgraded":3,"win_rate":0,"timestamp":1533694095,"path_taken":["M","?","$","M","$","R","?","R","T","E","$","?","E","?","R","BOSS","M","?","?","$","M","R","M","R","T","?","M"],"build_version":"2018-08-02","purchased_purges":3,"victory":false,"max_hp_per_floor":[84,84,84,84,84,84,84,84,84,84,84,84,84,84,84,84,84,84,84,84,91,91,91,91,91,91,91,91],"card_choices":[{"not_picked":["Accuracy","Dagger Spray","Setup"],"picked":"SKIP","floor":1},{"not_picked":["Terror","PiercingWail"],"picked":"Poisoned Stab","floor":4},{"not_picked":["Quick Slash","Underhanded Strike"],"picked":"Backflip","floor":10},{"not_picked":["Backflip","Slice"],"picked":"Deadly Poison","floor":13},{"not_picked":["Predator","Tactician","Deflect"],"picked":"SKIP","floor":14},{"not_picked":["Doppelganger","Adrenaline"],"picked":"Envenom","floor":16},{"not_picked":["Well Laid Plans","Backflip"],"picked":"Deflect","floor":18},{"not_picked":["Slice","Cloak And Dagger"],"picked":"Poisoned Stab+1","floor":22},{"not_picked":["Poisoned Stab","Well Laid Plans+1","All Out Attack"],"picked":"SKIP","floor":24},{"not_picked":["Blur","Dodge and Roll","Tactician"],"picked":"SKIP","floor":27}],"player_experience":125533,"relics_obtained":[{"floor":9,"key":"Orichalcum"},{"floor":10,"key":"The Courier"},{"floor":13,"key":"Omamori"},{"floor":20,"key":"Necronomicon"},{"floor":26,"key":"Unceasing Top"}],"event_choices":[{"event_name":"Bonfire Elementals","player_choice":"BASIC","floor":2,"damage_taken":0},{"event_name":"Mushrooms","player_choice":"Healed and dodged fight","floor":7,"damage_taken":0},{"event_name":"Golden Idol","player_choice":"Take Wound","floor":12,"damage_taken":0},{"event_name":"Drug Dealer","player_choice":"Ignored","floor":19,"damage_taken":0},{"event_name":"Cursed Tome","player_choice":"Obtained Book","floor":20,"damage_taken":0}],"is_beta":false,"boss_relics":[{"not_picked":["HoveringKite","Orrery"],"picked":"Pandora\u0027s Box"}],"items_purged_floors":[3,11,21],"is_endless":false,"potions_floor_spawned":[1,4,10,22,24],"killed_by":"Cultist and Chosen","ascension_level":2}