{"gold_per_floor":[115,95,105,30,45,45,77,89,112,112,124,124,182,194,206,297,309,338,378,390,412,153,153,183,183,254,254,272,119,119,119,119,191,241,259,278,297,307,157,157,187,199,226,244,279,279,298,313,313,313,313],"floor_reached":52,"playtime":3531,"items_purged":["Writhe","Perfected Strike+1","Strike_R","Strike_R"],"score":1939,"play_id":"cdd3bf69-25e8-4d4c-a85d-534f3a5dc9aa","local_time":"20190616073014","is_ascension_mode":true,"campfire_choices":[{"data":"Corruption","floor":6.0,"key":"SMITH"},{"data":"Uppercut","floor":10.0,"key":"SMITH"},{"data":"Clothesline","floor":15.0,"key":"SMITH"},{"floor":23.0,"key":"REST"},{"floor":25,"key":"REST"},{"floor":30,"key":"REST"},{"data":"Body Slam","floor":32,"key":"SMITH"},{"floor":40,"key":"REST"},{"floor":46,"key":"REST"},{"floor":49,"key":"REST"}],"neow_cost":"CURSE","seed_source_timestamp":269664550737020,"circlet_count":0,"master_deck":["AscendersBane","Defend_R","Defend_R","Defend_R","Defend_R","Bash+1","Corruption+1","Clothesline+1","Uppercut+1","Entrench","Pummel","Carnage","Sentinel","Exhume","Entrench+1","Rage+1","Havoc+1","Sentinel","RitualDagger","Whirlwind+1","Fiend Fire","Exhume+1","Body Slam+1","Body Slam","Reaper","Flame Barrier","Offering","Shockwave+1"],"special_seed":0,"relics":["Burning Blood","Dead Branch","Blood Vial","Art of War","MawBank","Astrolabe","Red Mask","Strawberry","WingedGreaves","Self Forming Clay","Tiny House","Pocketwatch","Dream Catcher","Gambling Chip"],"potions_floor_usage":[24,24,28,28,42,50],"damage_taken":[{"damage":1.0,"enemies":"Small Slimes","floor":1.0,"turns":4.0},{"damage":0.0,"enemies":"Cultist","floor":3.0,"turns":3.0},{"damage":9.0,"enemies":"2 Louse","floor":5.0,"turns":4.0},{"damage":7.0,"enemies":"Lagavulin","floor":7.0,"turns":6.0},{"damage":10.0,"enemies":"Exordium Thugs","floor":8.0,"turns":4.0},{"damage":8.0,"enemies":"Large Slime","floor":11.0,"turns":4.0},{"damage":21.0,"enemies":"Lagavulin Event","floor":13.0,"turns":6.0},{"damage":21.0,"enemies":"Hexaghost","floor":16.0,"turns":8.0},{"damage":29.0,"enemies":"3 Byrds","floor":18.0,"turns":5.0},{"damage":7.0,"enemies":"Masked Bandits","floor":19.0,"turns":3.0},{"damage":17.0,"enemies":"2 Thieves","floor":21.0,"turns":4.0},{"damage":61,"enemies":"Slavers","floor":24,"turns":6},{"damage":3,"enemies":"Snake Plant","floor":28,"turns":3},{"damage":50,"enemies":"Collector","floor":33,"turns":5},{"damage":18,"enemies":"3 Shapes","floor":35,"turns":7},{"damage":8,"enemies":"Orb Walker","floor":36,"turns":4},{"damage":29,"enemies":"Maw","floor":37,"turns":7},{"damage":17,"enemies":"4 Shapes","floor":38,"turns":5},{"damage":16,"enemies":"Nemesis","floor":41,"turns":5},{"damage":6,"enemies":"Transient","floor":42,"turns":6},{"damage":29,"enemies":"Jaw Worm Horde","floor":44,"turns":3},{"damage":60,"enemies":"Reptomancer","floor":45,"turns":5},{"damage":10,"enemies":"Writhing Mass","floor":47,"turns":3},{"damage":23,"enemies":"Spire Growth","floor":48,"turns":3},{"damage":36,"enemies":"Donu and Deca","floor":50,"turns":4},{"damage":84,"enemies":"Awakened One","floor":51,"turns":8}],"seed_played":"3809397437926235925","potions_obtained":[{"floor":1.0,"key":"AttackPotion"},{"floor":2.0,"key":"Explosive Potion"},{"floor":7.0,"key":"Ancient Potion"},{"floor":11.0,"key":"Dexterity Potion"},{"floor":16.0,"key":"SkillPotion"},{"floor":19.0,"key":"Fire Potion"},{"floor":24,"key":"EntropicBrew"},{"floor":33,"key":"Ancient Potion"},{"floor":38,"key":"FairyPotion"},{"floor":41,"key":"BloodPotion"},{"floor":44,"key":"Ancient Potion"}],"is_trial":false,"path_per_floor":["M","?","M","$","M","R","E","M","T","R","M","$","?","?","R","B",null,"M","?","?","M","$","R","E","R","T","?","M","$","R","?","R","B",null,"M","M","M","M","$","R","E","M","T","M","E","R","M","M","R","B","B",null],"character_chosen":"IRONCLAD","items_purchased":["Strawberry","Body Slam"],"campfire_rested":6,"item_purchase_floors":[22,29],"current_hp_per_floor":[73,73,75,75,72,72,71,69,69,69,69,69,56,56,56,43,67,46,47,41,32,39,63,10,34,34,34,39,39,63,63,63,21,72,62,66,53,44,44,70,69,85,85,71,19,45,43,28,54,60,27],"gold":313,"neow_bonus":"ONE_RARE_RELIC","is_prod":false,"is_daily":false,"chose_seed":false,"campfire_upgraded":4,"win_rate":0,"timestamp":1560641414,"path_taken":["M","?","M","$","M","R","E","M","T","R","?","$","?","?","R","BOSS","M","?","?","M","$","R","E","R","T","?","?","$","R","?","R","BOSS","M","?","?","?","?","R","E","M","T","M","E","R","M","M","R","BOSS","BOSS"],"build_version":"2019-01-23","purchased_purges":4,"victory":true,"max_hp_per_floor":[75,75,75,75,75,75,75,75,75,75,75,75,75,75,75,75,75,75,75,75,75,82,82,82,82,82,82,82,82,82,82,82,82,87,87,87,87,87,87,87,87,87,87,87,87,87,87,87,87,87,87],"card_choices":[{"not_picked":["Seeing Red","Havoc"],"picked":"Corruption","floor":1.0},{"not_picked":["Sword Boomerang","Flex"],"picked":"Clothesline","floor":3.0},{"not_picked":["Anger","Battle Trance"],"picked":"Uppercut","floor":5.0},{"not_picked":["Battle Trance","Sword Boomerang"],"picked":"Entrench","floor":7.0},{"not_picked":["Flex","Carnage"],"picked":"Pummel","floor":8.0},{"not_picked":["Twin Strike","Cleave"],"picked":"Carnage","floor":11.0},{"not_picked":["Shrug It Off","Reckless Charge"],"picked":"Sentinel","floor":13.0},{"not_picked":["Barricade","Juggernaut"],"picked":"Exhume","floor":16.0},{"not_picked":["Flex+1","Heavy Blade"],"picked":"Havoc+1","floor":18.0},{"not_picked":["Pommel Strike","Warcry+1"],"picked":"Sentinel","floor":19.0},{"not_picked":["Cleave+1","Clash"],"picked":"Whirlwind","floor":21.0},{"not_picked":["Perfected Strike","Cleave"],"picked":"Fiend Fire","floor":24},{"not_picked":["Cleave","True Grit"],"picked":"Body Slam","floor":28},{"not_picked":["Fiend Fire","Exhume"],"picked":"Reaper","floor":33},{"not_picked":["Twin Strike","Perfected Strike"],"picked":"Flame Barrier","floor":34},{"not_picked":["Clothesline+1","Headbutt","Corruption"],"picked":"SKIP","floor":35},{"not_picked":["Thunderclap","Iron Wave","Rage"],"picked":"SKIP","floor":36},{"not_picked":["Armaments","Perfected Strike+1"],"picked":"Offering","floor":37},{"not_picked":["Entrench+1","Headbutt"],"picked":"Shockwave+1","floor":38},{"not_picked":["Flex","Fire Breathing","Sword Boomerang+1"],"picked":"SKIP","floor":41},{"not_picked":["Whirlwind","True Grit+1","Fire Breathing+1"],"picked":"SKIP","floor":42},{"not_picked":["Iron Wave+1","True Grit","Clash"],"picked":"SKIP","floor":44},{"not_picked":["Pummel","Searing Blow","Wild Strike"],"picked":"SKIP","floor":45},{"not_picked":["Feed","Body Slam","Anger"],"picked":"SKIP","floor":47},{"not_picked":["Reckless Charge+1","Body Slam","Sword Boomerang"],"picked":"SKIP","floor":48}],"player_experience":701020,"relics_obtained":[{"floor":7.0,"key":"Blood Vial"},{"floor":9.0,"key":"Art of War"},{"floor":13.0,"key":"MawBank"},{"floor":19.0,"key":"Red Mask"},{"floor":24,"key":"WingedGreaves"},{"floor":26,"key":"Self Forming Clay"},{"floor":41,"key":"Pocketwatch"},{"floor":43,"key":"Dream Catcher"},{"floor":45,"key":"Gambling Chip"}],"event_choices":[{"damage_healed":0.0,"max_hp_gain":0.0,"max_hp_loss":0.0,"gold_gain":0.0,"event_name":"The Woman in Blue","player_choice":"Bought 1 Potion","floor":2.0,"gold_loss":0.0,"damage_taken":0.0},{"damage_healed":0.0,"max_hp_gain":0.0,"max_hp_loss":0.0,"gold_gain":0.0,"event_name":"Dead Adventurer","player_choice":"Searched \u00271\u0027 times","floor":13.0,"gold_loss":0.0,"damage_taken":0.0},{"damage_healed":0.0,"max_hp_gain":0.0,"max_hp_loss":0.0,"gold_gain":0.0,"event_name":"Accursed Blacksmith","player_choice":"Forge","floor":14.0,"gold_loss":0.0,"damage_taken":0.0,"cards_upgraded":["Bash"]},{"damage_healed":0.0,"max_hp_gain":0.0,"max_hp_loss":0.0,"gold_gain":0.0,"event_name":"Masked Bandits","player_choice":"Fought Bandits","floor":19.0,"gold_loss":0.0,"damage_taken":0.0},{"damage_healed":0.0,"max_hp_gain":0.0,"max_hp_loss":0.0,"gold_gain":0.0,"event_name":"Nest","player_choice":"Joined the Cult","floor":20.0,"gold_loss":0.0,"damage_taken":6.0,"cards_obtained":["RitualDagger"]},{"damage_healed":0,"gold_gain":0,"player_choice":"Copied","damage_taken":0,"max_hp_gain":0,"max_hp_loss":0,"event_name":"Duplicator","floor":27,"gold_loss":0,"cards_obtained":["Exhume"]},{"damage_healed":0,"gold_gain":0,"player_choice":"Upgraded","damage_taken":0,"max_hp_gain":0,"max_hp_loss":0,"event_name":"Upgrade Shrine","floor":31,"gold_loss":0,"cards_upgraded":["Whirlwind"]}],"is_beta":false,"boss_relics":[{"not_picked":["Runic Cube","Coffee Dripper"],"picked":"Astrolabe"},{"not_picked":["Orrery","Runic Dome"],"picked":"Tiny House"}],"items_purged_floors":[4,22,29,39],"is_endless":false,"potions_floor_spawned":[1,7,11,16,18,19,24,33,35,38,41,44],"ascension_level":20}