{"gold_per_floor":[19,30,50,50,50,50,66,90,90,90,128,141,180,180,180,301,364,380,400,10,24,24,24,60,60,87,102,102,127,127,27,27,155,155,168,182,182,0,0],"floor_reached":39,"playtime":1391,"items_purged":["Strike_G","Defend_G"],"score":473,"play_id":"aac06d4c-3927-46f0-8a3a-519854c53bd9","local_time":"20180812081834","is_ascension_mode":true,"campfire_choices":[{"data":"Crippling Poison","floor":6,"key":"SMITH"},{"floor":10,"key":"REST"},{"floor":15,"key":"REST"},{"data":"Bouncing Flask","floor":23,"key":"SMITH"},{"floor":25,"key":"REST"},{"data":"Corpse Explosion","floor":28,"key":"SMITH"},{"floor":30,"key":"REST"},{"data":"Noxious Fumes","floor":32,"key":"SMITH"}],"neow_cost":"NO_GOLD","seed_source_timestamp":1949385378497477,"circlet_count":0,"master_deck":["Defend_G","Defend_G","Defend_G","Strike_G","Strike_G","Strike_G","Survivor","Neutralize","Bane+1","Bane","Crippling Poison+1","Injury","Doppelganger","Poisoned Stab","Deflect","Deflect","A Thousand Cuts","Deadly Poison","Flying Knee","Bouncing Flask+1","Noxious Fumes+1","Backflip+1","Corpse Explosion+1","Night Terror","Deadly Poison","Writhe"],"relics":["Ring of the Snake","Golden Idol","Letter Opener","Matryoshka","Paper Crane","Meat on the Bone","Tiny House","Bottled Lightning","Snake Skull","Art of War","Potion Belt","Eternal Feather","Red Mask"],"potions_floor_usage":[11,13,18,21,33,33,36,39,39],"damage_taken":[{"damage":7,"enemies":"Small Slimes","floor":1,"turns":5},{"damage":1,"enemies":"2 Louse","floor":2,"turns":3},{"damage":0,"enemies":"Cultist","floor":3,"turns":3},{"damage":1,"enemies":"Looter","floor":7,"turns":3},{"damage":4,"enemies":"Large Slime","floor":8,"turns":7},{"damage":8,"enemies":"Lagavulin","floor":11,"turns":8},{"damage":8,"enemies":"3 Louse","floor":12,"turns":2},{"damage":15,"enemies":"3 Sentries","floor":13,"turns":8},{"damage":25,"enemies":"The Guardian","floor":16,"turns":12},{"damage":38,"enemies":"Shell Parasite","floor":18,"turns":6},{"damage":3,"enemies":"3 Byrds","floor":19,"turns":4},{"damage":24,"enemies":"Snecko","floor":21,"turns":5},{"damage":22,"enemies":"Gremlin Leader","floor":24,"turns":6},{"damage":5,"enemies":"3 Cultists","floor":27,"turns":4},{"damage":18,"enemies":"Centurion and Healer","floor":29,"turns":4},{"damage":32,"enemies":"Collector","floor":33,"turns":7},{"damage":23,"enemies":"3 Shapes","floor":35,"turns":3},{"damage":5,"enemies":"Flame Bruiser 1 Orb","floor":36,"turns":5},{"damage":67,"enemies":"Spire Growth","floor":39,"turns":4}],"seed_played":"-5364320756416169937","potions_obtained":[{"floor":1,"key":"PowerPotion"},{"floor":2,"key":"GhostInAJar"},{"floor":3,"key":"GamblersBrew"},{"floor":16,"key":"Ancient Potion"},{"floor":17,"key":"PowerPotion"},{"floor":18,"key":"Energy Potion"},{"floor":29,"key":"LiquidBronze"},{"floor":33,"key":"AttackPotion"},{"floor":36,"key":"Swift Potion"}],"is_trial":false,"path_per_floor":["M","M","M","$","?","R","M","M","T","R","E","M","E","?","R","B",null,"M","M","$","M","?","R","E","R","T","M","R","M","R","$","R","B",null,"M","M","?","?"],"character_chosen":"THE_SILENT","items_purchased":["Noxious Fumes","Bottled Lightning"],"campfire_rested":4,"item_purchase_floors":[20,20],"current_hp_per_floor":[63,62,62,62,62,62,61,57,57,70,62,54,39,36,57,44,75,49,46,46,34,59,59,49,71,71,66,66,48,70,70,70,38,75,52,47,66,66,0],"gold":0,"neow_bonus":"REMOVE_TWO","is_prod":false,"is_daily":false,"chose_seed":false,"campfire_upgraded":4,"win_rate":0,"timestamp":1534079914,"path_taken":["M","M","M","$","?","R","M","M","T","R","E","M","E","?","R","BOSS","M","M","$","M","?","R","E","R","T","M","R","M","R","$","R","BOSS","M","M","?","?","M"],"build_version":"2018-08-09","purchased_purges":2,"victory":false,"max_hp_per_floor":[70,70,70,70,70,70,70,70,70,70,70,70,70,70,70,70,75,75,75,75,75,75,75,75,75,75,75,75,75,75,75,75,75,75,75,75,75,75,75],"card_choices":[{"not_picked":["Leg Sweep","Setup"],"picked":"Bane","floor":1},{"not_picked":["Sucker Punch","Dagger Throw"],"picked":"Bane","floor":2},{"not_picked":["Acrobatics","Slice"],"picked":"Crippling Poison","floor":3},{"not_picked":["Finisher","Predator","Dagger Throw"],"picked":"SKIP","floor":7},{"not_picked":["Predator","Quick Slash"],"picked":"Doppelganger","floor":8},{"not_picked":["Predator","Infinite Blades"],"picked":"Poisoned Stab","floor":11},{"not_picked":["Well Laid Plans","Dodge and Roll"],"picked":"Deflect","floor":12},{"not_picked":["Crippling Poison","Prepared"],"picked":"Deflect","floor":13},{"not_picked":["Tools of the Trade","Doppelganger"],"picked":"A Thousand Cuts","floor":16},{"not_picked":["Prepared","Bane"],"picked":"Deadly Poison","floor":17},{"not_picked":["Calculated Gamble","Sucker Punch"],"picked":"Flying Knee","floor":18},{"not_picked":["Slice+1","PiercingWail"],"picked":"Bouncing Flask","floor":19},{"not_picked":["Deadly Poison","Underhanded Strike"],"picked":"Backflip+1","floor":21},{"not_picked":["Choke","Flying Knee","Dodge and Roll"],"picked":"SKIP","floor":24},{"not_picked":["Deadly Poison","Concentrate"],"picked":"Corpse Explosion","floor":27},{"not_picked":["Blade Dance","Leg Sweep","Well Laid Plans"],"picked":"SKIP","floor":29},{"not_picked":["Malaise","Storm of Steel"],"picked":"Night Terror","floor":33},{"not_picked":["Crippling Poison+1","Slice"],"picked":"Deadly Poison","floor":35},{"not_picked":["Leg Sweep","Blade Dance+1","Slice"],"picked":"SKIP","floor":36}],"player_experience":138158,"relics_obtained":[{"floor":9,"key":"Letter Opener"},{"floor":11,"key":"Matryoshka"},{"floor":13,"key":"Paper Crane"},{"floor":24,"key":"Snake Skull"},{"floor":26,"key":"Art of War"},{"floor":26,"key":"Potion Belt"}],"event_choices":[{"event_name":"Golden Idol","player_choice":"Take Wound","floor":5,"damage_taken":0},{"event_name":"Scrap Ooze","player_choice":"success","floor":14,"damage_taken":3},{"event_name":"The Library","player_choice":"Heal","floor":22,"damage_taken":0},{"event_name":"Winding Halls","player_choice":"Writhe","floor":37,"damage_taken":0},{"event_name":"Tomb of Lord Red Mask","player_choice":"Paid","floor":38,"damage_taken":0}],"is_beta":false,"boss_relics":[{"not_picked":["Calling Bell","Fusion Hammer"],"picked":"Tiny House"},{"not_picked":["Coffee Dripper","WristBlade"],"picked":"Eternal Feather"}],"items_purged_floors":[20,31],"is_endless":false,"potions_floor_spawned":[1,2,3,8,16,18,29,33,36],"killed_by":"Spire Growth","ascension_level":3}