{"gold_per_floor":[114,114,39,39,56,84,84,114,166,180,2,2,32,32,32,163,163,187,187,205,218,251,251,265,280,307,334,346,457,469,481,493,636,648,675,687,194,212,236,236,260,260],"floor_reached":42,"playtime":1620,"items_purged":["Strike_G","Defend_G","Defend_G"],"score":507,"play_id":"c4f4a4b3-92e2-4b9c-b408-a02d0e4b427f","local_time":"20190613211449","is_ascension_mode":true,"campfire_choices":[{"data":"Poisoned Stab","floor":7.0,"key":"SMITH"},{"data":"Bouncing Flask","floor":12.0,"key":"SMITH"},{"floor":15.0,"key":"REST"},{"floor":23.0,"key":"REST"},{"floor":28.0,"key":"REST"},{"floor":30.0,"key":"REST"},{"floor":32.0,"key":"REST"},{"floor":40.0,"key":"REST"}],"neow_cost":"NONE","seed_source_timestamp":0,"circlet_count":0,"master_deck":["Defend_G","Defend_G+1","Defend_G+1","Strike_G","Survivor","Neutralize","Noxious Fumes+1","Poisoned Stab+1","Quick Slash","Deadly Poison","Backflip","Bouncing Flask+1","Catalyst+1","Injury","Slice+1","All Out Attack+1","Poisoned Stab","Deadly Poison","Catalyst"],"special_seed":0,"relics":["Ring of the Snake","NeowsBlessing","Boot","Art of War","War Paint","Bottled Flame","Golden Idol","Busted Crown","Red Mask","MawBank","Enchiridion","Empty Cage","Blood Vial","Dream Catcher"],"potions_floor_usage":[42],"damage_taken":[{"damage":0.0,"enemies":"Small Slimes","floor":1.0,"turns":1.0},{"damage":0.0,"enemies":"Cultist","floor":5.0,"turns":1.0},{"damage":0.0,"enemies":"3 Sentries","floor":6.0,"turns":2.0},{"damage":12.0,"enemies":"Gremlin Nob","floor":8.0,"turns":4.0},{"damage":0.0,"enemies":"2 Louse","floor":10.0,"turns":2.0},{"damage":9.0,"enemies":"Lagavulin","floor":13.0,"turns":4.0},{"damage":34.0,"enemies":"Hexaghost","floor":16.0,"turns":7.0},{"damage":0.0,"enemies":"Spheric Guardian","floor":18.0,"turns":2.0},{"damage":4.0,"enemies":"Chosen","floor":20.0,"turns":3.0},{"damage":30.0,"enemies":"Sentry and Sphere","floor":21.0,"turns":4.0},{"damage":31.0,"enemies":"Masked Bandits","floor":22.0,"turns":5.0},{"damage":12.0,"enemies":"Centurion and Healer","floor":24.0,"turns":6.0},{"damage":2.0,"enemies":"Chosen and Byrds","floor":25.0,"turns":4.0},{"damage":17.0,"enemies":"Shelled Parasite and Fungi","floor":27.0,"turns":4.0},{"damage":33.0,"enemies":"Champ","floor":33.0,"turns":8.0},{"damage":12.0,"enemies":"3 Shapes","floor":35.0,"turns":5.0},{"damage":26.0,"enemies":"3 Darklings","floor":38.0,"turns":5.0},{"damage":25.0,"enemies":"Spire Growth","floor":39.0,"turns":3.0},{"damage":1.0,"enemies":"Writhing Mass","floor":41.0,"turns":3.0},{"damage":42,"enemies":"Sphere and 2 Shapes","floor":42,"turns":3}],"seed_played":"6280007831581219380","potions_obtained":[{"floor":1.0,"key":"Weak Potion"},{"floor":5.0,"key":"PowerPotion"},{"floor":8.0,"key":"Poison Potion"},{"floor":16.0,"key":"SkillPotion"},{"floor":18.0,"key":"Dexterity Potion"},{"floor":21.0,"key":"Dexterity Potion"},{"floor":22.0,"key":"FairyPotion"},{"floor":24.0,"key":"Fire Potion"},{"floor":35.0,"key":"Strength Potion"},{"floor":41.0,"key":"SpeedPotion"}],"is_trial":false,"path_per_floor":["M","?","$","?","M","E","R","E","T","M","$","R","E","?","R","B",null,"M","?","M","M","?","R","M","M","T","M","R","?","R","?","R","B",null,"M","?","$","M","M","R","M","M"],"character_chosen":"THE_SILENT","items_purchased":["Bouncing Flask","Blood Vial","Dream Catcher","Poisoned Stab","Deadly Poison"],"campfire_rested":6,"item_purchase_floors":[11,37,37,37,37],"current_hp_per_floor":[70,70,70,70,70,70,70,58,58,58,58,58,49,49,70,36,70,70,70,66,36,5,26,14,12,12,7,28,28,49,33,54,21,70,58,58,58,34,11,32,33,0],"gold":260,"neow_bonus":"THREE_ENEMY_KILL","is_prod":false,"is_daily":false,"chose_seed":false,"campfire_upgraded":2,"win_rate":0,"timestamp":1560478489,"path_taken":["M","?","?","?","M","E","R","E","T","M","$","R","E","?","R","BOSS","M","?","?","M","?","R","M","M","T","M","R","?","R","?","R","BOSS","M","?","$","M","M","R","M","M"],"build_version":"2019-01-23","purchased_purges":3,"victory":false,"max_hp_per_floor":[70,70,70,70,70,70,70,70,70,70,70,70,70,70,70,70,70,70,70,70,70,70,70,70,70,70,70,70,70,70,70,70,70,70,70,70,70,70,70,70,70,70],"card_choices":[{"not_picked":["Masterful Stab","Poisoned Stab"],"picked":"Noxious Fumes","floor":1.0},{"not_picked":["Dagger Spray","Outmaneuver"],"picked":"Poisoned Stab","floor":5.0},{"not_picked":["Flying Knee","Heel Hook"],"picked":"Quick Slash","floor":6.0},{"not_picked":["Eviscerate","Cloak And Dagger"],"picked":"Deadly Poison","floor":8.0},{"not_picked":["All Out Attack","Outmaneuver"],"picked":"Backflip","floor":10.0},{"not_picked":["Dagger Throw","Caltrops"],"picked":"Catalyst","floor":13.0},{"not_picked":[],"picked":"Slice+1","floor":18.0},{"not_picked":["Sucker Punch"],"picked":"SKIP","floor":20.0},{"not_picked":["Dodge and Roll"],"picked":"SKIP","floor":21.0},{"not_picked":["Sucker Punch"],"picked":"SKIP","floor":24.0},{"not_picked":["Flechettes"],"picked":"SKIP","floor":25.0},{"not_picked":["Accuracy"],"picked":"SKIP","floor":27.0},{"not_picked":[],"picked":"All Out Attack+1","floor":35.0},{"not_picked":["Tactician"],"picked":"SKIP","floor":38.0},{"not_picked":[],"picked":"Catalyst","floor":39.0},{"not_picked":["Dagger Spray+1"],"picked":"SKIP","floor":41.0}],"player_experience":161863,"relics_obtained":[{"floor":6.0,"key":"Boot"},{"floor":8.0,"key":"Art of War"},{"floor":9.0,"key":"War Paint"},{"floor":13.0,"key":"Bottled Flame"},{"floor":22.0,"key":"Red Mask"},{"floor":26.0,"key":"MawBank"},{"floor":31.0,"key":"Enchiridion"}],"event_choices":[{"damage_healed":0.0,"max_hp_gain":0.0,"max_hp_loss":0.0,"gold_gain":0.0,"event_name":"The Woman in Blue","player_choice":"Bought 0 Potions","floor":2.0,"gold_loss":0.0,"damage_taken":0.0},{"damage_healed":0.0,"max_hp_gain":0.0,"max_hp_loss":0.0,"gold_gain":0.0,"event_name":"Living Wall","player_choice":"Grow","floor":4.0,"gold_loss":0.0,"damage_taken":0.0,"cards_upgraded":["Noxious Fumes"]},{"damage_healed":0.0,"max_hp_gain":0.0,"max_hp_loss":0.0,"gold_gain":0.0,"event_name":"Golden Idol","player_choice":"Take Wound","floor":14.0,"gold_loss":0.0,"damage_taken":0.0,"relics_obtained":["Golden Idol"],"cards_obtained":["Injury"]},{"damage_healed":0.0,"max_hp_gain":0.0,"max_hp_loss":0.0,"gold_gain":0.0,"event_name":"Upgrade Shrine","player_choice":"Upgraded","floor":19.0,"gold_loss":0.0,"damage_taken":0.0,"cards_upgraded":["Catalyst"]},{"damage_healed":0.0,"max_hp_gain":0.0,"max_hp_loss":0.0,"gold_gain":0.0,"event_name":"Masked Bandits","player_choice":"Fought Bandits","floor":22.0,"gold_loss":0.0,"damage_taken":0.0},{"damage_healed":0.0,"max_hp_gain":0.0,"max_hp_loss":0.0,"gold_gain":99.0,"event_name":"Nest","player_choice":"Stole From Cult","floor":29.0,"gold_loss":0.0,"damage_taken":0.0},{"damage_healed":0.0,"max_hp_gain":0.0,"max_hp_loss":0.0,"gold_gain":0.0,"event_name":"Cursed Tome","player_choice":"Obtained Book","floor":31.0,"gold_loss":0.0,"damage_taken":16.0},{"cards_removed":["Strike_G"],"damage_healed":0.0,"max_hp_gain":0.0,"max_hp_loss":0.0,"gold_gain":0.0,"event_name":"Falling","player_choice":"Removed Attack","floor":36.0,"gold_loss":0.0,"damage_taken":0.0}],"is_beta":false,"boss_relics":[{"not_picked":["Calling Bell","Pandora\u0027s Box"],"picked":"Busted Crown"},{"not_picked":["White Beast Statue","Cursed Key"],"picked":"Empty Cage"}],"items_purged_floors":[3,11,37],"is_endless":false,"potions_floor_spawned":[1,5,8,16,18,21,22,24,35,41],"killed_by":"Sphere and 2 Shapes","ascension_level":3}