{"gold_per_floor":[16,16,16,32,32,68,68,18,45,63,63,138,138,138,138,138],"floor_reached":16,"playtime":485,"items_purged":[],"score":96,"play_id":"8769491a-dd2b-4400-8413-430f133c0a9d","local_time":"20180721145824","is_ascension_mode":false,"campfire_choices":[{"floor":11,"key":"REST"},{"data":"Deadly Poison","floor":13,"key":"SMITH"},{"floor":15,"key":"REST"}],"neow_cost":"NO_GOLD","seed_source_timestamp":73506134728760,"circlet_count":0,"master_deck":["Defend_G","Defend_G","Defend_G","Strike_G","Strike_G","Strike_G","Strike_G","Survivor","Neutralize","Deflect","Deadly Poison+1","Injury","Decay","Flying Knee","Acrobatics"],"relics":["Ring of the Snake","Golden Idol","Mercury Hourglass","Bag of Preparation","Gambling Chip"],"potions_floor_usage":[],"damage_taken":[{"damage":2,"enemies":"Jaw Worm","floor":1,"turns":5},{"damage":0,"enemies":"2 Louse","floor":4,"turns":3},{"damage":25,"enemies":"Lagavulin","floor":6,"turns":8},{"damage":1,"enemies":"Small Slimes","floor":10,"turns":2},{"damage":75,"enemies":"Hexaghost","floor":16,"turns":9}],"seed_played":"2127759812635498381","potions_obtained":[{"floor":4,"key":"GamblersBrew"},{"floor":6,"key":"Block Potion"},{"floor":10,"key":"Regen Potion"}],"is_trial":false,"path_per_floor":["M","?","?","M","?","E","?","$","T","M","R","?","R","?","R"],"character_chosen":"THE_SILENT","items_purchased":["Flying Knee"],"campfire_rested":2,"item_purchase_floors":[8],"current_hp_per_floor":[68,73,73,73,73,48,48,48,48,47,69,58,58,58,75,0],"gold":138,"neow_bonus":"REMOVE_TWO","is_prod":false,"is_daily":false,"chose_seed":false,"campfire_upgraded":1,"win_rate":0.0,"timestamp":1532203104,"path_taken":["M","?","?","M","?","E","?","?","T","?","R","?","R","?","R","BOSS"],"build_version":"2018-07-19v2","purchased_purges":0,"victory":false,"max_hp_per_floor":[70,75,75,75,75,75,75,75,75,75,75,75,75,75,75,75],"card_choices":[{"not_picked":["Acrobatics","Prepared"],"picked":"Deflect","floor":1},{"not_picked":["Eviscerate","Expertise"],"picked":"Deadly Poison","floor":4},{"not_picked":["Outmaneuver","Storm of Steel","Cloak And Dagger"],"picked":"SKIP","floor":6},{"not_picked":["Reflex","Prepared"],"picked":"Acrobatics","floor":10}],"player_experience":54259,"relics_obtained":[{"floor":6,"key":"Mercury Hourglass"},{"floor":9,"key":"Bag of Preparation"}],"event_choices":[{"event_name":"Big Fish","player_choice":"Donut","floor":2,"damage_taken":0},{"event_name":"Living Wall","player_choice":"Forget","floor":3,"damage_taken":0},{"event_name":"Golden Idol","player_choice":"Take Wound","floor":5,"damage_taken":0},{"event_name":"Wheel of Change","player_choice":"Curse","floor":7,"damage_taken":0},{"event_name":"World of Goop","player_choice":"Gather Gold","floor":12,"damage_taken":0},{"event_name":"Dead Adventurer","player_choice":"Searched \u00272\u0027 times","floor":14,"damage_taken":0}],"is_beta":false,"boss_relics":[],"items_purged_floors":[],"is_endless":false,"potions_floor_spawned":[4,6,10],"killed_by":"Hexaghost","ascension_level":0}