{"gold_per_floor":[119,135,36,36,55,130,130,164,164,182,202,264,264,73,73,172,172,192,192,102,27,41,41],"floor_reached":23,"playtime":933,"items_purged":["Strike_G"],"score":189,"play_id":"e8e878a3-b8a2-4cf5-b3a9-802f437f290e","local_time":"20180723113618","is_ascension_mode":false,"campfire_choices":[{"floor":7,"key":"REST"},{"floor":15,"key":"REST"}],"neow_cost":"NONE","seed_source_timestamp":233730802097115,"circlet_count":0,"master_deck":["Defend_G","Defend_G","Defend_G","Defend_G","Defend_G","Strike_G","Survivor","Neutralize","Catalyst","Deadly Poison","Caltrops","Deflect","Slice","Envenom+1","Slice","Deadly Poison","Bane"],"relics":["Ring of the Snake","Snake Skull","Pear","Frozen Egg 2","Lantern","Toy Ornithopter","White Beast Statue"],"potions_floor_usage":[8,11,12,16,20,22,23],"damage_taken":[{"damage":2,"enemies":"Cultist","floor":1,"turns":5},{"damage":7,"enemies":"Small Slimes","floor":2,"turns":4},{"damage":2,"enemies":"Jaw Worm","floor":5,"turns":3},{"damage":38,"enemies":"Gremlin Nob","floor":8,"turns":6},{"damage":2,"enemies":"Exordium Wildlife","floor":10,"turns":4},{"damage":0,"enemies":"Blue Slaver","floor":11,"turns":4},{"damage":30,"enemies":"3 Sentries","floor":12,"turns":11},{"damage":27,"enemies":"The Guardian","floor":16,"turns":11},{"damage":12,"enemies":"3 Byrds","floor":18,"turns":3},{"damage":18,"enemies":"2 Thieves","floor":20,"turns":5},{"damage":16,"enemies":"Snake Plant","floor":22,"turns":4},{"damage":49,"enemies":"Slavers","floor":23,"turns":3}],"seed_played":"-5483517279182409949","potions_obtained":[{"floor":5,"key":"GhostInAJar"},{"floor":8,"key":"EssenceOfSteel"},{"floor":11,"key":"Regen Potion"},{"floor":12,"key":"EssenceOfSteel"},{"floor":18,"key":"Dexterity Potion"},{"floor":20,"key":"Swift Potion"},{"floor":22,"key":"SkillPotion"}],"is_trial":false,"path_per_floor":["M","M","$","?","M","?","R","E","T","M","M","?","?","$","R","B",null,"M","?","M","?","M"],"character_chosen":"THE_SILENT","items_purchased":["Deadly Poison","Toy Ornithopter"],"campfire_rested":2,"item_purchase_floors":[3,14],"current_hp_per_floor":[68,61,61,54,52,41,62,34,34,32,32,17,17,17,41,17,80,68,68,53,53,40,0],"gold":41,"neow_bonus":"RANDOM_COMMON_RELIC","is_prod":false,"is_daily":false,"chose_seed":false,"campfire_upgraded":0,"win_rate":0.0,"timestamp":1532363778,"path_taken":["M","M","$","?","M","?","R","E","T","M","M","?","?","?","R","BOSS","M","?","M","?","M","E"],"build_version":"2018-07-19v2","purchased_purges":1,"victory":false,"max_hp_per_floor":[70,70,70,70,70,70,70,80,80,80,80,80,80,80,80,80,80,80,80,80,80,80,80],"card_choices":[{"not_picked":["Dagger Spray","Sucker Punch"],"picked":"Catalyst","floor":1},{"not_picked":["Outmaneuver","Predator","Bullet Time"],"picked":"SKIP","floor":2},{"not_picked":["Deflect","All Out Attack"],"picked":"Caltrops","floor":5},{"not_picked":["Bullet Time","Night Terror"],"picked":"Deflect","floor":8},{"not_picked":["Dagger Spray","Terror"],"picked":"Slice","floor":10},{"not_picked":["Accuracy+1","Calculated Gamble","Infinite Blades+1"],"picked":"SKIP","floor":11},{"not_picked":["A Thousand Cuts+1","Wraith Form v2+1"],"picked":"Envenom+1","floor":16},{"not_picked":["Footwork+1","Backflip"],"picked":"Slice","floor":18},{"not_picked":["Underhanded Strike","Sucker Punch"],"picked":"Deadly Poison","floor":20},{"not_picked":["Dagger Spray+1","Acrobatics"],"picked":"Bane","floor":22}],"player_experience":69480,"relics_obtained":[{"floor":8,"key":"Pear"},{"floor":9,"key":"Frozen Egg 2"},{"floor":12,"key":"Lantern"}],"event_choices":[{"event_name":"Golden Wing","player_choice":"Card Removal","floor":4,"damage_taken":0},{"event_name":"World of Goop","player_choice":"Gather Gold","floor":6,"damage_taken":0},{"event_name":"Dead Adventurer","player_choice":"Searched \u00271\u0027 times","floor":12,"damage_taken":0},{"event_name":"Living Wall","player_choice":"Forget","floor":13,"damage_taken":0},{"event_name":"Drug Dealer","player_choice":"Ignored","floor":19,"damage_taken":0},{"event_name":"Beggar","player_choice":"Gave Gold","floor":21,"damage_taken":0}],"is_beta":false,"boss_relics":[{"not_picked":["Eternal Feather","Black Star"],"picked":"White Beast Statue"}],"items_purged_floors":[3],"is_endless":false,"potions_floor_spawned":[5,8,11,12,18,20,22],"killed_by":"Slavers","ascension_level":0}