{"gold_per_floor":[110,121,121,131,131,162,162,182,182,182,200,200,219,233,233,334,334,344,69,88,88,103,128,142,142],"floor_reached":25,"playtime":1604,"items_purged":[],"score":272,"play_id":"84229878-629e-4302-a6d2-b1ce7c1de5f4","local_time":"20190617204601","is_ascension_mode":true,"campfire_choices":[{"floor":7.0,"key":"REST"},{"floor":12.0,"key":"REST"},{"data":"Redo","floor":15.0,"key":"SMITH"}],"neow_cost":"NONE","seed_source_timestamp":0,"circlet_count":0,"master_deck":["Strike_B","Strike_B","Strike_B","Strike_B","Defend_B","Defend_B","Defend_B+1","Defend_B","Zap+1","Dualcast","Hologram","Lockon","Redo+1","Ball Lightning","Rebound","Cold Snap","Hologram","Lockon","Blind","Go for the Eyes","Cold Snap","Beam Cell","Beam Cell"],"special_seed":0,"relics":["Runic Pyramid","Du-Vu Doll","Nunchaku","Kunai","Coffee Dripper","Sling","Pantograph"],"potions_floor_usage":[],"damage_taken":[{"damage":4.0,"enemies":"2 Louse","floor":1.0,"turns":2.0},{"damage":0.0,"enemies":"Small Slimes","floor":2.0,"turns":3.0},{"damage":9.0,"enemies":"Jaw Worm","floor":4.0,"turns":3.0},{"damage":19.0,"enemies":"Lagavulin","floor":6.0,"turns":7.0},{"damage":24.0,"enemies":"Lots of Slimes","floor":8.0,"turns":4.0},{"damage":4.0,"enemies":"Looter","floor":11.0,"turns":3.0},{"damage":11.0,"enemies":"2 Fungi Beasts","floor":13.0,"turns":3.0},{"damage":10.0,"enemies":"Blue Slaver","floor":14.0,"turns":3.0},{"damage":13.0,"enemies":"Hexaghost","floor":16.0,"turns":9.0},{"damage":4.0,"enemies":"Spheric Guardian","floor":18.0,"turns":3.0},{"damage":7.0,"enemies":"Shell Parasite","floor":20.0,"turns":6.0},{"damage":13.0,"enemies":"Centurion and Healer","floor":22.0,"turns":7.0},{"damage":31.0,"enemies":"Slavers","floor":23.0,"turns":6.0},{"damage":30,"enemies":"Snake Plant","floor":24,"turns":4},{"damage":12,"enemies":"3 Cultists","floor":25,"turns":3}],"seed_played":"2340882241302938267","potions_obtained":[{"floor":6.0,"key":"Strength Potion"},{"floor":11.0,"key":"EssenceOfSteel"},{"floor":13.0,"key":"Swift Potion"},{"floor":24,"key":"LiquidBronze"}],"is_trial":false,"path_per_floor":["M","M","?","M","?","E","R","M","T","T","M","R","M","M","R","B",null,"M","$","M","?","M","E","M","M"],"character_chosen":"DEFECT","items_purchased":["Sling","Blind"],"campfire_rested":2,"item_purchase_floors":[19,19],"current_hp_per_floor":[71,71,56,47,47,28,50,26,26,26,22,44,33,23,23,10,75,71,71,64,85,72,41,11,0],"gold":142,"neow_bonus":"BOSS_RELIC","is_prod":false,"is_daily":false,"chose_seed":false,"campfire_upgraded":1,"win_rate":0,"timestamp":1560818761,"path_taken":["M","M","?","M","?","E","R","M","T","?","M","R","M","M","R","BOSS","M","$","?","?","M","E","?","M"],"build_version":"2019-01-23","purchased_purges":0,"victory":false,"max_hp_per_floor":[75,75,75,75,75,75,75,75,75,75,75,75,75,75,75,75,75,75,75,75,85,85,85,85,85],"card_choices":[{"not_picked":["Leap","Auto Shields"],"picked":"Hologram","floor":1.0},{"not_picked":["Leap","Darkness"],"picked":"Lockon","floor":2.0},{"not_picked":["Barrage","Gash"],"picked":"Redo","floor":4.0},{"not_picked":["Melter","All For One"],"picked":"Ball Lightning","floor":6.0},{"not_picked":["Compile Driver","Leap"],"picked":"Rebound","floor":8.0},{"not_picked":["Rebound","Compile Driver"],"picked":"Cold Snap","floor":11.0},{"not_picked":["BootSequence","Storm"],"picked":"Hologram","floor":13.0},{"not_picked":["Coolheaded","Auto Shields"],"picked":"Lockon","floor":14.0},{"not_picked":["Creative AI","Machine Learning"],"picked":"Core Surge","floor":16.0},{"not_picked":["Genetic Algorithm+1","Recycle","Leap"],"picked":"SKIP","floor":18.0},{"not_picked":["Barrage","Stack"],"picked":"Go for the Eyes","floor":20.0},{"not_picked":["Redo","Coolheaded"],"picked":"Cold Snap","floor":22.0},{"not_picked":["Hologram","Go for the Eyes"],"picked":"Beam Cell","floor":23.0},{"not_picked":["Skim","Gash+1"],"picked":"Beam Cell","floor":24}],"player_experience":410302,"relics_obtained":[{"floor":6.0,"key":"Du-Vu Doll"},{"floor":9.0,"key":"Nunchaku"},{"floor":10.0,"key":"Kunai"},{"floor":23.0,"key":"Pantograph"}],"event_choices":[{"damage_healed":0.0,"max_hp_gain":0.0,"max_hp_loss":0.0,"gold_gain":0.0,"event_name":"Shining Light","player_choice":"Entered Light","floor":3.0,"gold_loss":0.0,"damage_taken":15.0,"cards_upgraded":["Zap","Defend_B"]},{"damage_healed":0.0,"max_hp_gain":0.0,"max_hp_loss":0.0,"gold_gain":0.0,"event_name":"Liars Game","player_choice":"Ignored","floor":5.0,"gold_loss":0.0,"damage_taken":0.0},{"cards_removed":["Core Surge"],"damage_healed":11.0,"max_hp_gain":10.0,"max_hp_loss":0.0,"gold_gain":0.0,"event_name":"Bonfire Elementals","player_choice":"Offered Rare","floor":21.0,"gold_loss":0.0,"damage_taken":0.0}],"is_beta":false,"boss_relics":[{"not_picked":["White Beast Statue","Ectoplasm"],"picked":"Coffee Dripper"}],"items_purged_floors":[],"is_endless":false,"potions_floor_spawned":[6,11,13,18,24],"killed_by":"3 Cultists","ascension_level":4}