{"gold_per_floor":[216,291,291,311,331,342,342,62,137,137,137,156,156,171,171,267,267,282,282,302,302],"floor_reached":21,"playtime":668,"items_purged":["Defend_G"],"score":222,"play_id":"fa59658f-99b7-4ce2-a4e6-e40c9e6473b2","local_time":"20190611194303","is_ascension_mode":true,"campfire_choices":[{"floor":10,"key":"REST"},{"floor":15,"key":"REST"}],"neow_cost":"NONE","seed_source_timestamp":1078572818752953,"circlet_count":0,"master_deck":["Defend_G","Defend_G","Defend_G","Defend_G","Strike_G","Strike_G","Strike_G","Strike_G","Survivor","Neutralize","Flying Knee","Bouncing Flask+1","Poisoned Stab","Poisoned Stab","Deflect","Parasite","Deadly Poison","Deadly Poison","Night Terror","Poisoned Stab","Poisoned Stab"],"relics":["Ring of the Snake","Happy Flower","ClockworkSouvenir","Shuriken","Unceasing Top","Velvet Choker"],"potions_floor_usage":[],"damage_taken":[{"damage":2,"enemies":"Jaw Worm","floor":1,"turns":5},{"damage":3,"enemies":"Cultist","floor":4,"turns":4},{"damage":0,"enemies":"2 Louse","floor":5,"turns":2},{"damage":11,"enemies":"Looter","floor":6,"turns":2},{"damage":8,"enemies":"Blue Slaver","floor":12,"turns":3},{"damage":22,"enemies":"Lots of Slimes","floor":14,"turns":3},{"damage":21,"enemies":"The Guardian","floor":16,"turns":7},{"damage":29,"enemies":"3 Byrds","floor":18,"turns":5},{"damage":33,"enemies":"2 Thieves","floor":20,"turns":4}],"seed_played":"1140408404860318778","potions_obtained":[{"floor":14,"key":"Strength Potion"},{"floor":16,"key":"SteroidPotion"},{"floor":18,"key":"SpeedPotion"}],"is_trial":false,"path_per_floor":["M","?","?","M","M","M","?","$","T","R","?","M","T","M","R","B",null,"M","?","M","?"],"character_chosen":"THE_SILENT","items_purchased":["ClockworkSouvenir"],"campfire_rested":2,"item_purchase_floors":[8],"current_hp_per_floor":[68,57,57,54,54,43,31,31,31,52,69,61,61,39,60,39,70,41,41,8,0],"gold":302,"neow_bonus":"HUNDRED_GOLD","is_prod":false,"is_daily":false,"chose_seed":false,"campfire_upgraded":0,"win_rate":0,"timestamp":1560300183,"path_taken":["M","?","?","M","?","M","?","$","T","R","?","M","?","M","R","BOSS","M","?","?","?"],"build_version":"2019-01-23","purchased_purges":1,"victory":false,"max_hp_per_floor":[70,70,70,70,70,70,70,70,70,70,70,70,70,70,70,70,70,70,70,70,70],"card_choices":[{"not_picked":["Blade Dance","Slice"],"picked":"Flying Knee","floor":1},{"not_picked":["Eviscerate","Underhanded Strike"],"picked":"Poisoned Stab","floor":4},{"not_picked":["Heel Hook","Slice"],"picked":"Poisoned Stab","floor":5},{"not_picked":["Grand Finale","Predator"],"picked":"Deflect","floor":6},{"not_picked":["Prepared","Sucker Punch"],"picked":"Deadly Poison","floor":12},{"not_picked":["A Thousand Cuts","Distraction"],"picked":"Deadly Poison","floor":14},{"not_picked":["Bullet Time","Venomology"],"picked":"Night Terror","floor":16},{"not_picked":["Dagger Spray","Footwork"],"picked":"Poisoned Stab","floor":18},{"not_picked":["Dagger Throw","Footwork"],"picked":"Poisoned Stab","floor":20}],"player_experience":150108,"relics_obtained":[{"floor":9,"key":"Shuriken"},{"floor":13,"key":"Unceasing Top"}],"event_choices":[{"damage_healed":0,"gold_gain":75,"player_choice":"Gather Gold","damage_taken":11,"max_hp_gain":0,"max_hp_loss":0,"event_name":"World of Goop","floor":2,"gold_loss":0},{"damage_healed":0,"gold_gain":0,"cards_transformed":["Strike_G"],"player_choice":"Transformed","damage_taken":0,"max_hp_gain":0,"max_hp_loss":0,"event_name":"Transmorgrifier","floor":3,"gold_loss":0,"cards_obtained":["Bouncing Flask"]},{"damage_healed":0,"gold_gain":0,"player_choice":"Success","damage_taken":12,"relics_obtained":["Happy Flower"],"max_hp_gain":0,"max_hp_loss":0,"event_name":"Scrap Ooze","floor":7,"gold_loss":0},{"damage_healed":17,"gold_gain":0,"player_choice":"Healed and dodged fight","damage_taken":0,"max_hp_gain":0,"max_hp_loss":0,"event_name":"Mushrooms","floor":11,"gold_loss":0,"cards_obtained":["Parasite"]},{"damage_healed":0,"gold_gain":0,"player_choice":"Upgraded","damage_taken":0,"max_hp_gain":0,"max_hp_loss":0,"event_name":"Upgrade Shrine","floor":19,"gold_loss":0,"cards_upgraded":["Bouncing Flask"]}],"is_beta":false,"boss_relics":[{"not_picked":["Ectoplasm","Eternal Feather"],"picked":"Velvet Choker"}],"items_purged_floors":[8],"is_endless":false,"potions_floor_spawned":[14,16,18],"ascension_level":3}