{"gold_per_floor":[110,124,124,124,136,136,49,75,75,75,75,75,85,105,105,182,182,199,199,199,199,199],"floor_reached":22,"playtime":882,"items_purged":[],"score":364,"play_id":"7ca9bcb7-18fb-41ee-89f9-5f2b3b38f1e6","local_time":"20190616060407","is_ascension_mode":true,"campfire_choices":[{"data":"Strike_R","floor":6.0,"key":"SMITH"},{"data":"Battle Trance","floor":10.0,"key":"SMITH"},{"data":"Shrug It Off","floor":12.0,"key":"SMITH"},{"data":"Uppercut","floor":15.0,"key":"SMITH"}],"neow_cost":"NONE","seed_source_timestamp":267263729409242,"circlet_count":0,"master_deck":["AscendersBane","Strike_R+1","Strike_R+1","Strike_R+1","Strike_R+1","Defend_R+1","Defend_R+1","Defend_R+1","Defend_R+1","Bash+1","Battle Trance+1","Shrug It Off+1","Demon Form","Uppercut+1","Seeing Red","Pummel","Offering","Shrug It Off","Dual Wield","RitualDagger"],"special_seed":0,"relics":["Burning Blood","NeowsBlessing","Prayer Wheel","Sundial","Velvet Choker"],"potions_floor_usage":[],"damage_taken":[{"damage":0.0,"enemies":"Small Slimes","floor":1.0,"turns":1.0},{"damage":0.0,"enemies":"Cultist","floor":2.0,"turns":1.0},{"damage":0.0,"enemies":"Jaw Worm","floor":5.0,"turns":1.0},{"damage":32.0,"enemies":"Gremlin Nob","floor":8.0,"turns":4.0},{"damage":8.0,"enemies":"Large Slime","floor":13.0,"turns":6.0},{"damage":10.0,"enemies":"2 Fungi Beasts","floor":14.0,"turns":3.0},{"damage":9.0,"enemies":"The Guardian","floor":16.0,"turns":11.0},{"damage":25.0,"enemies":"Shell Parasite","floor":18.0,"turns":5.0},{"damage":28,"enemies":"Colosseum Slavers","floor":22,"turns":3}],"seed_played":"6798340142793715650","potions_obtained":[{"floor":1.0,"key":"Dexterity Potion"},{"floor":2.0,"key":"Dexterity Potion"}],"is_trial":false,"path_per_floor":["M","M","?","?","M","R","$","E","T","R","$","R","M","M","R","B",null,"M","?","?","?","?"],"character_chosen":"IRONCLAD","items_purchased":["Battle Trance","Shrug It Off"],"campfire_rested":0,"item_purchase_floors":[7,7],"current_hp_per_floor":[74,75,75,75,75,75,75,49,49,49,49,49,47,43,43,40,66,47,47,26,20,0],"gold":199,"neow_bonus":"THREE_ENEMY_KILL","is_prod":false,"is_daily":false,"chose_seed":false,"campfire_upgraded":4,"win_rate":0,"timestamp":1560636247,"path_taken":["M","M","?","?","?","R","?","E","T","R","$","R","M","M","R","BOSS","M","?","?","?","?"],"build_version":"2019-01-23","purchased_purges":0,"victory":false,"max_hp_per_floor":[75,75,75,75,75,75,75,75,75,75,75,75,75,75,75,75,75,75,75,80,80,80],"card_choices":[{"not_picked":["Clash","Wild Strike","Rupture"],"picked":"SKIP","floor":1.0},{"not_picked":["Sword Boomerang","Warcry","Heavy Blade"],"picked":"SKIP","floor":2.0},{"not_picked":["Headbutt","Flex","Fire Breathing"],"picked":"SKIP","floor":5.0},{"not_picked":["Sword Boomerang","Headbutt"],"picked":"Demon Form","floor":8.0},{"not_picked":["Iron Wave","True Grit"],"picked":"Uppercut","floor":13.0},{"not_picked":["Warcry","Shrug It Off"],"picked":"Seeing Red","floor":13.0},{"not_picked":["Heavy Blade","Intimidate"],"picked":"Pummel","floor":14.0},{"not_picked":["Flex","Brutality","Cleave"],"picked":"SKIP","floor":14.0},{"not_picked":["Juggernaut","Barricade"],"picked":"Offering","floor":16.0},{"not_picked":["Body Slam","Cleave"],"picked":"Shrug It Off","floor":18.0},{"not_picked":["Power Through","Metallicize"],"picked":"Dual Wield","floor":18.0}],"player_experience":698748,"relics_obtained":[{"floor":8.0,"key":"Prayer Wheel"},{"floor":9.0,"key":"Sundial"}],"event_choices":[{"cards_removed":["Strike_R"],"damage_healed":0.0,"max_hp_gain":0.0,"max_hp_loss":0.0,"gold_gain":0.0,"event_name":"Living Wall","player_choice":"Forget","floor":3.0,"gold_loss":0.0,"damage_taken":0.0},{"damage_healed":0.0,"max_hp_gain":0.0,"max_hp_loss":0.0,"gold_gain":0.0,"event_name":"Upgrade Shrine","player_choice":"Upgraded","floor":4.0,"gold_loss":0.0,"damage_taken":0.0,"cards_upgraded":["Bash"]},{"damage_healed":0.0,"max_hp_gain":0.0,"max_hp_loss":0.0,"gold_gain":0.0,"event_name":"Back to Basics","player_choice":"Simplicity","floor":19.0,"gold_loss":0.0,"damage_taken":0.0,"cards_upgraded":["Strike_R","Strike_R","Strike_R","Defend_R","Defend_R","Defend_R","Defend_R"]},{"damage_healed":0.0,"max_hp_gain":5.0,"max_hp_loss":0.0,"gold_gain":0.0,"event_name":"Forgotten Altar","player_choice":"Shed Blood","floor":20.0,"gold_loss":0.0,"damage_taken":26.0},{"damage_healed":0.0,"max_hp_gain":0.0,"max_hp_loss":0.0,"gold_gain":0.0,"event_name":"Nest","player_choice":"Joined the Cult","floor":21.0,"gold_loss":0.0,"damage_taken":6.0,"cards_obtained":["RitualDagger"]},{"damage_healed":0,"gold_gain":0,"player_choice":"Fight","damage_taken":0,"max_hp_gain":0,"max_hp_loss":0,"event_name":"Colosseum","floor":22,"gold_loss":0}],"is_beta":false,"boss_relics":[{"not_picked":["Busted Crown","Black Blood"],"picked":"Velvet Choker"}],"items_purged_floors":[],"is_endless":false,"potions_floor_spawned":[1,2],"killed_by":"Colosseum Slavers","ascension_level":20}