{"gold_per_floor":[114,114,114,114,129,54,54,84,159,159,174,50,80,95,95,195,195,210,309,324,324,339,339,339],"floor_reached":24,"playtime":1445,"items_purged":["Strike_G","Defend_G"],"score":229,"play_id":"40c20fda-2486-42c5-935a-8cc7328588a7","local_time":"20180722203640","daily_mods":["Brewmaster","Terminal","Vintage"],"is_ascension_mode":false,"campfire_choices":[{"data":"Venomology","floor":7,"key":"SMITH"},{"floor":10,"key":"REST"},{"data":"Strike_G","floor":15,"key":"SMITH"},{"data":"Venomology","floor":23,"key":"SMITH"}],"neow_cost":"","seed_source_timestamp":0,"circlet_count":0,"master_deck":["Defend_G+1","Defend_G+1","Defend_G+1","Strike_G+1","Strike_G+1","Strike_G+1","Strike_G+1","Survivor","Neutralize","Venomology+1","Venomology","Venomology","Venomology+1","Venomology+1","Deflect+1","Dagger Spray","Backflip+1","Bullet Time+1"],"special_seed":17735,"relics":["Ring of the Snake","White Beast Statue","Toxic Egg 2","FaceOfCleric","Bottled Flame","Centennial Puzzle","Blue Candle","Ancient Tea Set","Oddly Smooth Stone","Juzu Bracelet","Molten Egg 2","Cursed Key","Matryoshka","Vajra","Gremlin Horn"],"potions_floor_usage":[1,1,1,1,5,5,5,5,5,8,8,8,8,8,8,8,8,11,11,11,11,11,13,13,13,13,13,13,14,14,14,14,16,16,16,16,16,16,16,18,18,18,18,18,20,20,20,20,20,20,22,22,22,22,22,22,24,24,24,24,24,24,24,24],"damage_taken":[{"damage":0,"enemies":"Jaw Worm","floor":1,"turns":7},{"damage":0,"enemies":"2 Louse","floor":5,"turns":4},{"damage":34,"enemies":"Gremlin Nob","floor":8,"turns":6},{"damage":1,"enemies":"Cultist","floor":11,"turns":4},{"damage":3,"enemies":"Lagavulin","floor":13,"turns":7},{"damage":0,"enemies":"Blue Slaver","floor":14,"turns":4},{"damage":19,"enemies":"The Guardian","floor":16,"turns":10},{"damage":0,"enemies":"Chosen","floor":18,"turns":7},{"damage":0,"enemies":"Shell Parasite","floor":20,"turns":5},{"damage":0,"enemies":"Cultist and Chosen","floor":22,"turns":7},{"damage":56,"enemies":"Gremlin Leader","floor":24,"turns":6}],"seed_played":"4484180567622836144","potions_obtained":[{"floor":1,"key":"Swift Potion"},{"floor":5,"key":"SteroidPotion"},{"floor":8,"key":"Block Potion"},{"floor":11,"key":"Fire Potion"},{"floor":13,"key":"Regen Potion"},{"floor":14,"key":"LiquidBronze"},{"floor":16,"key":"LiquidBronze"},{"floor":18,"key":"Block Potion"},{"floor":20,"key":"Strength Potion"},{"floor":22,"key":"Weak Potion"}],"is_trial":false,"path_per_floor":["M","?","?","?","M","$","R","E","T","R","M","$","E","M","R","B",null,"M","?","M","?","M","R"],"character_chosen":"THE_SILENT","items_purchased":["Dagger Spray"],"campfire_rested":1,"item_purchase_floors":[12],"current_hp_per_floor":[68,54,54,54,55,55,55,22,22,40,40,40,38,53,53,35,58,58,57,57,56,56,55,0],"gold":339,"neow_bonus":"","is_prod":false,"is_daily":true,"chose_seed":false,"campfire_upgraded":3,"win_rate":0.0,"timestamp":1532309800,"path_taken":["M","?","?","?","M","$","R","E","T","R","M","$","E","M","R","BOSS","M","?","M","?","M","R","E"],"build_version":"2018-07-19v2","purchased_purges":2,"victory":false,"max_hp_per_floor":[68,67,66,65,65,64,63,63,62,61,61,60,60,60,59,59,58,58,57,57,56,56,55,55],"card_choices":[{"not_picked":["Dagger Spray","Quick Slash"],"picked":"Deflect+1","floor":8},{"not_picked":["Infinite Blades","Eviscerate"],"picked":"Backflip+1","floor":13},{"not_picked":["Envenom","Die Die Die"],"picked":"Bullet Time+1","floor":16}],"player_experience":61218,"relics_obtained":[{"floor":1,"key":"Toxic Egg 2"},{"floor":5,"key":"Bottled Flame"},{"floor":8,"key":"Centennial Puzzle"},{"floor":9,"key":"Blue Candle"},{"floor":11,"key":"Ancient Tea Set"},{"floor":13,"key":"Oddly Smooth Stone"},{"floor":14,"key":"Juzu Bracelet"},{"floor":16,"key":"Molten Egg 2"},{"floor":18,"key":"Matryoshka"},{"floor":20,"key":"Vajra"},{"floor":22,"key":"Gremlin Horn"}],"event_choices":[{"event_name":"Shining Light","player_choice":"Entered Light","floor":2,"damage_taken":0},{"event_name":"FaceTrader","player_choice":"Trade","floor":3,"damage_taken":0},{"event_name":"Living Wall","player_choice":"Forget","floor":4,"damage_taken":0},{"event_name":"Nest","player_choice":"Stole From Cult","floor":19,"damage_taken":0},{"event_name":"Back to Basics","player_choice":"Simplicity","floor":21,"damage_taken":0}],"is_beta":false,"boss_relics":[{"not_picked":["Fusion Hammer","Sozu"],"picked":"Cursed Key"}],"items_purged_floors":[6,12],"is_endless":false,"potions_floor_spawned":[1,5,8,11,13,14,16,18,20,22],"killed_by":"Gremlin Leader","ascension_level":0}