{"gold_per_floor":[114,126,376,81,256,282,282,282,282,302,317,332,332,79,91,198,210,240,252,275,303,333,345,357,369,381,62,85,85,118,136,136,238,238,251,251,251,101,121,121,156,156,179,179,179,35,35,69,69,69],"floor_reached":50,"playtime":2705,"items_purged":["Regret","Strike_G","Doubt","Leg Sweep"],"score":541,"play_id":"91da0870-9fd3-40db-b3e4-7b1e04be5dfc","local_time":"20180721154524","is_ascension_mode":false,"campfire_choices":[{"floor":8,"key":"REST"},{"data":"Noxious Fumes","floor":13,"key":"SMITH"},{"floor":15,"key":"REST"},{"data":"Catalyst","floor":23,"key":"SMITH"},{"data":"Glass Knife","floor":25,"key":"SMITH"},{"floor":29,"key":"REST"},{"floor":32,"key":"REST"},{"floor":40,"key":"REST"},{"floor":42,"key":"REST"},{"data":"Poisoned Stab","floor":45,"key":"SMITH"},{"floor":49,"key":"REST"}],"neow_cost":"NONE","seed_source_timestamp":74105242740870,"circlet_count":0,"master_deck":["Survivor","Neutralize","Heel Hook","Poisoned Stab","Noxious Fumes+1","Adrenaline","Backflip","Deflect","Slice","After Image","Slice","Bane+1","Underhanded Strike","Dagger Throw","Prepared+1","PiercingWail","Deadly Poison","Backflip","Catalyst+1","Glass Knife+1","Leg Sweep+1","Backflip+1","Doppelganger+1","Injury","A Thousand Cuts","Poisoned Stab+1","Venomology+1","PiercingWail+1"],"relics":["Ring of the Snake","Strawberry","Anchor","Bag of Preparation","NlothsMask","MawBank","Pandora\u0027s Box","Thread and Needle","ClockworkSouvenir","War Paint","Toxic Egg 2","Lizard Tail","Shuriken","Mercury Hourglass","Blood Vial","Centennial Puzzle","Happy Flower","Bird Faced Urn"],"potions_floor_usage":[16,16,16,33,33,35,39,41,47,47,48,50,50],"damage_taken":[{"damage":3,"enemies":"2 Louse","floor":1,"turns":3},{"damage":0,"enemies":"Cultist","floor":2,"turns":4},{"damage":28,"enemies":"Gremlin Nob","floor":6,"turns":5},{"damage":0,"enemies":"Jaw Worm","floor":10,"turns":2},{"damage":11,"enemies":"Exordium Thugs","floor":11,"turns":4},{"damage":4,"enemies":"Large Slime","floor":12,"turns":7},{"damage":45,"enemies":"Slime Boss","floor":16,"turns":13},{"damage":1,"enemies":"Chosen","floor":18,"turns":4},{"damage":13,"enemies":"Spheric Guardian","floor":20,"turns":4},{"damage":7,"enemies":"Cultist and Chosen","floor":21,"turns":5},{"damage":0,"enemies":"Centurion and Healer","floor":22,"turns":7},{"damage":25,"enemies":"Gremlin Leader","floor":30,"turns":6},{"damage":0,"enemies":"Snake Plant","floor":31,"turns":3},{"damage":43,"enemies":"Champ","floor":33,"turns":14},{"damage":33,"enemies":"Flame Bruiser 1 Orb","floor":35,"turns":4},{"damage":1,"enemies":"Orb Walker","floor":39,"turns":3},{"damage":34,"enemies":"2 Orb Walkers","floor":41,"turns":5},{"damage":0,"enemies":"Transient","floor":47,"turns":2},{"damage":52,"enemies":"Nemesis","floor":48,"turns":5},{"damage":86,"enemies":"Time Eater","floor":50,"turns":12}],"seed_played":"5089319943976829702","potions_obtained":[{"floor":6,"key":"EssenceOfSteel"},{"floor":11,"key":"Poison Potion"},{"floor":12,"key":"SpeedPotion"},{"floor":20,"key":"Strength Potion"},{"floor":21,"key":"SpeedPotion"},{"floor":33,"key":"EssenceOfSteel"},{"floor":35,"key":"SmokeBomb"},{"floor":48,"key":"Block Potion"}],"is_trial":false,"path_per_floor":["M","M","?","$","?","E","?","R","T","M","M","M","R","$","R","B",null,"M","?","M","M","M","R","?","R","T","$","T","R","E","M","R","B",null,"M","?","T","$","M","R","E","R","T","?","R","$","M","E","R"],"character_chosen":"THE_SILENT","items_purchased":["Noxious Fumes","Anchor","MawBank","ClockworkSouvenir","Happy Flower"],"campfire_rested":7,"item_purchase_floors":[4,4,14,27,46],"current_hp_per_floor":[74,74,74,74,74,46,46,69,69,69,58,54,54,54,77,32,77,76,76,63,56,56,56,56,56,56,56,56,77,52,52,75,32,77,44,44,44,44,43,66,32,55,55,55,55,55,57,7,30,0],"gold":69,"neow_bonus":"RANDOM_COMMON_RELIC","is_prod":false,"is_daily":false,"chose_seed":false,"campfire_upgraded":4,"win_rate":0.0,"timestamp":1532205924,"path_taken":["M","M","?","$","?","E","?","R","T","M","?","?","R","$","R","BOSS","M","?","?","M","M","R","?","R","T","$","?","R","E","M","R","BOSS","M","?","?","$","M","R","E","R","T","?","R","$","?","E","R","BOSS"],"build_version":"2018-07-19v2","purchased_purges":4,"victory":false,"max_hp_per_floor":[77,77,77,77,77,77,77,77,77,77,77,77,77,77,77,77,77,77,77,77,77,77,77,77,77,77,77,77,77,77,77,77,77,77,77,77,77,77,77,77,77,77,77,77,77,77,77,77,77,77],"card_choices":[{"not_picked":["Cloak And Dagger","Deflect"],"picked":"Heel Hook","floor":1},{"not_picked":["Dash","Deflect"],"picked":"Poisoned Stab","floor":2},{"not_picked":["Predator","Underhanded Strike"],"picked":"Adrenaline","floor":6},{"not_picked":["Cloak And Dagger","Terror"],"picked":"Backflip","floor":10},{"not_picked":["Flying Knee","Cloak And Dagger"],"picked":"Deflect","floor":11},{"not_picked":["Malaise","Quick Slash"],"picked":"Slice","floor":12},{"not_picked":["Malaise","Glass Knife"],"picked":"After Image","floor":16},{"not_picked":["Accuracy","Outmaneuver","Backflip"],"picked":"SKIP","floor":18},{"not_picked":["Reflex","Acrobatics"],"picked":"Leg Sweep+1","floor":20},{"not_picked":["Underhanded Strike","Sucker Punch"],"picked":"Backflip+1","floor":21},{"not_picked":["Backstab","Slice"],"picked":"Doppelganger","floor":22},{"not_picked":["Underhanded Strike","Footwork"],"picked":"A Thousand Cuts","floor":30},{"not_picked":["Calculated Gamble+1","Acrobatics+1"],"picked":"Poisoned Stab","floor":31},{"not_picked":["Glass Knife","Adrenaline+1"],"picked":"Venomology+1","floor":33},{"not_picked":["Acrobatics+1","Prepared+1","Expertise+1"],"picked":"SKIP","floor":35},{"not_picked":["Quick Slash","All Out Attack","Well Laid Plans"],"picked":"SKIP","floor":39},{"not_picked":["Dagger Spray","Prepared+1"],"picked":"PiercingWail+1","floor":41},{"not_picked":["Predator+1","Dagger Spray+1","Masterful Stab"],"picked":"SKIP","floor":48}],"player_experience":54744,"relics_obtained":[{"floor":6,"key":"Bag of Preparation"},{"floor":26,"key":"Thread and Needle"},{"floor":28,"key":"War Paint"},{"floor":30,"key":"Toxic Egg 2"},{"floor":37,"key":"Mercury Hourglass"},{"floor":41,"key":"Blood Vial"},{"floor":43,"key":"Centennial Puzzle"},{"floor":48,"key":"Bird Faced Urn"}],"event_choices":[{"event_name":"Golden Shrine","player_choice":"Desecrate","floor":3,"damage_taken":0},{"event_name":"Liars Game","player_choice":"agreed","floor":5,"damage_taken":0},{"event_name":"FaceTrader","player_choice":"Trade","floor":7,"damage_taken":0},{"event_name":"Match and Keep!","player_choice":"2 cards matched","floor":19,"damage_taken":0},{"event_name":"Accursed Blacksmith","player_choice":"Forge","floor":24,"damage_taken":0},{"event_name":"Wheel of Change","player_choice":"Relic","floor":36,"damage_taken":0},{"event_name":"Tomb of Lord Red Mask","player_choice":"Ignored","floor":44,"damage_taken":0}],"is_beta":false,"boss_relics":[{"not_picked":["Sozu","Calling Bell"],"picked":"Pandora\u0027s Box"},{"not_picked":["Philosopher\u0027s Stone","Orrery"],"picked":"Lizard Tail"}],"items_purged_floors":[4,14,27,38],"is_endless":false,"potions_floor_spawned":[6,11,12,20,21,33,35,47,48],"killed_by":"Time Eater","ascension_level":0}