{"gold_per_floor":[209,134,144,44,44,54,54,89,89,89,114,214,234,299,299,398,398,413,423,443,79,97,129,149,149,149,149,169,169,169,181,181,278,278,291,291,309,327,29,29,0,19,44,44,54,54,69,69],"floor_reached":48,"playtime":3449,"items_purged":["Strike_G","Strike_G"],"score":489,"play_id":"84f05538-bbb9-4196-a9c5-f8060d64ed17","local_time":"20180710170959","is_ascension_mode":false,"campfire_choices":[{"data":"Noxious Fumes","floor":7,"key":"SMITH"},{"floor":15,"key":"REST"},{"data":"Poisoned Stab","floor":27,"key":"SMITH"},{"data":"Bane","floor":29,"key":"SMITH"},{"data":"Strike_G","floor":32,"key":"PURGE"},{"floor":40,"key":"REST"}],"neow_cost":"NONE","seed_source_timestamp":181907598258362,"circlet_count":0,"master_deck":["Defend_G","Defend_G","Defend_G","Defend_G","Defend_G","Strike_G","Strike_G","Survivor","Neutralize","Bane+1","Noxious Fumes+1","Predator","Bullet Time","Caltrops","Crippling Poison","Dagger Spray","Heel Hook+1","Poisoned Stab+1","Writhe","Poisoned Stab","Unload","Terror","Clumsy","Writhe","Bane+1"],"relics":["Ring of the Snake","Incense Burner","Anchor","Shuriken","Dodecahedron","Ancient Tea Set","Cursed Key","Lee\u0027s Waffle","Lantern","Happy Flower","Ornamental Fan","Peace Pipe","Black Star","Ginger","Red Mask","Snake Skull"],"potions_floor_usage":[16,47,48],"damage_taken":[{"damage":1,"enemies":"Cultist","floor":1,"turns":5},{"damage":1,"enemies":"Small Slimes","floor":3,"turns":4},{"damage":3,"enemies":"2 Louse","floor":6,"turns":3},{"damage":8,"enemies":"Gremlin Nob","floor":8,"turns":5},{"damage":18,"enemies":"3 Sentries","floor":11,"turns":6},{"damage":5,"enemies":"2 Fungi Beasts","floor":13,"turns":4},{"damage":17,"enemies":"Gremlin Nob","floor":14,"turns":4},{"damage":23,"enemies":"Hexaghost","floor":16,"turns":8},{"damage":0,"enemies":"Shell Parasite","floor":18,"turns":4},{"damage":21,"enemies":"3 Byrds","floor":19,"turns":4},{"damage":7,"enemies":"Snecko","floor":20,"turns":5},{"damage":19,"enemies":"Cultist and Chosen","floor":22,"turns":6},{"damage":29,"enemies":"Book of Stabbing","floor":23,"turns":5},{"damage":10,"enemies":"Centurion and Healer","floor":24,"turns":5},{"damage":17,"enemies":"Snake Plant","floor":28,"turns":4},{"damage":1,"enemies":"Chosen and Byrds","floor":31,"turns":3},{"damage":47,"enemies":"Automaton","floor":33,"turns":8},{"damage":27,"enemies":"3 Darklings","floor":35,"turns":4},{"damage":20,"enemies":"3 Shapes","floor":37,"turns":4},{"damage":16,"enemies":"3 Darklings","floor":38,"turns":4},{"damage":17,"enemies":"Sphere and 2 Shapes","floor":42,"turns":4},{"damage":48,"enemies":"Maw","floor":45,"turns":7},{"damage":9,"enemies":"3 Darklings","floor":47,"turns":4},{"damage":19,"enemies":"Sphere and 2 Shapes","floor":48,"turns":3}],"seed_played":"-4409075995938283106","potions_obtained":[{"floor":6,"key":"SteroidPotion"},{"floor":11,"key":"Weak Potion"},{"floor":14,"key":"PowerPotion"},{"floor":20,"key":"Energy Potion"},{"floor":23,"key":"Regen Potion"},{"floor":33,"key":"Ancient Potion"}],"is_trial":false,"path_per_floor":["M","$","M","$","?","M","R","E","T","?","E","?","M","?","R","B",null,"M","M","M","$","M","E","M","?","T","R","M","R","?","M","R","B",null,"M","?","M","M","$","R","?","M","T","?","M","$","M"],"character_chosen":"THE_SILENT","items_purchased":["Lee\u0027s Waffle","Lantern","Ginger"],"campfire_rested":2,"item_purchase_floors":[21,21,39],"current_hp_per_floor":[69,69,68,68,61,58,58,50,50,55,37,37,32,15,37,14,75,75,54,47,82,63,34,24,92,92,92,75,75,75,74,74,27,92,65,65,45,29,29,56,56,39,39,62,14,14,19,0],"gold":69,"neow_bonus":"HUNDRED_GOLD","is_prod":false,"is_daily":false,"chose_seed":false,"campfire_upgraded":3,"win_rate":0.0,"timestamp":1531260599,"path_taken":["M","$","M","$","?","M","R","E","T","?","E","?","M","?","R","BOSS","M","M","?","$","M","E","M","?","T","R","M","R","?","M","R","BOSS","M","?","M","M","$","R","?","M","T","?","M","$","M","M"],"build_version":"2018-07-05","purchased_purges":2,"victory":false,"max_hp_per_floor":[70,70,70,70,70,70,70,70,70,75,75,75,75,75,75,75,75,75,75,75,82,82,82,82,92,92,92,92,92,92,92,92,92,92,92,92,92,92,92,92,92,92,92,92,92,92,92,92],"card_choices":[{"not_picked":["Deflect","Skewer"],"picked":"Bane","floor":1},{"not_picked":["Accuracy","Leg Sweep"],"picked":"Noxious Fumes","floor":3},{"not_picked":["Calculated Gamble","Riddle With Holes"],"picked":"Predator","floor":6},{"not_picked":["Well Laid Plans","Leg Sweep","Slice"],"picked":"SKIP","floor":8},{"not_picked":["Sucker Punch","Eviscerate"],"picked":"Night Terror","floor":11},{"not_picked":["PiercingWail","Outmaneuver","Predator"],"picked":"SKIP","floor":13},{"not_picked":["Tools of the Trade","Doppelganger"],"picked":"Bullet Time","floor":16},{"not_picked":["Slice+1","Outmaneuver"],"picked":"Caltrops","floor":18},{"not_picked":["Slice+1","Predator"],"picked":"Crippling Poison","floor":19},{"not_picked":["Deflect","Quick Slash"],"picked":"Dagger Spray","floor":20},{"not_picked":["Escape Plan","Prepared+1"],"picked":"Heel Hook+1","floor":22},{"not_picked":["Sucker Punch","Outmaneuver","Predator"],"picked":"SKIP","floor":23},{"not_picked":["All Out Attack","Backflip+1"],"picked":"Poisoned Stab","floor":24},{"not_picked":["Expertise","Dagger Throw"],"picked":"Poisoned Stab","floor":28},{"not_picked":["Deflect","Dagger Throw+1","Backflip"],"picked":"SKIP","floor":31},{"not_picked":["Doppelganger","Venomology"],"picked":"Unload","floor":33},{"not_picked":["Distraction","Acrobatics","Flying Knee"],"picked":"SKIP","floor":35},{"not_picked":["Slice","Calculated Gamble","Riddle With Holes"],"picked":"SKIP","floor":37},{"not_picked":["Deflect","PiercingWail+1"],"picked":"Terror","floor":38},{"not_picked":["Prepared+1","Terror","Escape Plan"],"picked":"SKIP","floor":42},{"not_picked":["PiercingWail+1","Escape Plan","Slice+1"],"picked":"SKIP","floor":45},{"not_picked":["Slice+1","Flying Knee+1"],"picked":"Bane+1","floor":47}],"player_experience":28791,"relics_obtained":[{"floor":8,"key":"Anchor"},{"floor":9,"key":"Shuriken"},{"floor":11,"key":"Dodecahedron"},{"floor":23,"key":"Happy Flower"},{"floor":26,"key":"Ornamental Fan"},{"floor":43,"key":"Snake Skull"}],"event_choices":[{"event_name":"Scrap Ooze","player_choice":"success","floor":5,"damage_taken":7},{"event_name":"Big Fish","player_choice":"Donut","floor":10,"damage_taken":0},{"event_name":"Wheel of Change","player_choice":"Gold","floor":12,"damage_taken":0},{"event_name":"Dead Adventurer","player_choice":"Searched \u00272\u0027 times","floor":14,"damage_taken":0},{"event_name":"Bonfire Elementals","player_choice":"RARE","floor":25,"damage_taken":0},{"event_name":"Wheel of Change","player_choice":"Relic","floor":30,"damage_taken":0},{"event_name":"SensoryStone","player_choice":"Memory 1","floor":36,"damage_taken":0},{"event_name":"Tomb of Lord Red Mask","player_choice":"Paid","floor":41,"damage_taken":0},{"event_name":"Winding Halls","player_choice":"Writhe","floor":44,"damage_taken":0}],"boss_relics":[{"not_picked":["Coffee Dripper","White Beast Statue"],"picked":"Cursed Key"},{"not_picked":["Snecko Eye","Eternal Feather"],"picked":"Black Star"}],"items_purged_floors":[2,4],"is_endless":false,"potions_floor_spawned":[6,11,14,20,23,24,33,35,42],"killed_by":"Sphere and 2 Shapes","ascension_level":0}