{"gold_per_floor":[112,123,123,138,156,156,188,188,262,272,272,291,142,156,156,253,253,269,282,282,44,57,57,87,87,87,116,116,41,61,71,71,170,170,185,285,304,319,204,204,238,252,252,252,271,287,117,137,137,137],"floor_reached":51,"playtime":3430,"items_purged":["Defend_G","Parasite"],"score":698,"play_id":"2499ae14-593f-4ce0-8697-d20a0d2758a8","local_time":"20190617191127","is_ascension_mode":false,"campfire_choices":[{"data":"Dagger Spray","floor":6.0,"key":"SMITH"},{"data":"Leg Sweep","floor":8.0,"key":"SMITH"},{"floor":11.0,"key":"REST"},{"data":"Cloak And Dagger","floor":15.0,"key":"SMITH"},{"floor":23.0,"key":"REST"},{"data":"Malaise","floor":25.0,"key":"SMITH"},{"floor":32.0,"key":"REST"},{"data":"Underhanded Strike","floor":40.0,"key":"SMITH"},{"data":"Backflip","floor":44.0,"key":"SMITH"},{"data":"Malaise","floor":49,"key":"SMITH"}],"neow_cost":"NONE","seed_source_timestamp":398291526150458,"circlet_count":0,"master_deck":["Defend_G","Defend_G","Defend_G","Strike_G","Strike_G","Strike_G","Strike_G","Survivor","Neutralize","Dagger Spray+1","Cloak And Dagger+1","Leg Sweep+1","Dodge and Roll","Malaise+1","PiercingWail+1","Footwork+1","Backflip+1","Well Laid Plans+1","Noxious Fumes+1","Acrobatics+1","Noxious Fumes+1","Calculated Gamble+1","Underhanded Strike+1","Phantasmal Killer","Infinite Blades+1","Acrobatics+1","Bouncing Flask","Malaise+1"],"special_seed":0,"relics":["Ring of the Snake","Bird Faced Urn","Frozen Egg 2","Oddly Smooth Stone","Snecko Eye","Kunai","Bronze Scales","Juzu Bracelet","Calipers","Shuriken","Empty Cage","Thread and Needle","Blue Candle","Mummified Hand"],"potions_floor_usage":[46,50],"damage_taken":[{"damage":1.0,"enemies":"Cultist","floor":1.0,"turns":4.0},{"damage":0.0,"enemies":"Jaw Worm","floor":2.0,"turns":5.0},{"damage":0.0,"enemies":"2 Louse","floor":4.0,"turns":3.0},{"damage":20.0,"enemies":"Exordium Thugs","floor":5.0,"turns":4.0},{"damage":30.0,"enemies":"Gremlin Nob","floor":7.0,"turns":5.0},{"damage":0.0,"enemies":"3 Louse","floor":10.0,"turns":2.0},{"damage":0.0,"enemies":"Blue Slaver","floor":12.0,"turns":5.0},{"damage":1.0,"enemies":"Large Slime","floor":14.0,"turns":7.0},{"damage":35.0,"enemies":"Hexaghost","floor":16.0,"turns":19.0},{"damage":8.0,"enemies":"Shell Parasite","floor":18.0,"turns":8.0},{"damage":15.0,"enemies":"Spheric Guardian","floor":19.0,"turns":10.0},{"damage":23.0,"enemies":"Colosseum Slavers","floor":20.0,"turns":8.0},{"damage":0.0,"enemies":"Snecko","floor":22.0,"turns":8.0},{"damage":5.0,"enemies":"Book of Stabbing","floor":24.0,"turns":17.0},{"damage":54.0,"enemies":"Slavers","floor":27.0,"turns":11.0},{"damage":0.0,"enemies":"Snake Plant","floor":30.0,"turns":6.0},{"damage":0.0,"enemies":"Cultist and Chosen","floor":31.0,"turns":8.0},{"damage":10.0,"enemies":"Automaton","floor":33.0,"turns":12.0},{"damage":3.0,"enemies":"3 Shapes","floor":35.0,"turns":5.0},{"damage":0.0,"enemies":"Mind Bloom Boss Battle","floor":36.0,"turns":8.0},{"damage":11.0,"enemies":"3 Darklings","floor":37.0,"turns":5.0},{"damage":9.0,"enemies":"4 Shapes","floor":38.0,"turns":7.0},{"damage":13.0,"enemies":"Nemesis","floor":41.0,"turns":7.0},{"damage":0.0,"enemies":"Maw","floor":42.0,"turns":8.0},{"damage":2.0,"enemies":"Transient","floor":45.0,"turns":5.0},{"damage":2,"enemies":"Writhing Mass","floor":46,"turns":6},{"damage":17,"enemies":"3 Darklings","floor":48,"turns":5},{"damage":33,"enemies":"Awakened One","floor":50,"turns":17}],"seed_played":"-1324319880130305872","potions_obtained":[{"floor":1.0,"key":"Ancient Potion"},{"floor":3.0,"key":"SkillPotion"},{"floor":3.0,"key":"Block Potion"},{"floor":7.0,"key":"FearPotion"},{"floor":14.0,"key":"Fruit Juice"},{"floor":16.0,"key":"FearPotion"},{"floor":24.0,"key":"Poison Potion"},{"floor":30.0,"key":"FearPotion"},{"floor":33.0,"key":"Fire Potion"},{"floor":36.0,"key":"LiquidBronze"},{"floor":37.0,"key":"LiquidBronze"},{"floor":46,"key":"SteroidPotion"}],"is_trial":false,"path_per_floor":["M","M","?","M","M","R","E","R","T","M","R","M","$","M","R","B",null,"M","M","?","$","M","R","E","R","T","E","T","$","M","M","R","B",null,"M","?","M","M","$","R","E","M","T","R","M","M","$","M","R","B",null],"character_chosen":"THE_SILENT","items_purchased":["Oddly Smooth Stone","Kunai","Noxious Fumes+1","Infinite Blades+1","Bouncing Flask"],"campfire_rested":3,"item_purchase_floors":[13,21,29,39,47],"current_hp_per_floor":[76,76,76,76,56,56,26,26,26,26,49,49,49,53,53,18,82,74,59,36,36,36,60,57,57,57,5,5,5,7,13,37,33,82,79,82,71,68,68,68,63,73,73,73,79,82,79,64,64,41],"gold":137,"neow_bonus":"TEN_PERCENT_HP_BONUS","is_prod":false,"is_daily":false,"chose_seed":false,"campfire_upgraded":7,"win_rate":0,"timestamp":1560769887,"path_taken":["M","?","?","M","M","R","E","R","T","?","R","M","$","M","R","BOSS","M","M","?","$","M","R","E","R","T","E","?","$","M","M","R","BOSS","M","?","M","M","$","R","E","M","T","R","M","M","$","M","R","BOSS"],"build_version":"2019-01-23","purchased_purges":2,"victory":true,"max_hp_per_floor":[77,77,77,77,77,77,77,77,77,77,77,77,77,82,82,82,82,82,82,82,82,82,82,82,82,82,82,82,82,82,82,82,82,82,82,82,82,82,82,82,82,82,82,82,82,82,79,79,79,79],"card_choices":[{"not_picked":["Backstab","Blade Dance"],"picked":"Dagger Spray","floor":1.0},{"not_picked":["Flechettes","Underhanded Strike"],"picked":"Cloak And Dagger","floor":2.0},{"not_picked":["Deadly Poison","Choke","Blade Dance"],"picked":"SKIP","floor":4.0},{"not_picked":["Blade Dance","Flying Knee","All Out Attack"],"picked":"SKIP","floor":5.0},{"not_picked":["Bane","Heel Hook"],"picked":"Leg Sweep","floor":7.0},{"not_picked":["Underhanded Strike","Poisoned Stab","Backstab"],"picked":"SKIP","floor":10.0},{"not_picked":["Sucker Punch","Poisoned Stab"],"picked":"Dodge and Roll","floor":12.0},{"not_picked":["Setup","Cloak And Dagger","Deadly Poison"],"picked":"SKIP","floor":14.0},{"not_picked":["Doppelganger","Wraith Form v2+1"],"picked":"Malaise","floor":16.0},{"not_picked":["Eviscerate","Quick Slash"],"picked":"PiercingWail+1","floor":18.0},{"not_picked":["Slice","Blade Dance+1","Acrobatics"],"picked":"SKIP","floor":19.0},{"not_picked":["Flying Knee","Accuracy+1"],"picked":"Footwork+1","floor":22.0},{"not_picked":["Heel Hook","Cloak And Dagger"],"picked":"Backflip","floor":24.0},{"not_picked":["Setup","Quick Slash"],"picked":"Well Laid Plans+1","floor":27.0},{"not_picked":["Slice","Dodge and Roll"],"picked":"Acrobatics+1","floor":30.0},{"not_picked":["Slice+1","Deadly Poison","Poisoned Stab"],"picked":"SKIP","floor":31.0},{"not_picked":["Accuracy+1","PiercingWail"],"picked":"Noxious Fumes+1","floor":35.0},{"not_picked":["Deflect+1","Dodge and Roll"],"picked":"Calculated Gamble+1","floor":36.0},{"not_picked":["Blur","Dagger Throw"],"picked":"Underhanded Strike","floor":37.0},{"not_picked":["Well Laid Plans+1","Backflip"],"picked":"Phantasmal Killer","floor":38.0},{"not_picked":["Dodge and Roll","Flying Knee+1","Calculated Gamble"],"picked":"SKIP","floor":41.0},{"not_picked":["Dodge and Roll","Reflex"],"picked":"Acrobatics+1","floor":42.0},{"not_picked":["Prepared+1","Slice","Dagger Throw+1"],"picked":"SKIP","floor":45.0},{"not_picked":["Expertise+1","Backstab+1","Distraction"],"picked":"SKIP","floor":46},{"not_picked":["Escape Plan+1","Poisoned Stab"],"picked":"Malaise","floor":48}],"player_experience":708369,"relics_obtained":[{"floor":7.0,"key":"Bird Faced Urn"},{"floor":9.0,"key":"Frozen Egg 2"},{"floor":24.0,"key":"Bronze Scales"},{"floor":26.0,"key":"Juzu Bracelet"},{"floor":27.0,"key":"Calipers"},{"floor":28.0,"key":"Shuriken"},{"floor":36.0,"key":"Thread and Needle"},{"floor":41.0,"key":"Blue Candle"},{"floor":43.0,"key":"Mummified Hand"}],"event_choices":[{"damage_healed":0.0,"max_hp_gain":0.0,"max_hp_loss":0.0,"gold_gain":0.0,"event_name":"Lab","player_choice":"Got Potions","floor":3.0,"gold_loss":0.0,"damage_taken":0.0},{"damage_healed":0.0,"max_hp_gain":0.0,"max_hp_loss":0.0,"gold_gain":0.0,"event_name":"Colosseum","player_choice":"Fight","floor":20.0,"gold_loss":0.0,"damage_taken":0.0},{"damage_healed":0.0,"max_hp_gain":0.0,"max_hp_loss":0.0,"gold_gain":0.0,"event_name":"Colosseum","player_choice":"Fled From Nobs","floor":20.0,"gold_loss":0.0,"damage_taken":0.0},{"damage_healed":0.0,"max_hp_gain":0.0,"max_hp_loss":0.0,"gold_gain":0.0,"event_name":"MindBloom","player_choice":"Fight","floor":36.0,"gold_loss":0.0,"damage_taken":0.0}],"is_beta":false,"boss_relics":[{"not_picked":["Astrolabe","Runic Dome"],"picked":"Snecko Eye"},{"not_picked":["Orrery","Velvet Choker"],"picked":"Empty Cage"}],"items_purged_floors":[39,47],"is_endless":false,"potions_floor_spawned":[1,7,14,16,20,24,30,33,36,37,46,48],"ascension_level":0}