{"gold_per_floor":[112,62,72,147,147,147,147,162,162,162,122,122,132,148,148,252,252,269,280,280,205,221,221,232,232,258,258],"floor_reached":27,"playtime":1041,"items_purged":[],"score":233,"play_id":"1fdc1696-db33-45a0-a54d-d36fc659fb1c","local_time":"20190612172827","is_ascension_mode":true,"campfire_choices":[{"data":"Terror","floor":6,"key":"SMITH"},{"floor":12,"key":"REST"},{"data":"Dagger Spray","floor":15,"key":"SMITH"},{"floor":23,"key":"REST"},{"floor":25,"key":"REST"}],"neow_cost":"CURSE","seed_source_timestamp":6488353368255,"circlet_count":0,"master_deck":["Defend_G","Defend_G","Defend_G","Defend_G","Strike_G","Strike_G","Strike_G","Survivor","Neutralize","Terror+1","Catalyst","Dagger Spray+1","After Image","Deadly Poison","Deadly Poison","Dagger Spray+1"],"relics":["Ring of the Snake","PreservedInsect","Juzu Bracelet","Philosopher\u0027s Stone","Snake Skull"],"potions_floor_usage":[16,16,19,22,24,27],"damage_taken":[{"damage":8,"enemies":"Jaw Worm","floor":1,"turns":5},{"damage":0,"enemies":"Small Slimes","floor":3,"turns":3},{"damage":0,"enemies":"2 Louse","floor":8,"turns":4},{"damage":8,"enemies":"Looter","floor":13,"turns":3},{"damage":7,"enemies":"Red Slaver","floor":14,"turns":5},{"damage":42,"enemies":"The Guardian","floor":16,"turns":14},{"damage":13,"enemies":"Chosen","floor":18,"turns":5},{"damage":44,"enemies":"3 Byrds","floor":19,"turns":6},{"damage":18,"enemies":"Centurion and Healer","floor":22,"turns":10},{"damage":27,"enemies":"3 Cultists","floor":24,"turns":5},{"damage":47,"enemies":"Gremlin Leader","floor":27,"turns":3}],"seed_played":"-5725650693988618466","potions_obtained":[{"floor":1,"key":"Block Potion"},{"floor":8,"key":"Dexterity Potion"},{"floor":16,"key":"GamblersBrew"},{"floor":18,"key":"Fire Potion"},{"floor":19,"key":"Regen Potion"},{"floor":22,"key":"AttackPotion"},{"floor":24,"key":"SkillPotion"}],"is_trial":false,"path_per_floor":["M","?","M","?","?","R","?","M","T","?","$","R","M","M","R","B",null,"M","M","?","?","M","R","M","R","T","E"],"character_chosen":"THE_SILENT","items_purchased":["Catalyst"],"campfire_rested":3,"item_purchase_floors":[11],"current_hp_per_floor":[76,76,76,65,65,65,65,65,65,53,53,78,70,63,63,21,84,71,27,27,27,24,49,22,47,47,0],"gold":258,"neow_bonus":"TWENTY_PERCENT_HP_BONUS","is_prod":false,"is_daily":false,"chose_seed":false,"campfire_upgraded":2,"win_rate":0,"timestamp":1560378507,"path_taken":["M","?","M","?","?","R","?","?","T","?","$","R","M","M","R","BOSS","M","M","?","?","M","R","M","R","T","E"],"build_version":"2019-01-23","purchased_purges":0,"victory":false,"max_hp_per_floor":[84,84,84,84,84,84,84,84,84,84,84,84,84,84,84,84,84,84,84,84,84,84,84,84,84,84,84],"card_choices":[{"not_picked":["Flying Knee","Heel Hook"],"picked":"Terror","floor":1},{"not_picked":["Accuracy","Dagger Throw","Expertise"],"picked":"SKIP","floor":3},{"not_picked":["Blade Dance","Footwork","Dodge and Roll"],"picked":"SKIP","floor":8},{"not_picked":["Eviscerate","Tactician","Sucker Punch"],"picked":"SKIP","floor":13},{"not_picked":["PiercingWail","Flying Knee"],"picked":"Dagger Spray","floor":14},{"not_picked":["Phantasmal Killer","Tools of the Trade"],"picked":"After Image","floor":16},{"not_picked":["Dodge and Roll","Acrobatics"],"picked":"Deadly Poison","floor":18},{"not_picked":["Acrobatics+1","Heel Hook","Blade Dance"],"picked":"SKIP","floor":19},{"not_picked":["Acrobatics+1","Flying Knee+1"],"picked":"Deadly Poison","floor":22},{"not_picked":["Heel Hook","Dodge and Roll"],"picked":"Dagger Spray+1","floor":24}],"player_experience":157873,"relics_obtained":[{"floor":9,"key":"PreservedInsect"},{"floor":26,"key":"Snake Skull"}],"event_choices":[{"cards_removed":["Strike_G"],"damage_healed":0,"gold_gain":0,"player_choice":"Card Removal","damage_taken":0,"max_hp_gain":0,"max_hp_loss":0,"event_name":"The Cleric","floor":2,"gold_loss":50},{"damage_healed":0,"gold_gain":75,"player_choice":"Gather Gold","damage_taken":11,"max_hp_gain":0,"max_hp_loss":0,"event_name":"World of Goop","floor":4,"gold_loss":0},{"damage_healed":0,"gold_gain":0,"player_choice":"Ignored","damage_taken":0,"max_hp_gain":0,"max_hp_loss":0,"event_name":"Liars Game","floor":5,"gold_loss":0},{"cards_removed":["Defend_G"],"damage_healed":0,"gold_gain":0,"player_choice":"Forget","damage_taken":0,"max_hp_gain":0,"max_hp_loss":0,"event_name":"Living Wall","floor":7,"gold_loss":0},{"damage_healed":0,"gold_gain":0,"player_choice":"Success","damage_taken":12,"relics_obtained":["Juzu Bracelet"],"max_hp_gain":0,"max_hp_loss":0,"event_name":"Scrap Ooze","floor":10,"gold_loss":0},{"cards_removed":["Clumsy"],"damage_healed":0,"gold_gain":0,"player_choice":"Removed Curses","damage_taken":0,"max_hp_gain":0,"max_hp_loss":0,"event_name":"Fountain of Cleansing","floor":20,"gold_loss":0},{"cards_removed":["Strike_G"],"damage_healed":0,"gold_gain":0,"player_choice":"Gave Gold","damage_taken":0,"max_hp_gain":0,"max_hp_loss":0,"event_name":"Beggar","floor":21,"gold_loss":75}],"is_beta":false,"boss_relics":[{"not_picked":["Calling Bell","Ectoplasm"],"picked":"Philosopher\u0027s Stone"}],"items_purged_floors":[],"is_endless":false,"potions_floor_spawned":[1,8,16,18,19,22,24],"killed_by":"Gremlin Leader","ascension_level":3}