{"gold_per_floor":[113,188,138,138,151,151,182,182,205,236,248,248,263,42,42,141,141,151,174,197,221,148,160,172],"floor_reached":24,"playtime":1259,"items_purged":["Defend_G"],"score":263,"play_id":"ea843641-39a3-4e13-a1f5-c5fe2a637fd5","local_time":"20190611202444","is_ascension_mode":true,"campfire_choices":[{"data":"Catalyst","floor":6,"key":"SMITH"},{"data":"Blur","floor":8,"key":"SMITH"},{"floor":15,"key":"REST"},{"floor":23,"key":"REST"}],"neow_cost":"NONE","seed_source_timestamp":1080482350951831,"circlet_count":0,"master_deck":["Defend_G","Defend_G","Defend_G","Strike_G","Strike_G","Strike_G","Survivor","Neutralize+1","Dagger Spray","Catalyst+1","Blur+1","Backflip","Slice","Bullet Time","Dagger Spray","Poisoned Stab","Deadly Poison+1"],"relics":["Ring of the Snake","NeowsBlessing","Potion Belt","Whetstone","Paper Crane","Omamori","Sozu","MawBank","Ancient Tea Set"],"potions_floor_usage":[10,16,24],"damage_taken":[{"damage":0,"enemies":"Small Slimes","floor":1,"turns":1},{"damage":0,"enemies":"Jaw Worm","floor":5,"turns":1},{"damage":0,"enemies":"Gremlin Nob","floor":7,"turns":1},{"damage":21,"enemies":"3 Sentries","floor":10,"turns":7},{"damage":10,"enemies":"Cultist","floor":11,"turns":4},{"damage":8,"enemies":"Large Slime","floor":13,"turns":7},{"damage":32,"enemies":"Slime Boss","floor":16,"turns":14},{"damage":4,"enemies":"Shell Parasite","floor":18,"turns":11},{"damage":10,"enemies":"Chosen","floor":20,"turns":8},{"damage":30,"enemies":"Snake Plant","floor":21,"turns":9},{"damage":53,"enemies":"Gremlin Leader","floor":24,"turns":5}],"seed_played":"551887835387860094","potions_obtained":[{"floor":5,"key":"SpeedPotion"},{"floor":7,"key":"Explosive Potion"},{"floor":13,"key":"Strength Potion"}],"is_trial":false,"path_per_floor":["M","?","?","?","M","R","E","R","T","E","M","?","M","$","R","B",null,"M","T","M","M","?","R","E"],"character_chosen":"THE_SILENT","items_purchased":["Omamori"],"campfire_rested":2,"item_purchase_floors":[14],"current_hp_per_floor":[70,59,59,59,59,59,59,59,59,38,28,28,20,20,41,9,70,66,66,56,26,26,47,0],"gold":172,"neow_bonus":"THREE_ENEMY_KILL","is_prod":false,"is_daily":false,"chose_seed":false,"campfire_upgraded":2,"win_rate":0,"timestamp":1560302684,"path_taken":["M","?","?","?","M","R","E","R","T","E","?","?","M","$","R","BOSS","M","?","?","M","?","R","E"],"build_version":"2019-01-23","purchased_purges":1,"victory":false,"max_hp_per_floor":[70,70,70,70,70,70,70,70,70,70,70,70,70,70,70,70,70,70,70,70,70,70,70,70],"card_choices":[{"not_picked":["Underhanded Strike","Sucker Punch"],"picked":"Dagger Spray","floor":1},{"not_picked":["Poisoned Stab","Skewer"],"picked":"Catalyst","floor":5},{"not_picked":["Infinite Blades","Skewer"],"picked":"Blur","floor":7},{"not_picked":["Blur","A Thousand Cuts"],"picked":"Backflip","floor":10},{"not_picked":["Outmaneuver","Prepared"],"picked":"Slice","floor":11},{"not_picked":["Dagger Throw","PiercingWail","Predator"],"picked":"SKIP","floor":13},{"not_picked":["Doppelganger","Night Terror"],"picked":"Bullet Time","floor":16},{"not_picked":["Backstab","Escape Plan"],"picked":"Dagger Spray","floor":18},{"not_picked":["Heel Hook","PiercingWail"],"picked":"Poisoned Stab","floor":20},{"not_picked":["Underhanded Strike","Dagger Spray"],"picked":"Deadly Poison+1","floor":21}],"player_experience":151860,"relics_obtained":[{"floor":7,"key":"Potion Belt"},{"floor":9,"key":"Whetstone"},{"floor":10,"key":"Paper Crane"},{"floor":19,"key":"MawBank"}],"event_choices":[{"damage_healed":0,"gold_gain":75,"player_choice":"Gather Gold","damage_taken":11,"max_hp_gain":0,"max_hp_loss":0,"event_name":"World of Goop","floor":2,"gold_loss":0},{"cards_removed":["Strike_G"],"damage_healed":0,"gold_gain":0,"player_choice":"Card Removal","damage_taken":0,"max_hp_gain":0,"max_hp_loss":0,"event_name":"The Cleric","floor":3,"gold_loss":50},{"cards_removed":["Defend_G"],"damage_healed":0,"gold_gain":0,"player_choice":"Purged","damage_taken":0,"max_hp_gain":0,"max_hp_loss":0,"event_name":"Purifier","floor":4,"gold_loss":0},{"cards_removed":["Strike_G"],"damage_healed":0,"gold_gain":0,"player_choice":"Offered Basic","damage_taken":0,"max_hp_gain":0,"max_hp_loss":0,"event_name":"Bonfire Elementals","floor":12,"gold_loss":0},{"damage_healed":0,"gold_gain":0,"player_choice":"Obtained Relic","damage_taken":0,"relics_obtained":["Ancient Tea Set"],"max_hp_gain":0,"max_hp_loss":0,"event_name":"Addict","floor":22,"gold_loss":85}],"is_beta":false,"boss_relics":[{"not_picked":["Runic Dome","White Beast Statue"],"picked":"Sozu"}],"items_purged_floors":[14],"is_endless":false,"potions_floor_spawned":[5,7,13],"killed_by":"Gremlin Leader","ascension_level":3}