{"gold_per_floor":[212,172,172,198,46,46,71,71,125,146,10,26,26,47,47,178,178,148],"floor_reached":18,"playtime":787,"items_purged":["Strike_G","Strike_G"],"score":150,"play_id":"7a3d57aa-613f-40a5-ac5a-6e106eacb68a","local_time":"20180723090355","is_ascension_mode":false,"campfire_choices":[{"data":"Noxious Fumes","floor":6,"key":"SMITH"},{"data":"Bane","floor":8,"key":"SMITH"},{"data":"Noxious Fumes","floor":13,"key":"SMITH"},{"data":"Poisoned Stab","floor":15,"key":"SMITH"}],"neow_cost":"NONE","seed_source_timestamp":224734173749439,"circlet_count":0,"master_deck":["Defend_G","Defend_G","Defend_G","Defend_G","Defend_G","Strike_G","Strike_G","Strike_G","Survivor","Neutralize","Deadly Poison","Injury","Noxious Fumes+1","Bane+1","Deadly Poison","Noxious Fumes+1","Poisoned Stab+1","Burst"],"relics":["Ring of the Snake","Golden Idol","Boot","Tiny Chest","Snecko Eye"],"potions_floor_usage":[10,14,16,16],"damage_taken":[{"damage":1,"enemies":"Cultist","floor":1,"turns":4},{"damage":0,"enemies":"2 Louse","floor":7,"turns":2},{"damage":3,"enemies":"Small Slimes","floor":10,"turns":3},{"damage":2,"enemies":"Blue Slaver","floor":12,"turns":3},{"damage":0,"enemies":"Exordium Thugs","floor":14,"turns":3},{"damage":4,"enemies":"Slime Boss","floor":16,"turns":6},{"damage":5,"enemies":"2 Thieves","floor":18,"turns":2}],"seed_played":"-4873309277449162196","potions_obtained":[{"floor":2,"key":"PowerPotion"},{"floor":2,"key":"Fire Potion"},{"floor":2,"key":"FairyPotion"},{"floor":10,"key":"Fire Potion"},{"floor":14,"key":"Block Potion"}],"is_trial":false,"path_per_floor":["M","?","?","T","$","R","M","R","T","M","$","M","R","M","R","B",null],"character_chosen":"THE_SILENT","items_purchased":["Noxious Fumes","Noxious Fumes"],"campfire_rested":0,"item_purchase_floors":[5,11],"current_hp_per_floor":[69,69,69,69,69,69,69,69,69,66,66,64,64,64,64,60,70,65],"gold":148,"neow_bonus":"HUNDRED_GOLD","is_prod":false,"is_daily":false,"chose_seed":false,"campfire_upgraded":4,"win_rate":0.0,"timestamp":1532354635,"path_taken":["M","?","?","?","$","R","?","R","T","M","$","M","R","?","R","BOSS","M"],"build_version":"2018-07-19v2","purchased_purges":2,"victory":false,"max_hp_per_floor":[70,70,70,70,70,70,70,70,70,70,70,70,70,70,70,70,70,70],"card_choices":[{"not_picked":["Dagger Spray","Setup"],"picked":"Deadly Poison","floor":1},{"not_picked":["Poisoned Stab","Tactician"],"picked":"Bane","floor":7},{"not_picked":["Underhanded Strike","Slice"],"picked":"Deadly Poison","floor":10},{"not_picked":["Terror","Choke"],"picked":"Poisoned Stab","floor":12},{"not_picked":["Footwork","Cloak And Dagger","Heel Hook"],"picked":"SKIP","floor":14},{"not_picked":["Phantasmal Killer","Unload"],"picked":"Burst","floor":16}],"player_experience":66739,"relics_obtained":[{"floor":4,"key":"Boot"},{"floor":9,"key":"Tiny Chest"}],"event_choices":[{"event_name":"The Woman in Blue","player_choice":"Bought 3 Potions","floor":2,"damage_taken":0},{"event_name":"Golden Idol","player_choice":"Take Wound","floor":3,"damage_taken":0}],"is_beta":false,"boss_relics":[{"not_picked":["Black Star","WristBlade"],"picked":"Snecko Eye"}],"items_purged_floors":[5,11],"is_endless":false,"potions_floor_spawned":[10,12,14],"killed_by":"2 Thieves","ascension_level":0}