{"gold_per_floor":[119,119,138,152,165,199,199,199,222,222,239,314,56,84,84,180,180,197,197,197],"floor_reached":20,"playtime":1277,"items_purged":["Strike_B"],"score":218,"play_id":"80322456-539b-4a5b-adb8-e3884ec3004b","local_time":"20190617192307","is_ascension_mode":true,"campfire_choices":[{"floor":8,"key":"REST"},{"data":"Loop","floor":10,"key":"SMITH"},{"floor":15,"key":"REST"}],"neow_cost":"NONE","seed_source_timestamp":4439753650401,"circlet_count":0,"master_deck":["Strike_B","Strike_B","Strike_B","Defend_B","Defend_B+1","Defend_B","Defend_B","Zap+1","Dualcast","Ball Lightning","Defragment","Ball Lightning","FTL","Loop+1","Barrage","Glacier","Meteor Strike+1","Capacitor","Creative AI","Self Repair"],"relics":["Nuclear Battery","Boot","War Paint","Potion Belt","Molten Egg 2","Toxic Egg 2","Philosopher\u0027s Stone","Nilry\u0027s Codex"],"potions_floor_usage":[14,14,14,16,18,20,20],"damage_taken":[{"damage":10,"enemies":"Small Slimes","floor":1,"turns":3},{"damage":6,"enemies":"Cultist","floor":3,"turns":3},{"damage":2,"enemies":"Jaw Worm","floor":4,"turns":3},{"damage":6,"enemies":"Looter","floor":5,"turns":2},{"damage":20,"enemies":"Lagavulin","floor":6,"turns":5},{"damage":6,"enemies":"2 Fungi Beasts","floor":11,"turns":3},{"damage":10,"enemies":"Gremlin Nob","floor":14,"turns":5},{"damage":10,"enemies":"Slime Boss","floor":16,"turns":5},{"damage":14,"enemies":"Chosen","floor":18,"turns":5},{"damage":8,"enemies":"Colosseum Slavers","floor":20,"turns":4},{"damage":72,"enemies":"Colosseum Nobs","floor":20,"turns":4}],"seed_played":"6447130191222754251","potions_obtained":[{"floor":5,"key":"Ancient Potion"},{"floor":6,"key":"Explosive Potion"},{"floor":14,"key":"FearPotion"},{"floor":16,"key":"Ancient Potion"}],"is_trial":false,"path_per_floor":["M","?","M","M","M","E","?","R","T","R","M","T","$","E","R","B",null,"M","?","?"],"character_chosen":"DEFECT","items_purchased":["Meteor Strike+1","EntropicBrew"],"campfire_rested":2,"item_purchase_floors":[13,13],"current_hp_per_floor":[65,65,59,57,51,31,24,46,46,46,40,40,40,30,52,42,75,70,54,0],"gold":197,"neow_bonus":"BOSS_RELIC","is_prod":false,"is_daily":false,"chose_seed":false,"campfire_upgraded":1,"win_rate":0,"timestamp":1560813787,"path_taken":["M","?","M","?","M","E","?","R","T","R","M","?","$","E","R","BOSS","M","?","?"],"build_version":"2019-01-23","purchased_purges":1,"victory":false,"max_hp_per_floor":[75,75,75,75,75,75,75,75,75,75,75,75,75,75,75,75,75,75,75,75],"card_choices":[{"not_picked":["Barrage","Leap"],"picked":"Ball Lightning","floor":1},{"not_picked":["Sweeping Beam","Consume"],"picked":"Ball Lightning","floor":3},{"not_picked":["Recycle","Tempest"],"picked":"FTL","floor":4},{"not_picked":["Barrage","Ball Lightning"],"picked":"Loop","floor":5},{"not_picked":["Hello World","Conserve Battery"],"picked":"Barrage","floor":6},{"not_picked":["Ball Lightning","Coolheaded"],"picked":"Glacier","floor":11},{"not_picked":["Lockon+1","Consume"],"picked":"Capacitor","floor":14},{"not_picked":["Core Surge+1","Biased Cognition"],"picked":"Creative AI","floor":16},{"not_picked":["Redo+1","Double Energy+1"],"picked":"Self Repair","floor":18}],"player_experience":409025,"relics_obtained":[{"floor":6,"key":"Boot"},{"floor":9,"key":"Potion Belt"},{"floor":12,"key":"Molten Egg 2"},{"floor":14,"key":"Toxic Egg 2"},{"floor":19,"key":"Nilry\u0027s Codex"}],"event_choices":[{"damage_healed":0,"gold_gain":0,"player_choice":"1 cards matched","damage_taken":0,"max_hp_gain":0,"max_hp_loss":0,"event_name":"Match and Keep!","floor":2,"gold_loss":0,"cards_obtained":["Defragment"]},{"damage_healed":0,"gold_gain":0,"player_choice":"Success","damage_taken":7,"relics_obtained":["War Paint"],"max_hp_gain":0,"max_hp_loss":0,"event_name":"Scrap Ooze","floor":7,"gold_loss":0},{"damage_healed":0,"gold_gain":0,"player_choice":"Obtained Book","damage_taken":16,"max_hp_gain":0,"max_hp_loss":0,"event_name":"Cursed Tome","floor":19,"gold_loss":0},{"damage_healed":0,"gold_gain":0,"player_choice":"Fight","damage_taken":0,"max_hp_gain":0,"max_hp_loss":0,"event_name":"Colosseum","floor":20,"gold_loss":0},{"damage_healed":0,"gold_gain":0,"player_choice":"Fought Nobs","damage_taken":0,"max_hp_gain":0,"max_hp_loss":0,"event_name":"Colosseum","floor":20,"gold_loss":0}],"is_beta":false,"boss_relics":[{"not_picked":["Coffee Dripper","Ectoplasm"],"picked":"Philosopher\u0027s Stone"}],"items_purged_floors":[13],"is_endless":false,"potions_floor_spawned":[5,6,14,16,20],"killed_by":"Colosseum Nobs","ascension_level":4}