{"gold_per_floor":[112,112,126,146,146,187,187,212,212,212],"floor_reached":10,"playtime":347,"items_purged":[],"score":82,"play_id":"7308d6a5-d296-4d79-b1a8-9043ac8dc236","local_time":"20190617222152","is_ascension_mode":true,"campfire_choices":[{"floor":7,"key":"REST"}],"neow_cost":"CURSE","seed_source_timestamp":16096477977050,"circlet_count":0,"master_deck":["Strike_B","Strike_B","Strike_B","Strike_B","Defend_B","Defend_B","Defend_B","Defend_B","Zap","Dualcast","Writhe","Creative AI","Steam Power","Injury","Force Field","White Noise","Decay","Lockon","Self Repair"],"relics":["Cracked Core","Golden Idol","Shuriken","Molten Egg 2"],"potions_floor_usage":[4,6,10],"damage_taken":[{"damage":18,"enemies":"Jaw Worm","floor":1,"turns":4},{"damage":2,"enemies":"2 Louse","floor":3,"turns":3},{"damage":1,"enemies":"Cultist","floor":4,"turns":3},{"damage":44,"enemies":"Gremlin Nob","floor":6,"turns":5},{"damage":20,"enemies":"Red Slaver","floor":8,"turns":3},{"damage":12,"enemies":"Lagavulin","floor":10,"turns":4}],"seed_played":"8591033579635144636","potions_obtained":[{"floor":3,"key":"Fire Potion"},{"floor":4,"key":"Block Potion"},{"floor":6,"key":"SpeedPotion"}],"is_trial":false,"path_per_floor":["M","?","M","M","?","E","R","M","T","E"],"character_chosen":"DEFECT","items_purchased":[],"campfire_rested":1,"item_purchase_floors":[],"current_hp_per_floor":[57,57,55,54,54,10,32,12,12,0],"gold":212,"neow_bonus":"THREE_RARE_CARDS","is_prod":false,"is_daily":false,"chose_seed":false,"campfire_upgraded":0,"win_rate":0,"timestamp":1560824512,"path_taken":["M","?","M","M","?","E","R","M","T","E"],"build_version":"2019-01-23","purchased_purges":0,"victory":false,"max_hp_per_floor":[75,75,75,75,75,75,75,75,75,75],"card_choices":[{"not_picked":["Fission","Reboot"],"picked":"Creative AI","floor":0},{"not_picked":["Undo","Coolheaded"],"picked":"Steam Power","floor":1},{"not_picked":["Gash","Consume"],"picked":"Force Field","floor":3},{"not_picked":["Aggregate","Turbo"],"picked":"White Noise","floor":4},{"not_picked":["Ball Lightning","Scrape"],"picked":"Lockon","floor":6},{"not_picked":["Fusion","Blizzard"],"picked":"Self Repair","floor":8}],"player_experience":417258,"relics_obtained":[{"floor":6,"key":"Shuriken"},{"floor":9,"key":"Molten Egg 2"}],"event_choices":[{"damage_healed":0,"gold_gain":0,"player_choice":"Take Wound","damage_taken":0,"relics_obtained":["Golden Idol"],"max_hp_gain":0,"max_hp_loss":0,"event_name":"Golden Idol","floor":2,"gold_loss":0,"cards_obtained":["Injury"]},{"damage_healed":0,"gold_gain":0,"player_choice":"Cursed","damage_taken":0,"max_hp_gain":0,"max_hp_loss":0,"event_name":"Wheel of Change","floor":5,"gold_loss":0,"cards_obtained":["Decay"]}],"is_beta":false,"boss_relics":[],"items_purged_floors":[],"is_endless":false,"potions_floor_spawned":[3,4,6],"killed_by":"Lagavulin","ascension_level":4}