{"gold_per_floor":[112,112,112,130,143,186,186,229,229,249,249,272,288,307,307,435,435,454,454,369,48,71,71,84,84,84,107,107,146,146,186,186,186],"floor_reached":33,"playtime":1338,"items_purged":["Strike_G"],"score":337,"play_id":"a37ed5a1-406e-41b0-869a-f34fabac355c","local_time":"20180805114920","is_ascension_mode":true,"campfire_choices":[{"data":"Bouncing Flask","floor":7,"key":"SMITH"},{"floor":11,"key":"REST"},{"floor":15,"key":"REST"},{"data":"Cloak And Dagger","floor":23,"key":"SMITH"},{"floor":30,"key":"REST"},{"floor":32,"key":"REST"}],"neow_cost":"","seed_source_timestamp":0,"circlet_count":0,"master_deck":["Defend_G","Defend_G","Defend_G","Defend_G","Defend_G","Survivor","Neutralize","Cloak And Dagger","Injury","Bane+1","Bouncing Flask+1","Infinite Blades","Quick Slash+1","Accuracy","Bane","Noxious Fumes","Bouncing Flask","A Thousand Cuts","Slice","Cloak And Dagger+1","Deflect","Blade Dance","Bite","Bite","Bite","Bite","Bite","Caltrops"],"relics":["Ring of the Snake","Golden Idol","Lantern","Bottled Tornado","Whetstone","WristBlade","Strawberry","Lee\u0027s Waffle","Pear","StoneCalendar","Meat on the Bone"],"potions_floor_usage":[6,6,8,16,29,29,31],"damage_taken":[{"damage":7,"enemies":"Small Slimes","floor":1,"turns":4},{"damage":2,"enemies":"Jaw Worm","floor":4,"turns":5},{"damage":0,"enemies":"2 Louse","floor":5,"turns":4},{"damage":6,"enemies":"Gremlin Nob","floor":6,"turns":4},{"damage":21,"enemies":"3 Sentries","floor":8,"turns":9},{"damage":0,"enemies":"2 Fungi Beasts","floor":10,"turns":3},{"damage":0,"enemies":"Large Slime","floor":12,"turns":4},{"damage":10,"enemies":"Gremlin Gang","floor":13,"turns":6},{"damage":17,"enemies":"3 Louse","floor":14,"turns":4},{"damage":12,"enemies":"Slime Boss","floor":16,"turns":8},{"damage":43,"enemies":"3 Byrds","floor":18,"turns":5},{"damage":0,"enemies":"Chosen","floor":22,"turns":4},{"damage":11,"enemies":"Centurion and Healer","floor":24,"turns":6},{"damage":18,"enemies":"Chosen and Byrds","floor":27,"turns":5},{"damage":59,"enemies":"Slavers","floor":29,"turns":6},{"damage":35,"enemies":"Book of Stabbing","floor":31,"turns":6},{"damage":41,"enemies":"Champ","floor":33,"turns":5}],"seed_played":"-8283328262775355151","potions_obtained":[{"floor":1,"key":"Weak Potion"},{"floor":5,"key":"Energy Potion"},{"floor":6,"key":"SkillPotion"},{"floor":10,"key":"GamblersBrew"},{"floor":16,"key":"Dexterity Potion"},{"floor":22,"key":"Regen Potion"},{"floor":29,"key":"Swift Potion"}],"is_trial":true,"path_per_floor":["M","?","?","M","M","E","R","E","T","M","R","M","M","M","R","B",null,"M","?","?","$","M","R","M","$","T","M","?","E","R","E","R"],"character_chosen":"THE_SILENT","items_purchased":["Lee\u0027s Waffle","Cloak And Dagger"],"campfire_rested":4,"item_purchase_floors":[21,21],"current_hp_per_floor":[63,63,63,61,61,55,55,34,34,34,55,55,45,28,49,37,70,27,27,34,84,84,84,73,73,83,65,65,24,43,16,35,0],"gold":186,"neow_bonus":"","is_prod":false,"is_daily":false,"chose_seed":false,"campfire_upgraded":2,"win_rate":0,"timestamp":1533487760,"path_taken":["M","?","?","?","M","E","R","E","T","M","R","M","M","?","R","BOSS","M","?","?","?","?","R","M","$","T","M","?","E","R","E","R","BOSS"],"build_version":"2018-08-02","purchased_purges":1,"victory":false,"max_hp_per_floor":[70,70,70,70,70,70,70,70,70,70,70,70,70,70,70,70,70,70,70,77,84,84,84,84,84,94,94,65,65,65,65,65,65],"card_choices":[{"not_picked":["Flechettes","Reflex"],"picked":"Cloak And Dagger","floor":1},{"not_picked":["Infinite Blades","PiercingWail"],"picked":"Bane","floor":4},{"not_picked":["Deadly Poison","Terror"],"picked":"Bouncing Flask","floor":5},{"not_picked":["Dagger Spray","Riddle With Holes"],"picked":"Infinite Blades","floor":6},{"not_picked":["PiercingWail","Masterful Stab"],"picked":"Quick Slash","floor":8},{"not_picked":["Outmaneuver","Deflect"],"picked":"Accuracy","floor":10},{"not_picked":["Bouncing Flask","Choke"],"picked":"Bane","floor":12},{"not_picked":["PiercingWail","Flying Knee"],"picked":"Noxious Fumes","floor":13},{"not_picked":["Cloak And Dagger","Grand Finale"],"picked":"Bouncing Flask","floor":14},{"not_picked":["Wraith Form v2","After Image"],"picked":"A Thousand Cuts","floor":16},{"not_picked":["Infinite Blades+1","Choke+1"],"picked":"Slice","floor":18},{"not_picked":["Cloak And Dagger","Outmaneuver","Flying Knee"],"picked":"SKIP","floor":22},{"not_picked":["Prepared","Flying Knee"],"picked":"Deflect","floor":24},{"not_picked":["Dagger Spray","Heel Hook"],"picked":"Blade Dance","floor":27},{"not_picked":["Bane+1","Flying Knee","Well Laid Plans"],"picked":"SKIP","floor":29},{"not_picked":["Underhanded Strike","Storm of Steel"],"picked":"Caltrops","floor":31}],"player_experience":118790,"relics_obtained":[{"floor":6,"key":"Lantern"},{"floor":8,"key":"Bottled Tornado"},{"floor":9,"key":"Whetstone"},{"floor":26,"key":"Pear"},{"floor":29,"key":"StoneCalendar"},{"floor":31,"key":"Meat on the Bone"}],"event_choices":[{"event_name":"Living Wall","player_choice":"Forget","floor":2,"damage_taken":0},{"event_name":"Golden Idol","player_choice":"Take Wound","floor":3,"damage_taken":0},{"event_name":"Cursed Tome","player_choice":"Ignored","floor":19,"damage_taken":0},{"event_name":"Addict","player_choice":"Obtained Relic","floor":20,"damage_taken":0},{"event_name":"Vampires","player_choice":"Became a vampire","floor":28,"damage_taken":0}],"is_beta":false,"boss_relics":[{"not_picked":["Eternal Feather","Coffee Dripper"],"picked":"WristBlade"}],"items_purged_floors":[21],"is_endless":false,"potions_floor_spawned":[1,5,6,10,16,22,29],"killed_by":"Champ","ascension_level":1}