{"gold_per_floor":[116,41,41,57,232,232,257,257,257,280,296,296,310,333,333,462,462,477,477,493,418,433,433,433],"floor_reached":24,"playtime":765,"items_purged":["Strike_G"],"score":197,"play_id":"cf984539-ede6-455f-8a3e-fd5cc9b21116","local_time":"20180805112650","is_ascension_mode":true,"campfire_choices":[{"data":"Poisoned Stab","floor":6,"key":"SMITH"},{"data":"Neutralize","floor":8,"key":"SMITH"},{"floor":12,"key":"REST"},{"floor":15,"key":"REST"},{"floor":23,"key":"REST"}],"neow_cost":"","seed_source_timestamp":0,"circlet_count":0,"master_deck":["Defend_G+1","Defend_G","Defend_G","Defend_G","Defend_G","Strike_G","Strike_G","Strike_G","Survivor","Neutralize+1","Deadly Poison+1","Injury","Poisoned Stab+1","Doubt","Backflip","Deadly Poison","Sucker Punch","A Thousand Cuts","Deflect"],"relics":["Ring of the Snake","Golden Idol","War Paint","Blue Candle","Philosopher\u0027s Stone"],"potions_floor_usage":[14,16,20,24,24],"damage_taken":[{"damage":14,"enemies":"Jaw Worm","floor":1,"turns":7},{"damage":0,"enemies":"2 Louse","floor":4,"turns":3},{"damage":0,"enemies":"Cultist","floor":10,"turns":3},{"damage":23,"enemies":"Exordium Wildlife","floor":11,"turns":6},{"damage":0,"enemies":"3 Louse","floor":13,"turns":3},{"damage":0,"enemies":"Large Slime","floor":14,"turns":6},{"damage":42,"enemies":"Slime Boss","floor":16,"turns":11},{"damage":10,"enemies":"Shell Parasite","floor":18,"turns":5},{"damage":16,"enemies":"2 Thieves","floor":20,"turns":4},{"damage":5,"enemies":"Snake Plant","floor":22,"turns":4},{"damage":65,"enemies":"Slavers","floor":24,"turns":4}],"seed_played":"-5999882440111977247","potions_obtained":[{"floor":10,"key":"Swift Potion"},{"floor":13,"key":"SkillPotion"},{"floor":16,"key":"SteroidPotion"},{"floor":18,"key":"Dexterity Potion"},{"floor":22,"key":"SkillPotion"}],"is_trial":true,"path_per_floor":["M","$","?","M","?","R","T","R","T","M","M","R","M","M","R","B",null,"M","?","M","?","M","R"],"character_chosen":"THE_SILENT","items_purchased":[],"campfire_rested":3,"item_purchase_floors":[],"current_hp_per_floor":[56,56,56,56,56,56,56,56,56,56,33,54,54,54,70,28,70,60,60,44,44,39,60,0],"gold":433,"neow_bonus":"","is_prod":false,"is_daily":false,"chose_seed":false,"campfire_upgraded":2,"win_rate":0,"timestamp":1533486410,"path_taken":["M","$","?","M","?","R","?","R","T","M","M","R","M","M","R","BOSS","M","?","?","?","M","R","E"],"build_version":"2018-08-02","purchased_purges":1,"victory":false,"max_hp_per_floor":[70,70,70,70,70,70,70,70,70,70,70,70,70,70,70,70,70,70,70,70,70,70,70,70],"card_choices":[{"not_picked":["Deflect","Backflip"],"picked":"Deadly Poison","floor":1},{"not_picked":["Prepared","Underhanded Strike"],"picked":"Poisoned Stab","floor":4},{"not_picked":["All Out Attack","Dodge and Roll"],"picked":"Backflip","floor":10},{"not_picked":["Glass Knife","Outmaneuver","Dagger Spray"],"picked":"SKIP","floor":11},{"not_picked":["Riddle With Holes","Sucker Punch"],"picked":"Deadly Poison","floor":13},{"not_picked":["All Out Attack","Backflip"],"picked":"Sucker Punch","floor":14},{"not_picked":["Adrenaline","Phantasmal Killer"],"picked":"A Thousand Cuts","floor":16},{"not_picked":["Outmaneuver","Cloak And Dagger+1","Heel Hook"],"picked":"SKIP","floor":18},{"not_picked":["Dagger Throw","Expertise","Choke"],"picked":"SKIP","floor":20},{"not_picked":["Accuracy+1","Underhanded Strike+1"],"picked":"Deflect","floor":22}],"player_experience":118025,"relics_obtained":[{"floor":7,"key":"War Paint"},{"floor":9,"key":"Blue Candle"}],"event_choices":[{"event_name":"Golden Idol","player_choice":"Take Wound","floor":3,"damage_taken":0},{"event_name":"Liars Game","player_choice":"agreed","floor":5,"damage_taken":0},{"event_name":"Ghosts","player_choice":"Ignored","floor":19,"damage_taken":0},{"event_name":"Beggar","player_choice":"Gave Gold","floor":21,"damage_taken":0}],"is_beta":false,"boss_relics":[{"not_picked":["Runic Dome","Snecko Eye"],"picked":"Philosopher\u0027s Stone"}],"items_purged_floors":[2],"is_endless":false,"potions_floor_spawned":[10,13,16,18,22],"killed_by":"Slavers","ascension_level":1}