{"gold_per_floor":[211,223,223,233,253,283,283,295,346,346,359,359,359,377,377,377],"floor_reached":16,"playtime":626,"items_purged":[],"score":104,"play_id":"cc4a05b8-97c8-4c8c-a162-0eda96060f12","local_time":"20190619161132","is_ascension_mode":false,"campfire_choices":[{"floor":7,"key":"REST"},{"data":"Metallicize","floor":13,"key":"SMITH"},{"data":"Cleave","floor":15,"key":"SMITH"}],"neow_cost":"NONE","seed_source_timestamp":607101560348583,"circlet_count":0,"master_deck":["Strike_R","Strike_R","Strike_R","Strike_R","Defend_R","Defend_R","Defend_R+1","Defend_R+1","Bash","Iron Wave","Entrench","Body Slam","Metallicize+1","Cleave+1"],"relics":["Burning Blood","Bottled Lightning","War Paint","Kunai"],"potions_floor_usage":[5,5,6,16],"damage_taken":[{"damage":6,"enemies":"Cultist","floor":1,"turns":3},{"damage":5,"enemies":"Small Slimes","floor":2,"turns":3},{"damage":3,"enemies":"Jaw Worm","floor":4,"turns":3},{"damage":0,"enemies":"Large Slime","floor":5,"turns":5},{"damage":43,"enemies":"Gremlin Nob","floor":6,"turns":5},{"damage":18,"enemies":"2 Fungi Beasts","floor":8,"turns":4},{"damage":9,"enemies":"Blue Slaver","floor":11,"turns":5},{"damage":2,"enemies":"Exordium Wildlife","floor":14,"turns":5},{"damage":70,"enemies":"The Guardian","floor":16,"turns":14}],"seed_played":"-4807314595948865235","potions_obtained":[{"floor":2,"key":"Swift Potion"},{"floor":4,"key":"Strength Potion"},{"floor":5,"key":"PowerPotion"},{"floor":14,"key":"Weak Potion"}],"is_trial":false,"path_per_floor":["M","M","?","M","M","E","R","M","T","?","M","?","R","M","R","B"],"character_chosen":"IRONCLAD","items_purchased":[],"campfire_rested":1,"item_purchase_floors":[],"current_hp_per_floor":[80,80,80,80,80,43,67,55,55,55,52,57,57,61,61,0],"gold":377,"neow_bonus":"HUNDRED_GOLD","is_prod":false,"is_daily":false,"chose_seed":false,"campfire_upgraded":2,"win_rate":0.0,"timestamp":1560978692,"path_taken":["M","?","?","?","M","E","R","M","T","?","M","?","R","M","R","BOSS"],"build_version":"2019-01-23","purchased_purges":0,"victory":false,"max_hp_per_floor":[80,80,80,80,80,80,80,80,80,80,80,85,85,85,85,85],"card_choices":[{"not_picked":["Intimidate","Pummel"],"picked":"Iron Wave","floor":1},{"not_picked":["Flex","Body Slam","True Grit"],"picked":"SKIP","floor":2},{"not_picked":["Iron Wave","Flex"],"picked":"Entrench","floor":4},{"not_picked":["Wild Strike","Havoc"],"picked":"Body Slam","floor":5},{"not_picked":["Dual Wield","Pummel","Twin Strike"],"picked":"SKIP","floor":6},{"not_picked":["Double Tap","Shockwave","Warcry"],"picked":"SKIP","floor":8},{"not_picked":["Sword Boomerang","Burning Pact"],"picked":"Metallicize","floor":11},{"not_picked":["Warcry","Armaments"],"picked":"Cleave","floor":14}],"player_experience":176199,"relics_obtained":[{"floor":6,"key":"Bottled Lightning"},{"floor":9,"key":"War Paint"}],"event_choices":[{"cards_removed":["Strike_R"],"damage_healed":0,"gold_gain":0,"player_choice":"Offered Basic","damage_taken":0,"max_hp_gain":0,"max_hp_loss":0,"event_name":"Bonfire Elementals","floor":3,"gold_loss":0},{"damage_healed":0,"gold_gain":0,"player_choice":"Searched \u00271\u0027 times","damage_taken":0,"relics_obtained":["Kunai"],"max_hp_gain":0,"max_hp_loss":0,"event_name":"Dead Adventurer","floor":10,"gold_loss":0},{"damage_healed":0,"gold_gain":0,"player_choice":"Donut","damage_taken":0,"max_hp_gain":5,"max_hp_loss":0,"event_name":"Big Fish","floor":12,"gold_loss":0}],"is_beta":false,"boss_relics":[],"items_purged_floors":[],"is_endless":false,"potions_floor_spawned":[2,4,5,14],"killed_by":"The Guardian","ascension_level":0}