{"gold_per_floor":[114,129,204,4,179,179,209,224,249,264,279,54,69,84,84,184,184,199,214,164,164,79,109,124,139,139,89,104,104,104,119,119,219,219,234,234,249,49,1048,1048,1078,1078,1078,1108,1123,1198,798,813,813,813],"floor_reached":51,"playtime":3489,"items_purged":["Strike_B","Defend_B","Strike_B","Defend_B","Coolheaded"],"score":844,"play_id":"bb9c3fd0-8d9b-42d9-915e-e3aa856c4551","local_time":"20180715134850","daily_mods":["Insanity","Terminal","Vintage"],"is_ascension_mode":false,"campfire_choices":[{"floor":6,"key":"REST"},{"data":"Doubt","floor":15,"key":"PURGE"},{"floor":29,"key":"REST"},{"data":"Meteor Strike","floor":32,"key":"SMITH"},{"data":"Dualcast","floor":40,"key":"PURGE"},{"floor":42,"key":"REST"},{"data":"Aggregate","floor":49,"key":"SMITH"}],"neow_cost":"","seed_source_timestamp":0,"circlet_count":0,"master_deck":["Force Field","Defragment","All For One","Turbo","Core Surge","Rainbow","Storm","Heatsinks","Consume","All For One","Blizzard","Storm","Echo Form","Coolheaded","Chill","Aggregate+1","Fusion","Rip and Tear+1","Cold Snap","Steam Power+1","Redo","Sweeping Beam","Darkness","Steam","Buffer","Static Discharge","Recycle","Scrape","Turbo","Meteor Strike+1","Thunder Strike","Multi-Cast","Force Field","Dualcast","Streamline","Glacier","Fusion","Reboot","All For One","Sunder+1","Rip and Tear","Conserve Battery+1","Biased Cognition","Stack+1"],"special_seed":17727,"relics":["Cracked Core","Bottled Tornado","Sundial","Strange Spoon","Happy Flower","Shuriken","Ancient Tea Set","Whetstone","War Paint","Regal Pillow","Peace Pipe","Torii","Bag of Preparation","Runic Pyramid","Smiling Mask","Omamori","Calipers","Bottled Lightning","Bird Faced Urn","Pear","DataDisk","Oddly Smooth Stone","Lantern","Blood Vial","Nuclear Battery","Cables","Ginger","Juzu Bracelet","Kunai","Question Card","Anchor","Gremlin Horn","Symbiotic Virus","Pen Nib","Runic Capacitor","Strawberry"],"potions_floor_usage":[19,28],"damage_taken":[{"damage":3,"enemies":"Small Slimes","floor":1,"turns":5},{"damage":4,"enemies":"Jaw Worm","floor":2,"turns":3},{"damage":10,"enemies":"2 Louse","floor":8,"turns":3},{"damage":0,"enemies":"Large Slime","floor":10,"turns":4},{"damage":0,"enemies":"2 Fungi Beasts","floor":11,"turns":3},{"damage":0,"enemies":"Gremlin Gang","floor":13,"turns":3},{"damage":8,"enemies":"Exordium Thugs","floor":14,"turns":3},{"damage":0,"enemies":"Hexaghost","floor":16,"turns":7},{"damage":1,"enemies":"Shell Parasite","floor":18,"turns":4},{"damage":0,"enemies":"Chosen","floor":19,"turns":3},{"damage":16,"enemies":"Slavers","floor":23,"turns":4},{"damage":0,"enemies":"Snecko","floor":24,"turns":3},{"damage":28,"enemies":"3 Cultists","floor":25,"turns":6},{"damage":0,"enemies":"Centurion and Healer","floor":28,"turns":5},{"damage":15,"enemies":"Snake Plant","floor":31,"turns":2},{"damage":1,"enemies":"Collector","floor":33,"turns":10},{"damage":0,"enemies":"Orb Walker","floor":35,"turns":3},{"damage":0,"enemies":"Flame Bruiser 1 Orb","floor":37,"turns":4},{"damage":13,"enemies":"2 Orb Walkers","floor":41,"turns":4},{"damage":7,"enemies":"Nemesis","floor":44,"turns":7},{"damage":5,"enemies":"4 Shapes","floor":45,"turns":3},{"damage":0,"enemies":"Flame Bruiser 2 Orb","floor":48,"turns":4},{"damage":17,"enemies":"Time Eater","floor":50,"turns":6}],"seed_played":"-3267651053854438972","potions_obtained":[{"floor":1,"key":"Swift Potion"},{"floor":8,"key":"FocusPotion"},{"floor":11,"key":"EssenceOfSteel"},{"floor":23,"key":"GamblersBrew"},{"floor":33,"key":"Swift Potion"},{"floor":44,"key":"PowerPotion"},{"floor":45,"key":"FairyPotion"}],"is_trial":false,"path_per_floor":["M","M","?","$","?","R","?","M","T","M","M","$","M","M","R","B",null,"M","M","$","?","?","E","M","M","T","$","M","R","?","M","R","B",null,"M","?","M","$","?","R","E","R","T","E","M","T","$","M","R","B"],"character_chosen":"DEFECT","items_purchased":["Strange Spoon","Regal Pillow","Juzu Bracelet","Pen Nib","Runic Capacitor"],"campfire_rested":3,"item_purchase_floors":[4,12,38,47,47],"current_hp_per_floor":[71,67,56,56,56,68,67,57,57,57,57,57,57,49,49,49,57,56,55,54,53,52,36,36,22,22,22,32,55,64,49,49,60,60,59,58,57,56,55,54,41,52,51,48,45,45,45,53,52,37],"gold":813,"neow_bonus":"","is_prod":false,"is_daily":true,"chose_seed":false,"campfire_upgraded":2,"win_rate":0.0,"timestamp":1531680530,"path_taken":["M","M","?","$","?","R","?","M","T","?","M","$","M","M","R","BOSS","M","?","$","?","?","E","M","M","T","?","?","R","?","M","R","BOSS","M","?","M","$","?","R","E","R","T","E","M","?","$","M","R","BOSS"],"build_version":"2018-07-12","purchased_purges":5,"victory":true,"max_hp_per_floor":[73,72,71,70,69,68,67,66,65,64,63,62,61,60,59,58,57,56,55,54,53,52,51,50,59,58,57,56,55,64,63,62,61,60,59,58,57,56,55,54,53,52,51,50,49,48,47,53,52,51],"card_choices":[{"not_picked":["Reboot","Machine Learning"],"picked":"Biased Cognition","floor":16},{"not_picked":["Steam Power","Storm","Steam"],"picked":"SKIP","floor":23},{"not_picked":["Consume+1","Rebound"],"picked":"Stack+1","floor":41},{"not_picked":["Darkness","Reinforced Body+1","Ball Lightning","Lockon"],"picked":"SKIP","floor":44}],"player_experience":41156,"relics_obtained":[{"floor":1,"key":"Bottled Tornado"},{"floor":2,"key":"Sundial"},{"floor":8,"key":"Shuriken"},{"floor":9,"key":"Ancient Tea Set"},{"floor":10,"key":"Whetstone"},{"floor":11,"key":"War Paint"},{"floor":13,"key":"Peace Pipe"},{"floor":14,"key":"Torii"},{"floor":16,"key":"Bag of Preparation"},{"floor":18,"key":"Smiling Mask"},{"floor":19,"key":"Omamori"},{"floor":23,"key":"Bottled Lightning"},{"floor":24,"key":"Bird Faced Urn"},{"floor":25,"key":"Pear"},{"floor":26,"key":"DataDisk"},{"floor":28,"key":"Oddly Smooth Stone"},{"floor":31,"key":"Lantern"},{"floor":33,"key":"Blood Vial"},{"floor":35,"key":"Cables"},{"floor":37,"key":"Ginger"},{"floor":41,"key":"Kunai"},{"floor":43,"key":"Question Card"},{"floor":44,"key":"Anchor"},{"floor":45,"key":"Gremlin Horn"},{"floor":46,"key":"Symbiotic Virus"},{"floor":48,"key":"Strawberry"}],"event_choices":[{"event_name":"World of Goop","player_choice":"Gather Gold","floor":3,"damage_taken":0},{"event_name":"Liars Game","player_choice":"agreed","floor":5,"damage_taken":0},{"event_name":"Dead Adventurer","player_choice":"Searched \u00272\u0027 times","floor":7,"damage_taken":0},{"event_name":"Ghosts","player_choice":"Ignored","floor":21,"damage_taken":0},{"event_name":"Addict","player_choice":"Obtained Relic","floor":22,"damage_taken":0},{"event_name":"Bonfire Elementals","player_choice":"RARE","floor":30,"damage_taken":0},{"event_name":"Falling","player_choice":"Removed Skill","floor":36,"damage_taken":0},{"event_name":"MindBloom","player_choice":"Gold","floor":39,"damage_taken":0}],"boss_relics":[{"not_picked":["Orrery","Velvet Choker"],"picked":"Runic Pyramid"},{"not_picked":["Cursed Key","Tiny House"],"picked":"Nuclear Battery"}],"items_purged_floors":[12,20,27,38,47],"is_endless":false,"potions_floor_spawned":[1,8,11,13,14,18,23,25,33,37,44,45],"ascension_level":0}