{"gold_per_floor":[116,41,6,19,19,19,52,52,77,77,77,91,103,3,3,106,106,121,68,68,79,95,95,194,220,220,43,43,60,60,70,70,175,175,190,190,209,219,231,231,257,257,257,257,267,267,117,136,136,136],"floor_reached":50,"playtime":1891,"items_purged":["Strike_R","Defend_R","Defend_R","Rupture"],"score":565,"play_id":"cbf17e69-56a8-4b93-a763-9140478fd308","local_time":"20180804130701","is_ascension_mode":false,"campfire_choices":[{"data":"Demon Form","floor":6,"key":"SMITH"},{"floor":8,"key":"REST"},{"data":"Heavy Blade","floor":10,"key":"SMITH"},{"data":"Seeing Red","floor":15,"key":"SMITH"},{"data":"Fiend Fire","floor":23,"key":"SMITH"},{"floor":28,"key":"REST"},{"data":"Bash","floor":32,"key":"SMITH"},{"floor":40,"key":"REST"},{"floor":42,"key":"REST"},{"floor":44,"key":"REST"},{"data":"Battle Trance","floor":49,"key":"SMITH"}],"neow_cost":"FIFTY_PERCENT_DAMAGE","seed_source_timestamp":1274997659096847,"circlet_count":0,"master_deck":["Defend_R+1","Defend_R+1","Bash+1","Demon Form+1","Seeing Red+1","Heavy Blade+1","Cleave","Battle Trance+1","Fiend Fire+1","Shrug It Off","Bite","Bite","Bite","Bite","Bite","Thunderclap","Spot Weakness","Anger","Pommel Strike+1","Feed","Flex+1","Immolate","Cleave+1","Shrug It Off","True Grit+1","Regret","Shrug It Off+1"],"relics":["Burning Blood","Shuriken","Bag of Preparation","War Paint","Velvet Choker","Nunchaku","Unceasing Top","Cursed Key","Meat on the Bone","Mango","Champion Belt"],"potions_floor_usage":[16,31,31,33,38,50,50],"damage_taken":[{"damage":6,"enemies":"Jaw Worm","floor":1,"turns":5},{"damage":1,"enemies":"Cultist","floor":4,"turns":4},{"damage":31,"enemies":"Gremlin Nob","floor":7,"turns":5},{"damage":5,"enemies":"2 Louse","floor":12,"turns":4},{"damage":7,"enemies":"Blue Slaver","floor":13,"turns":4},{"damage":24,"enemies":"Hexaghost","floor":16,"turns":9},{"damage":12,"enemies":"3 Byrds","floor":18,"turns":4},{"damage":12,"enemies":"Shell Parasite","floor":21,"turns":4},{"damage":15,"enemies":"Snake Plant","floor":22,"turns":4},{"damage":27,"enemies":"Book of Stabbing","floor":25,"turns":4},{"damage":16,"enemies":"Cultist and Chosen","floor":29,"turns":4},{"damage":12,"enemies":"Centurion and Healer","floor":31,"turns":3},{"damage":58,"enemies":"Automaton","floor":33,"turns":5},{"damage":0,"enemies":"Flame Bruiser 1 Orb","floor":35,"turns":3},{"damage":8,"enemies":"3 Darklings","floor":37,"turns":3},{"damage":21,"enemies":"Maw","floor":38,"turns":6},{"damage":29,"enemies":"Sphere and 2 Shapes","floor":39,"turns":3},{"damage":60,"enemies":"Nemesis","floor":41,"turns":5},{"damage":43,"enemies":"Spire Growth","floor":45,"turns":4},{"damage":34,"floor":46,"turns":5},{"damage":6,"enemies":"Transient","floor":48,"turns":5},{"damage":85,"enemies":"Donu and Deca","floor":50,"turns":6}],"seed_played":"-7972025398796194662","potions_obtained":[{"floor":13,"key":"Weak Potion"},{"floor":16,"key":"Swift Potion"},{"floor":22,"key":"Strength Potion"},{"floor":31,"key":"Explosive Potion"},{"floor":37,"key":"PowerPotion"},{"floor":45,"key":"Fire Potion"},{"floor":46,"key":"PowerPotion"},{"floor":48,"key":"SteroidPotion"}],"is_trial":false,"path_per_floor":["M","$","?","M","T","R","E","R","T","R","?","M","M","$","R","B",null,"M","$","?","M","M","R","?","E","T","$","R","M","?","M","R","B",null,"M","?","M","M","M","R","E","R","T","R","M","?","$","M","R"],"character_chosen":"IRONCLAD","items_purchased":["Shrug It Off","Anger"],"campfire_rested":5,"item_purchase_floors":[19,27],"current_hp_per_floor":[40,40,60,65,65,65,40,64,64,64,57,60,61,61,61,45,80,74,74,74,74,67,67,67,48,48,48,72,74,74,76,76,32,80,80,80,78,67,49,73,31,55,69,97,64,60,60,68,68,0],"gold":136,"neow_bonus":"THREE_RARE_CARDS","is_prod":false,"is_daily":false,"chose_seed":false,"campfire_upgraded":6,"win_rate":0.0,"timestamp":1533406021,"path_taken":["M","$","?","M","?","R","E","R","T","R","?","M","M","?","R","BOSS","M","$","?","?","M","R","?","E","T","$","R","M","?","M","R","BOSS","M","?","M","?","M","R","E","R","T","R","M","?","?","M","R","BOSS"],"build_version":"2018-08-02","purchased_purges":4,"victory":false,"max_hp_per_floor":[80,80,80,80,80,80,80,80,80,80,80,80,80,80,80,80,80,80,80,80,80,80,80,80,80,80,80,80,80,80,80,80,80,80,80,80,80,80,83,83,83,83,97,97,97,97,97,97,97,97],"card_choices":[{"not_picked":["Limit Break","Fiend Fire"],"picked":"Demon Form","floor":0},{"not_picked":["Wild Strike","Perfected Strike"],"picked":"Seeing Red","floor":1},{"not_picked":["Thunderclap","Bloodletting"],"picked":"Heavy Blade","floor":4},{"not_picked":["Power Through","Metallicize","Spot Weakness"],"picked":"SKIP","floor":7},{"not_picked":["Clash","Brutality"],"picked":"Cleave","floor":12},{"not_picked":["Bloodletting","Uppercut"],"picked":"Battle Trance","floor":13},{"not_picked":["Berserk","Immolate"],"picked":"Fiend Fire","floor":16},{"not_picked":["Body Slam","Sword Boomerang"],"picked":"Rupture","floor":18},{"not_picked":["Pommel Strike","Cleave","Metallicize"],"picked":"SKIP","floor":21},{"not_picked":["Metallicize+1","Clothesline"],"picked":"Thunderclap","floor":22},{"not_picked":["Seeing Red+1","Clothesline"],"picked":"Spot Weakness","floor":25},{"not_picked":["Searing Blow","Twin Strike","Anger"],"picked":"SKIP","floor":29},{"not_picked":["Entrench","Anger"],"picked":"Pommel Strike+1","floor":31},{"not_picked":["Double Tap","Impervious"],"picked":"Feed","floor":33},{"not_picked":["Rage+1","Flame Barrier"],"picked":"Flex+1","floor":35},{"not_picked":["Clothesline+1","Twin Strike"],"picked":"Cleave+1","floor":37},{"not_picked":["Spot Weakness","Intimidate+1"],"picked":"Shrug It Off","floor":38},{"not_picked":["Reckless Charge","Corruption","Iron Wave+1"],"picked":"SKIP","floor":39},{"not_picked":["Bludgeon","Twin Strike+1"],"picked":"True Grit+1","floor":41},{"not_picked":["Flame Barrier","Anger","Cleave+1"],"picked":"SKIP","floor":45},{"not_picked":["Body Slam+1","Anger+1"],"picked":"Shrug It Off+1","floor":46},{"not_picked":["Dropkick+1","Cleave","Wild Strike"],"picked":"SKIP","floor":48}],"player_experience":114950,"relics_obtained":[{"floor":5,"key":"Shuriken"},{"floor":7,"key":"Blood Vial"},{"floor":9,"key":"Bag of Preparation"},{"floor":25,"key":"Nunchaku"},{"floor":26,"key":"Unceasing Top"},{"floor":41,"key":"Meat on the Bone"},{"floor":43,"key":"Mango"},{"floor":46,"key":"Champion Belt"}],"event_choices":[{"event_name":"The Cleric","player_choice":"Healed","floor":3,"damage_taken":0},{"event_name":"Scrap Ooze","player_choice":"success","floor":11,"damage_taken":7},{"event_name":"Vampires","player_choice":"Became a vampire (Vial)","floor":20,"damage_taken":0},{"event_name":"Nest","player_choice":"Stole From Cult","floor":24,"damage_taken":0},{"event_name":"Beggar","player_choice":"Ignored","floor":30,"damage_taken":0},{"event_name":"Match and Keep!","player_choice":"1 cards matched","floor":36,"damage_taken":0},{"event_name":"MindBloom","player_choice":"Fight","floor":46,"damage_taken":0}],"is_beta":false,"boss_relics":[{"not_picked":["Empty Cage","Philosopher\u0027s Stone"],"picked":"Velvet Choker"},{"not_picked":["Coffee Dripper","Pandora\u0027s Box"],"picked":"Cursed Key"}],"items_purged_floors":[2,14,27,47],"is_endless":false,"potions_floor_spawned":[13,16,22,31,37,45,46,48],"killed_by":"Donu and Deca","ascension_level":0}