{"gold_per_floor":[114,114,124,1,12,38,38,63,147,147,147,59,59,89,89,189,189,209,70,70,70,88,88,118,118,144,155,155,168,187,207,207,308,308,318,318],"floor_reached":36,"playtime":2263,"items_purged":["Defend_R"],"score":400,"play_id":"86f77b4e-c48a-4495-9087-b27138e58054","local_time":"20190628235420","is_ascension_mode":false,"campfire_choices":[{"data":"Flex","floor":7,"key":"SMITH"},{"floor":11,"key":"REST"},{"data":"Inflame","floor":13,"key":"SMITH"},{"data":"Flex","floor":15,"key":"SMITH"},{"data":"Demon Form","floor":23,"key":"SMITH"},{"floor":25,"key":"REST"},{"data":"Sword Boomerang","floor":32,"key":"SMITH"}],"neow_cost":"NONE","seed_source_timestamp":111506198974800,"circlet_count":0,"master_deck":["Strike_R","Strike_R","Strike_R","Defend_R","Defend_R","Defend_R","Bash","Twin Strike","Flex+1","Battle Trance","Inflame+1","Flex+1","Flex","Demon Form+1","Sword Boomerang","Impervious","Warcry+1","Shrug It Off","Sword Boomerang+1","Limit Break"],"relics":["Burning Blood","Bottled Flame","Potion Belt","Tiny Chest","Boot","Eternal Feather","Letter Opener","Pocketwatch","Dream Catcher","Black Star"],"potions_floor_usage":[31,31,31],"damage_taken":[{"damage":3,"enemies":"2 Louse","floor":1,"turns":3},{"damage":6,"enemies":"Jaw Worm","floor":3,"turns":4},{"damage":7,"enemies":"Small Slimes","floor":5,"turns":3},{"damage":16,"enemies":"Gremlin Nob","floor":6,"turns":3},{"damage":36,"enemies":"Lagavulin","floor":8,"turns":4},{"damage":16,"enemies":"Gremlin Nob","floor":14,"turns":3},{"damage":39,"enemies":"Hexaghost","floor":16,"turns":7},{"damage":17,"enemies":"Shell Parasite","floor":18,"turns":4},{"damage":14,"enemies":"Chosen","floor":22,"turns":5},{"damage":49,"enemies":"Gremlin Leader","floor":24,"turns":6},{"damage":25,"enemies":"Centurion and Healer","floor":27,"turns":5},{"damage":33,"enemies":"Snake Plant","floor":29,"turns":5},{"damage":10,"enemies":"Cultist and Chosen","floor":30,"turns":4},{"damage":20,"enemies":"Shelled Parasite and Fungi","floor":31,"turns":7},{"damage":82,"enemies":"Collector","floor":33,"turns":9},{"damage":15,"enemies":"Orb Walker","floor":35,"turns":3},{"damage":80,"enemies":"2 Orb Walkers","floor":36,"turns":5}],"seed_played":"-2853637117832148804","potions_obtained":[{"floor":3,"key":"Dexterity Potion"},{"floor":16,"key":"Strength Potion"},{"floor":18,"key":"Regen Potion"},{"floor":22,"key":"Explosive Potion"},{"floor":24,"key":"Regen Potion"},{"floor":30,"key":"Regen Potion"},{"floor":35,"key":"SpeedPotion"}],"is_trial":false,"path_per_floor":["M","?","M","$","M","E","R","E","T","?","R","$","R","E","R","B",null,"M","$","?","T","M","R","E","R","T","M","?","M","M","M","R","B",null,"M","?"],"character_chosen":"IRONCLAD","items_purchased":["Flex","Inflame","Flex","Impervious"],"campfire_rested":2,"item_purchase_floors":[4,12,12,19],"current_hp_per_floor":[88,81,81,81,80,70,70,40,40,40,66,66,66,56,56,23,88,77,77,77,77,69,78,35,70,70,51,51,24,20,81,88,12,88,79,0],"gold":318,"neow_bonus":"TEN_PERCENT_HP_BONUS","is_prod":false,"is_daily":false,"chose_seed":false,"campfire_upgraded":5,"win_rate":0.0,"timestamp":1561748060,"path_taken":["M","?","M","$","M","E","R","E","T","?","R","$","R","E","R","BOSS","M","$","?","?","M","R","E","R","T","M","?","M","M","M","R","BOSS","M","?"],"build_version":"2019-01-23","purchased_purges":1,"victory":false,"max_hp_per_floor":[88,88,88,88,88,88,88,88,88,88,88,88,88,88,88,88,88,88,88,88,88,88,88,88,88,88,88,88,88,88,88,88,88,88,88,88],"card_choices":[{"not_picked":["Pommel Strike","Headbutt","Hemokinesis"],"picked":"SKIP","floor":1},{"not_picked":["Headbutt","Sever Soul"],"picked":"Twin Strike","floor":3},{"not_picked":["Pommel Strike","Iron Wave","Battle Trance"],"picked":"SKIP","floor":5},{"not_picked":["Hemokinesis","Pommel Strike","Barricade"],"picked":"SKIP","floor":6},{"not_picked":["Perfected Strike","Twin Strike"],"picked":"Battle Trance","floor":8},{"not_picked":["Rage","Flame Barrier"],"picked":"Flex","floor":14},{"not_picked":["Juggernaut","Limit Break"],"picked":"Demon Form","floor":16},{"not_picked":["Reckless Charge","Rage"],"picked":"Sword Boomerang","floor":18},{"not_picked":["True Grit","Cleave"],"picked":"Warcry+1","floor":22},{"not_picked":["Evolve","Intimidate+1"],"picked":"Shrug It Off","floor":24},{"not_picked":["Entrench","Anger+1","True Grit"],"picked":"SKIP","floor":27},{"not_picked":["Blood for Blood","Body Slam+1","Flame Barrier"],"picked":"SKIP","floor":29},{"not_picked":["Barricade","Searing Blow","Wild Strike+1"],"picked":"SKIP","floor":30},{"not_picked":["Anger+1","Seeing Red","Twin Strike"],"picked":"SKIP","floor":31},{"not_picked":["Offering","Demon Form"],"picked":"Limit Break","floor":33},{"not_picked":["Corruption","Uppercut","Twin Strike+1"],"picked":"SKIP","floor":35}],"player_experience":41603,"relics_obtained":[{"floor":6,"key":"Bottled Flame"},{"floor":8,"key":"Potion Belt"},{"floor":9,"key":"Tiny Chest"},{"floor":14,"key":"Boot"},{"floor":21,"key":"Letter Opener"},{"floor":24,"key":"Pocketwatch"},{"floor":26,"key":"Dream Catcher"}],"event_choices":[{"cards_removed":["Strike_R"],"damage_healed":0,"gold_gain":0,"player_choice":"Card Removal","damage_taken":7,"max_hp_gain":0,"max_hp_loss":0,"event_name":"Golden Wing","floor":2,"gold_loss":0},{"cards_removed":["Strike_R"],"damage_healed":0,"gold_gain":0,"player_choice":"Forget","damage_taken":0,"max_hp_gain":0,"max_hp_loss":0,"event_name":"Living Wall","floor":10,"gold_loss":0},{"damage_healed":0,"gold_gain":0,"player_choice":"Ignored","damage_taken":0,"max_hp_gain":0,"max_hp_loss":0,"event_name":"Vampires","floor":20,"gold_loss":0},{"damage_healed":0,"gold_gain":0,"player_choice":"Read","damage_taken":0,"max_hp_gain":0,"max_hp_loss":0,"event_name":"The Library","floor":28,"gold_loss":0,"cards_obtained":["Sword Boomerang"]},{"damage_healed":0,"gold_gain":0,"player_choice":"Fight","damage_taken":0,"max_hp_gain":0,"max_hp_loss":0,"event_name":"Mysterious Sphere","floor":36,"gold_loss":0}],"is_beta":false,"boss_relics":[{"not_picked":["Tiny House","Velvet Choker"],"picked":"Eternal Feather"},{"not_picked":["Fusion Hammer","Astrolabe"],"picked":"Black Star"}],"items_purged_floors":[4],"is_endless":false,"potions_floor_spawned":[3,6,16,18,22,24,30,35],"killed_by":"2 Orb Walkers","ascension_level":0}