{"gold_per_floor":[18,29,39,58,68,68,98,98,148,167,183,183,210,210,210,330,330,344,365,388,388,63,63,162,186,186,186,204,204,220,236,236,236],"floor_reached":33,"playtime":2560,"items_purged":[],"score":261,"play_id":"1d43a87f-fe3a-495f-9478-1242526a199e","local_time":"20190704180929","is_ascension_mode":false,"campfire_choices":[{"floor":6,"key":"REST"},{"floor":8,"key":"REST"},{"floor":15,"key":"REST"},{"data":"Anger","floor":23,"key":"SMITH"},{"data":"Body Slam","floor":27,"key":"SMITH"},{"floor":32,"key":"REST"}],"neow_cost":"NO_GOLD","seed_source_timestamp":15368354903500,"circlet_count":0,"master_deck":["Strike_R","Strike_R","Strike_R+1","Strike_R","Strike_R+1","Defend_R","Defend_R","Defend_R","Defend_R","Bash","Immolate","Anger+1","Iron Wave","Body Slam+1","Flex","Power Through","Iron Wave","Anger","Flame Barrier","Rage","Fire Breathing+1","Thunderclap+1","Intimidate+1"],"relics":["Burning Blood","Potion Belt","Anchor","Bottled Flame","Golden Idol","Lizard Tail","Vajra","Whetstone","Blue Candle"],"potions_floor_usage":[7,13,16,20,28,28,33,33,33],"damage_taken":[{"damage":0,"enemies":"2 Louse","floor":1,"turns":1},{"damage":0,"enemies":"Small Slimes","floor":2,"turns":3},{"damage":1,"enemies":"Jaw Worm","floor":3,"turns":2},{"damage":15,"enemies":"Looter","floor":4,"turns":3},{"damage":28,"enemies":"Exordium Thugs","floor":5,"turns":5},{"damage":37,"enemies":"Lagavulin","floor":7,"turns":6},{"damage":0,"enemies":"3 Louse","floor":10,"turns":2},{"damage":0,"enemies":"Lots of Slimes","floor":11,"turns":2},{"damage":15,"enemies":"3 Sentries","floor":13,"turns":5},{"damage":29,"enemies":"Slime Boss","floor":16,"turns":13},{"damage":19,"enemies":"Spheric Guardian","floor":18,"turns":4},{"damage":18,"enemies":"3 Byrds","floor":19,"turns":4},{"damage":55,"enemies":"Snecko","floor":20,"turns":9},{"damage":14,"enemies":"Snake Plant","floor":28,"turns":4},{"damage":16,"enemies":"Cultist and Chosen","floor":30,"turns":7},{"damage":18,"enemies":"Centurion and Healer","floor":31,"turns":5},{"damage":137,"enemies":"Collector","floor":33,"turns":8}],"seed_played":"-820853249564697886","potions_obtained":[{"floor":3,"key":"GamblersBrew"},{"floor":5,"key":"Energy Potion"},{"floor":10,"key":"Swift Potion"},{"floor":19,"key":"Regen Potion"},{"floor":20,"key":"SkillPotion"},{"floor":31,"key":"SkillPotion"}],"is_trial":false,"path_per_floor":["M","M","M","M","M","R","E","R","T","M","M","?","E","?","R","B",null,"M","M","M","?","$","R","?","T","T","R","M","?","M","M","R","B"],"character_chosen":"IRONCLAD","items_purchased":["Vajra","SkillPotion","Swift Potion","Ancient Potion"],"campfire_rested":4,"item_purchase_floors":[22,22,22,22],"current_hp_per_floor":[80,80,80,71,49,73,42,66,66,72,78,83,74,53,78,55,85,72,60,26,54,54,54,54,54,54,54,46,46,36,24,49,0],"gold":236,"neow_bonus":"THREE_RARE_CARDS","is_prod":false,"is_daily":false,"chose_seed":false,"campfire_upgraded":2,"win_rate":0,"timestamp":1562278169,"path_taken":["M","M","M","M","M","R","E","R","T","M","M","?","E","?","R","BOSS","M","M","M","?","$","R","?","?","T","R","M","?","M","?","R","BOSS"],"build_version":"2019-07-01","purchased_purges":0,"victory":false,"max_hp_per_floor":[80,80,80,80,80,80,80,80,80,80,80,85,85,85,85,85,85,85,85,85,85,85,85,85,85,85,85,85,85,85,85,85,85],"card_choices":[{"not_picked":["Brutality","Fiend Fire"],"picked":"Immolate","floor":0},{"not_picked":["Warcry","Shrug It Off"],"picked":"Anger","floor":1},{"not_picked":["Feel No Pain","Perfected Strike"],"picked":"Iron Wave","floor":2},{"not_picked":["Clash","Warcry"],"picked":"Body Slam","floor":3},{"not_picked":["Clothesline","Disarm"],"picked":"Flex","floor":4},{"not_picked":["Flex","Twin Strike","Sever Soul"],"picked":"SKIP","floor":5},{"not_picked":["Flex","Body Slam"],"picked":"Power Through","floor":7},{"not_picked":["Wild Strike","Headbutt"],"picked":"Iron Wave","floor":10},{"not_picked":["True Grit","Dark Embrace","Sword Boomerang"],"picked":"SKIP","floor":11},{"not_picked":["Heavy Blade","Reckless Charge"],"picked":"Anger","floor":13},{"not_picked":["Thunderclap+1","Iron Wave+1"],"picked":"Flame Barrier","floor":18},{"not_picked":["Power Through","Havoc+1"],"picked":"Rage","floor":19},{"not_picked":["Reckless Charge","Spot Weakness"],"picked":"Fire Breathing","floor":20},{"not_picked":["Sentinel+1","Twin Strike"],"picked":"Thunderclap+1","floor":28},{"not_picked":["Power Through","Anger","Heavy Blade"],"picked":"SKIP","floor":30},{"not_picked":["Headbutt+1","Uppercut"],"picked":"Intimidate+1","floor":31}],"player_experience":305518,"relics_obtained":[{"floor":7,"key":"Potion Belt"},{"floor":9,"key":"Anchor"},{"floor":13,"key":"Bottled Flame"},{"floor":25,"key":"Whetstone"},{"floor":26,"key":"Blue Candle"}],"event_choices":[{"damage_healed":0,"gold_gain":0,"player_choice":"Donut","damage_taken":0,"max_hp_gain":5,"max_hp_loss":0,"event_name":"Big Fish","floor":12,"gold_loss":0},{"damage_healed":0,"gold_gain":0,"player_choice":"Take Damage","damage_taken":21,"relics_obtained":["Golden Idol"],"max_hp_gain":0,"max_hp_loss":0,"event_name":"Golden Idol","floor":14,"gold_loss":0},{"damage_healed":28,"gold_gain":0,"player_choice":"Heal","damage_taken":0,"max_hp_gain":0,"max_hp_loss":0,"event_name":"The Library","floor":21,"gold_loss":0},{"damage_healed":0,"gold_gain":99,"player_choice":"Stole From Cult","damage_taken":0,"max_hp_gain":0,"max_hp_loss":0,"event_name":"Nest","floor":24,"gold_loss":0},{"damage_healed":0,"gold_gain":0,"player_choice":"Forge","damage_taken":0,"max_hp_gain":0,"max_hp_loss":0,"event_name":"Accursed Blacksmith","floor":29,"gold_loss":0,"cards_upgraded":["Fire Breathing"]}],"is_beta":false,"boss_relics":[{"not_picked":["Astrolabe","Snecko Eye"],"picked":"Lizard Tail"}],"items_purged_floors":[],"is_endless":false,"potions_floor_spawned":[3,5,10,19,20,31],"killed_by":"Collector","ascension_level":0}