{"gold_per_floor":[114,124,124,139,36,36,62,62,88,98,124,124,144,154,154,227,227,240,251,2,16,16],"floor_reached":22,"playtime":1185,"items_purged":["Strike_G"],"score":337,"play_id":"11a1cfe9-9008-46af-b3b3-833b9a37ed5a","local_time":"20190705100131","is_ascension_mode":true,"campfire_choices":[{"data":"Bouncing Flask","floor":6,"key":"SMITH"},{"data":"Survivor","floor":8,"key":"SMITH"},{"floor":12,"key":"REST"},{"data":"Catalyst","floor":15,"key":"SMITH"}],"neow_cost":"NONE","seed_source_timestamp":557358897448709,"circlet_count":0,"master_deck":["AscendersBane","Strike_G","Strike_G","Strike_G","Strike_G","Defend_G","Defend_G","Defend_G","Defend_G","Defend_G","Survivor+1","Neutralize","PiercingWail","Deadly Poison","Quick Slash","Bouncing Flask+1","Noxious Fumes","Caltrops","Catalyst+1","Unload","After Image","Blade Dance","Apotheosis","Bane+1"],"relics":["Ring of the Snake","Happy Flower","Vajra","StoneCalendar","Snecko Eye"],"potions_floor_usage":[11],"damage_taken":[{"damage":0,"enemies":"Jaw Worm","floor":1,"turns":5},{"damage":0,"enemies":"Cultist","floor":2,"turns":5},{"damage":0,"enemies":"Small Slimes","floor":4,"turns":5},{"damage":12,"enemies":"Lagavulin","floor":7,"turns":5},{"damage":0,"enemies":"3 Louse","floor":10,"turns":4},{"damage":26,"enemies":"Gremlin Nob","floor":11,"turns":4},{"damage":6,"enemies":"Looter","floor":13,"turns":4},{"damage":0,"enemies":"Large Slime","floor":14,"turns":4},{"damage":21,"enemies":"The Guardian","floor":16,"turns":7},{"damage":15,"enemies":"3 Byrds","floor":18,"turns":5},{"damage":20,"enemies":"Spheric Guardian","floor":19,"turns":5},{"damage":1,"enemies":"Cultist and Chosen","floor":21,"turns":6},{"damage":19,"enemies":"Snake Plant","floor":22,"turns":5}],"seed_played":"-4328391100136678425","potions_obtained":[{"floor":0,"key":"SteroidPotion"},{"floor":0,"key":"Weak Potion"},{"floor":13,"key":"Poison Potion"}],"is_trial":false,"path_per_floor":["M","M","?","M","$","R","E","R","T","M","E","R","M","M","R","B",null,"M","M","$","M","M"],"character_chosen":"THE_SILENT","items_purchased":["Quick Slash","Bouncing Flask","Apotheosis"],"campfire_rested":1,"item_purchase_floors":[5,5,20],"current_hp_per_floor":[59,59,59,59,59,59,47,47,47,47,21,40,34,34,34,13,53,38,18,18,17,0],"gold":16,"neow_bonus":"THREE_SMALL_POTIONS","is_prod":false,"is_daily":false,"chose_seed":false,"campfire_upgraded":3,"win_rate":0,"timestamp":1562292091,"path_taken":["M","M","?","M","$","R","E","R","T","M","E","R","M","?","R","BOSS","M","M","$","M","M"],"build_version":"2019-07-01","purchased_purges":1,"victory":false,"max_hp_per_floor":[66,66,66,66,66,66,66,66,66,66,66,66,66,66,66,66,66,66,66,66,66,66],"card_choices":[{"not_picked":["Outmaneuver","Deflect"],"picked":"PiercingWail","floor":1},{"not_picked":["Underhanded Strike","Deflect","PiercingWail"],"picked":"SKIP","floor":2},{"not_picked":["Backflip","Wraith Form v2"],"picked":"Deadly Poison","floor":4},{"not_picked":["PiercingWail","Terror"],"picked":"Noxious Fumes","floor":7},{"not_picked":["Slice","Poisoned Stab"],"picked":"Caltrops","floor":10},{"not_picked":["Acrobatics","Bane"],"picked":"Catalyst","floor":11},{"not_picked":["Heel Hook","Expertise"],"picked":"Unload","floor":13},{"not_picked":["Caltrops","Deadly Poison","Noxious Fumes"],"picked":"SKIP","floor":14},{"not_picked":["Storm of Steel","Venomology"],"picked":"After Image","floor":16},{"not_picked":["Poisoned Stab","Quick Slash","Expertise"],"picked":"SKIP","floor":18},{"not_picked":["Poisoned Stab","Deflect"],"picked":"Blade Dance","floor":19},{"not_picked":["Infinite Blades","Caltrops"],"picked":"Bane+1","floor":21}],"player_experience":824858,"relics_obtained":[{"floor":7,"key":"Happy Flower"},{"floor":9,"key":"Vajra"},{"floor":11,"key":"StoneCalendar"}],"event_choices":[{"damage_healed":0,"gold_gain":0,"player_choice":"Got Potions","damage_taken":0,"max_hp_gain":0,"max_hp_loss":0,"event_name":"Lab","floor":3,"gold_loss":0}],"is_beta":false,"boss_relics":[{"not_picked":["Empty Cage","White Beast Statue"],"picked":"Snecko Eye"}],"items_purged_floors":[20],"is_endless":false,"potions_floor_spawned":[1,4,13,19],"killed_by":"Snake Plant","ascension_level":14}