{"gold_per_floor":[115,115,133,144,219,244,263,291,291,291,291,372,387,397,397,495,495,495],"floor_reached":18,"playtime":1454,"items_purged":[],"score":172,"play_id":"cdd6bd7a-2844-48f3-b9da-d84a01343cae","local_time":"20190628021610","is_ascension_mode":false,"campfire_choices":[{"floor":10,"key":"REST"},{"floor":15,"key":"REST"}],"neow_cost":"NONE","seed_source_timestamp":34425753817600,"circlet_count":0,"master_deck":["Strike_B","Strike_B","Strike_B","Strike_B","Defend_B","Defend_B","Defend_B","Defend_B","Zap","Dualcast","Blizzard+1","Ball Lightning","Loop","Loop","Glacier","Echo Form","Aggregate","Capacitor","Thunder Strike+1","Shame","Writhe","Normality"],"relics":["Cracked Core","Molten Egg 2","Oddly Smooth Stone","Mummified Hand","Pantograph","Calling Bell","Lantern","Frozen Egg 2","Peace Pipe"],"potions_floor_usage":[],"damage_taken":[{"damage":3,"enemies":"Jaw Worm","floor":1,"turns":4},{"damage":1,"enemies":"Cultist","floor":3,"turns":4},{"damage":1,"enemies":"Small Slimes","floor":4,"turns":3},{"damage":30,"enemies":"3 Sentries","floor":6,"turns":6},{"damage":9,"enemies":"Blue Slaver","floor":7,"turns":4},{"damage":23,"enemies":"Lagavulin","floor":8,"turns":9},{"damage":0,"enemies":"2 Fungi Beasts","floor":13,"turns":3},{"damage":10,"enemies":"Gremlin Gang","floor":14,"turns":7},{"damage":20,"enemies":"Hexaghost","floor":16,"turns":13},{"damage":0,"enemies":"2 Thieves","floor":18,"turns":1}],"seed_played":"8627589619262357625","potions_obtained":[{"floor":4,"key":"Block Potion"},{"floor":7,"key":"FocusPotion"},{"floor":8,"key":"FairyPotion"},{"floor":13,"key":"SmokeBomb"}],"is_trial":false,"path_per_floor":["M","?","M","M","?","E","M","E","T","R","?","T","M","M","R","B",null,"M"],"character_chosen":"DEFECT","items_purchased":[],"campfire_rested":2,"item_purchase_floors":[],"current_hp_per_floor":[79,79,78,77,69,39,30,7,7,31,31,31,31,21,45,50,82,82],"gold":495,"neow_bonus":"TEN_PERCENT_HP_BONUS","is_prod":false,"is_daily":false,"chose_seed":false,"campfire_upgraded":0,"win_rate":0.0,"timestamp":1561670170,"path_taken":["M","?","M","M","?","E","?","E","T","R","?","?","M","M","R","BOSS","M"],"build_version":"2019-01-23","purchased_purges":0,"victory":false,"max_hp_per_floor":[82,82,82,82,82,82,82,82,82,82,82,82,82,82,82,82,82,82],"card_choices":[{"not_picked":["Gash","BootSequence"],"picked":"Blizzard","floor":1},{"not_picked":["Reprogram","Undo"],"picked":"Ball Lightning","floor":3},{"not_picked":["Darkness","Coolheaded"],"picked":"Loop","floor":4},{"not_picked":["Go for the Eyes","Stack"],"picked":"Loop","floor":6},{"not_picked":["Redo","Turbo"],"picked":"Glacier","floor":7},{"not_picked":["Steam","Rebound+1"],"picked":"Echo Form","floor":8},{"not_picked":["Force Field","Reprogram"],"picked":"Aggregate","floor":13},{"not_picked":["Cold Snap+1","Compile Driver+1"],"picked":"Capacitor","floor":14},{"not_picked":["Buffer","Reboot"],"picked":"Thunder Strike+1","floor":16}],"player_experience":19438,"relics_obtained":[{"floor":6,"key":"Molten Egg 2"},{"floor":8,"key":"Oddly Smooth Stone"},{"floor":9,"key":"Mummified Hand"},{"floor":12,"key":"Pantograph"},{"floor":17,"key":"Lantern"},{"floor":17,"key":"Frozen Egg 2"},{"floor":17,"key":"Peace Pipe"}],"event_choices":[{"damage_healed":0,"gold_gain":0,"player_choice":"Grow","damage_taken":0,"max_hp_gain":0,"max_hp_loss":0,"event_name":"Living Wall","floor":2,"gold_loss":0,"cards_upgraded":["Blizzard"]},{"damage_healed":0,"gold_gain":75,"player_choice":"Touch","damage_taken":8,"max_hp_gain":0,"max_hp_loss":0,"event_name":"FaceTrader","floor":5,"gold_loss":0},{"damage_healed":0,"gold_gain":0,"player_choice":"Ignored","damage_taken":0,"max_hp_gain":0,"max_hp_loss":0,"event_name":"Golden Wing","floor":11,"gold_loss":0}],"is_beta":false,"boss_relics":[{"not_picked":["Runic Dome","Empty Cage"],"picked":"Calling Bell"}],"items_purged_floors":[],"is_endless":false,"potions_floor_spawned":[4,7,8,13],"killed_by":"2 Thieves","ascension_level":0}