{"gold_per_floor":[111,130,144,157,177,177,177,203,203,220,220,280,280,292,292,387,387,399,416,80,93,93,93,93,112],"floor_reached":25,"playtime":1703,"items_purged":["Strike_R"],"score":217,"play_id":"f466264e-c17a-4c9c-bdcc-33860de2dae4","local_time":"20190628230937","is_ascension_mode":false,"campfire_choices":[{"data":"Sword Boomerang","floor":6,"key":"SMITH"},{"data":"Heavy Blade","floor":11,"key":"SMITH"},{"floor":15,"key":"REST"},{"floor":23,"key":"REST"}],"neow_cost":"NONE","seed_source_timestamp":109383225684200,"circlet_count":0,"master_deck":["Strike_R","Strike_R","Strike_R","Defend_R","Defend_R","Defend_R","Defend_R","Bash","Whirlwind","Warcry","Twin Strike","Sword Boomerang+1","Rampage+1","Heavy Blade+1","Fire Breathing+1","Impervious"],"relics":["Black Blood","Bag of Preparation","Ancient Tea Set","Tiny Chest","Ornamental Fan"],"potions_floor_usage":[19],"damage_taken":[{"damage":6,"enemies":"Jaw Worm","floor":1,"turns":7},{"damage":4,"enemies":"Small Slimes","floor":2,"turns":3},{"damage":0,"enemies":"2 Louse","floor":3,"turns":1},{"damage":18,"enemies":"Lots of Slimes","floor":4,"turns":3},{"damage":1,"enemies":"2 Fungi Beasts","floor":5,"turns":3},{"damage":24,"enemies":"Gremlin Nob","floor":8,"turns":4},{"damage":9,"enemies":"Blue Slaver","floor":10,"turns":3},{"damage":21,"enemies":"3 Sentries","floor":12,"turns":7},{"damage":0,"enemies":"Looter","floor":14,"turns":4},{"damage":21,"enemies":"Slime Boss","floor":16,"turns":9},{"damage":25,"enemies":"Spheric Guardian","floor":18,"turns":4},{"damage":33,"enemies":"Shell Parasite","floor":19,"turns":6},{"damage":15,"enemies":"Snecko","floor":21,"turns":6},{"damage":49,"enemies":"Sentry and Sphere","floor":25,"turns":8}],"seed_played":"-7259212478350012008","potions_obtained":[{"floor":3,"key":"Swift Potion"},{"floor":4,"key":"SkillPotion"},{"floor":8,"key":"Explosive Potion"},{"floor":21,"key":"Dexterity Potion"}],"is_trial":false,"path_per_floor":["M","M","M","M","M","R","?","E","T","M","R","E","?","M","R","B",null,"M","M","$","M","?","R","?","M"],"character_chosen":"IRONCLAD","items_purchased":["Ornamental Fan"],"campfire_rested":2,"item_purchase_floors":[20],"current_hp_per_floor":[88,88,88,76,81,81,74,56,56,53,53,38,38,44,70,55,88,73,50,50,45,45,71,71,32],"gold":112,"neow_bonus":"TEN_PERCENT_HP_BONUS","is_prod":false,"is_daily":false,"chose_seed":false,"campfire_upgraded":2,"win_rate":0.0,"timestamp":1561745377,"path_taken":["M","M","M","M","M","R","?","E","T","M","R","E","?","M","R","BOSS","M","M","$","M","?","R","?","?"],"build_version":"2019-01-23","purchased_purges":1,"victory":false,"max_hp_per_floor":[88,88,88,88,88,88,88,88,88,88,88,88,88,88,88,88,88,88,88,88,88,88,88,88,88],"card_choices":[{"not_picked":["Iron Wave","Perfected Strike"],"picked":"Whirlwind","floor":1},{"not_picked":["Feel No Pain","True Grit","Rage"],"picked":"SKIP","floor":2},{"not_picked":["Evolve","Seeing Red"],"picked":"Warcry","floor":3},{"not_picked":["Warcry","Entrench"],"picked":"Twin Strike","floor":4},{"not_picked":["Flame Barrier","Hemokinesis"],"picked":"Sword Boomerang","floor":5},{"not_picked":["Armaments","Iron Wave"],"picked":"Rampage","floor":8},{"not_picked":["Brutality","Cleave"],"picked":"Heavy Blade","floor":10},{"not_picked":["Iron Wave","True Grit"],"picked":"Fire Breathing","floor":12},{"not_picked":["Headbutt","Body Slam","Offering"],"picked":"SKIP","floor":14},{"not_picked":["Juggernaut","Immolate"],"picked":"Impervious","floor":16},{"not_picked":["Burning Pact+1","Infernal Blade","True Grit"],"picked":"SKIP","floor":18},{"not_picked":["Headbutt","Thunderclap+1","Evolve"],"picked":"SKIP","floor":19},{"not_picked":["Armaments","Thunderclap+1","Iron Wave"],"picked":"SKIP","floor":21},{"not_picked":["Combust+1","Iron Wave","Wild Strike+1"],"picked":"SKIP","floor":25}],"player_experience":39514,"relics_obtained":[{"floor":8,"key":"Bag of Preparation"},{"floor":9,"key":"Ancient Tea Set"},{"floor":12,"key":"Tiny Chest"}],"event_choices":[{"cards_removed":["Strike_R"],"damage_healed":0,"gold_gain":0,"player_choice":"Card Removal","damage_taken":7,"max_hp_gain":0,"max_hp_loss":0,"event_name":"Golden Wing","floor":7,"gold_loss":0},{"damage_healed":0,"gold_gain":0,"player_choice":"Grow","damage_taken":0,"max_hp_gain":0,"max_hp_loss":0,"event_name":"Living Wall","floor":13,"gold_loss":0,"cards_upgraded":["Fire Breathing"]},{"damage_healed":0,"gold_gain":0,"player_choice":"Ignored","damage_taken":0,"max_hp_gain":0,"max_hp_loss":0,"event_name":"Ghosts","floor":22,"gold_loss":0},{"damage_healed":0,"gold_gain":0,"player_choice":"Upgraded","damage_taken":0,"max_hp_gain":0,"max_hp_loss":0,"event_name":"Upgrade Shrine","floor":24,"gold_loss":0,"cards_upgraded":["Rampage"]}],"is_beta":false,"boss_relics":[{"not_picked":["Ectoplasm","Busted Crown"],"picked":"Black Blood"}],"items_purged_floors":[20],"is_endless":false,"potions_floor_spawned":[3,4,8,12,14,21,25],"killed_by":"Sentry and Sphere","ascension_level":0}