{"gold_per_floor":[117,89,105,118,118,118,138,138,208,208,223,240,253,268,268,367,367,380,225,245,255,273,273,307,307,361,361,44,44,44,55,55,55],"floor_reached":33,"playtime":3782,"items_purged":["Decay"],"score":261,"play_id":"a7c984fe-81ab-4115-aa87-1ae1eb706f27","local_time":"20190627173101","is_ascension_mode":false,"campfire_choices":[{"data":"Perfected Strike","floor":6,"key":"SMITH"},{"data":"Perfected Strike","floor":8,"key":"SMITH"},{"data":"Double Tap","floor":10,"key":"SMITH"},{"data":"Searing Blow","floor":15,"key":"SMITH"},{"floor":23,"key":"REST"},{"floor":27,"key":"REST"},{"floor":32,"key":"REST"}],"neow_cost":"NONE","seed_source_timestamp":518669682100,"circlet_count":0,"master_deck":["Strike_R","Strike_R","Strike_R+1","Strike_R","Strike_R","Defend_R","Defend_R","Defend_R","Defend_R","Bash","Perfected Strike+1","Perfected Strike+1","Double Tap+1","Perfected Strike","Pommel Strike","Searing Blow+1","Shrug It Off","Shrug It Off+1","Headbutt+1","Wild Strike+1","Swift Strike","Writhe","Twin Strike"],"relics":["Burning Blood","Bronze Scales","Blue Candle","Cursed Key","Orichalcum","Vajra","Tiny Chest","Whetstone","Turnip"],"potions_floor_usage":[11,16,16,16,24,33,33,33],"damage_taken":[{"damage":1,"enemies":"Cultist","floor":1,"turns":3},{"damage":8,"enemies":"Jaw Worm","floor":3,"turns":3},{"damage":6,"enemies":"Small Slimes","floor":4,"turns":3},{"damage":3,"enemies":"Red Slaver","floor":7,"turns":4},{"damage":3,"enemies":"2 Fungi Beasts","floor":11,"turns":3},{"damage":0,"enemies":"Exordium Wildlife","floor":12,"turns":2},{"damage":5,"enemies":"Looter","floor":13,"turns":2},{"damage":2,"enemies":"Blue Slaver","floor":14,"turns":2},{"damage":42,"enemies":"The Guardian","floor":16,"turns":11},{"damage":10,"enemies":"Chosen","floor":18,"turns":2},{"damage":16,"enemies":"3 Byrds","floor":20,"turns":3},{"damage":11,"enemies":"Snake Plant","floor":21,"turns":3},{"damage":21,"enemies":"Centurion and Healer","floor":22,"turns":4},{"damage":27,"enemies":"Slavers","floor":24,"turns":4},{"damage":6,"enemies":"3 Cultists","floor":31,"turns":3},{"damage":85,"enemies":"Collector","floor":33,"turns":8}],"seed_played":"2441284352927656768","potions_obtained":[{"floor":1,"key":"GamblersBrew"},{"floor":7,"key":"Explosive Potion"},{"floor":12,"key":"Dexterity Potion"},{"floor":13,"key":"AttackPotion"},{"floor":22,"key":"Regen Potion"},{"floor":24,"key":"SteroidPotion"},{"floor":30,"key":"SkillPotion"},{"floor":30,"key":"EssenceOfSteel"}],"is_trial":false,"path_per_floor":["M","?","M","M","?","R","M","R","T","R","M","M","M","M","R","B",null,"M","$","M","M","M","R","E","?","T","R","$","T","?","M","R","B"],"character_chosen":"IRONCLAD","items_purchased":["Orichalcum","Swift Strike","Whetstone"],"campfire_rested":3,"item_purchase_floors":[19,28,28],"current_hp_per_floor":[80,80,78,78,78,78,80,80,80,80,80,80,80,80,80,44,80,76,76,66,61,46,70,61,46,46,71,71,71,71,71,85,0],"gold":55,"neow_bonus":"RANDOM_COMMON_RELIC","is_prod":false,"is_daily":false,"chose_seed":false,"campfire_upgraded":4,"win_rate":0,"timestamp":1561671061,"path_taken":["M","?","M","M","?","R","M","R","T","R","M","M","M","M","R","BOSS","M","$","M","M","M","R","E","?","T","R","$","?","?","M","R","BOSS"],"build_version":"2019-01-23","purchased_purges":1,"victory":false,"max_hp_per_floor":[80,80,80,80,80,80,80,80,80,80,80,80,80,80,80,80,80,80,80,80,80,80,80,80,85,85,85,85,85,85,85,85,85],"card_choices":[{"not_picked":["Carnage","Cleave"],"picked":"Perfected Strike","floor":1},{"not_picked":["True Grit","Sever Soul"],"picked":"Perfected Strike","floor":3},{"not_picked":["Clothesline","Clash","Warcry"],"picked":"SKIP","floor":4},{"not_picked":["Uppercut","Sentinel"],"picked":"Double Tap","floor":7},{"not_picked":["Clash","Spot Weakness"],"picked":"Perfected Strike","floor":11},{"not_picked":["Rupture","Bloodletting"],"picked":"Pommel Strike","floor":12},{"not_picked":["Thunderclap","Iron Wave"],"picked":"Searing Blow","floor":13},{"not_picked":["Flex","Thunderclap","Sever Soul"],"picked":"SKIP","floor":14},{"not_picked":["Anger","Flame Barrier","Entrench"],"picked":"SKIP","floor":18},{"not_picked":["Entrench","Corruption"],"picked":"Shrug It Off","floor":20},{"not_picked":["Warcry","Thunderclap"],"picked":"Shrug It Off+1","floor":21},{"not_picked":["Heavy Blade","Combust"],"picked":"Headbutt+1","floor":22},{"not_picked":["Perfected Strike","Metallicize"],"picked":"Wild Strike","floor":24},{"not_picked":["Anger","Armaments"],"picked":"Twin Strike","floor":31}],"player_experience":264977,"relics_obtained":[{"floor":9,"key":"Blue Candle"},{"floor":24,"key":"Vajra"},{"floor":26,"key":"Tiny Chest"},{"floor":29,"key":"Turnip"}],"event_choices":[{"damage_healed":0,"gold_gain":0,"player_choice":"Left Gold","damage_taken":0,"max_hp_gain":0,"max_hp_loss":0,"event_name":"World of Goop","floor":2,"gold_loss":28},{"damage_healed":0,"gold_gain":0,"player_choice":"Leave","damage_taken":0,"max_hp_gain":0,"max_hp_loss":0,"event_name":"The Cleric","floor":5,"gold_loss":0},{"damage_healed":0,"gold_gain":0,"player_choice":"Shed Blood","damage_taken":20,"max_hp_gain":5,"max_hp_loss":0,"event_name":"Forgotten Altar","floor":25,"gold_loss":0},{"damage_healed":0,"gold_gain":0,"player_choice":"Got Potions","damage_taken":0,"max_hp_gain":0,"max_hp_loss":0,"event_name":"Lab","floor":30,"gold_loss":0}],"is_beta":false,"boss_relics":[{"not_picked":["Runic Pyramid","Snecko Eye"],"picked":"Cursed Key"}],"items_purged_floors":[28],"is_endless":false,"potions_floor_spawned":[1,7,12,13,22,24,31],"killed_by":"Collector","ascension_level":0}