{"gold_per_floor":[114,132,150,150,164,164,177,177,177,194,223,75,75,93,93,93],"floor_reached":16,"playtime":1628,"items_purged":["Strike_G"],"score":104,"play_id":"b9a8358f-6c48-4a8c-9c83-33ded4ea2ad3","local_time":"20190629190529","is_ascension_mode":false,"campfire_choices":[{"data":"Footwork","floor":6,"key":"SMITH"},{"data":"Deadly Poison","floor":8,"key":"SMITH"},{"data":"Outmaneuver","floor":13,"key":"SMITH"},{"floor":15,"key":"REST"}],"neow_cost":"NONE","seed_source_timestamp":0,"circlet_count":0,"master_deck":["Defend_G","Defend_G","Defend_G","Defend_G","Defend_G","Strike_G","Strike_G","Strike_G","Strike_G","Survivor","Neutralize","Footwork+1","Deflect","Deadly Poison+1","Outmaneuver+1","Bouncing Flask"],"special_seed":0,"relics":["Ring of the Snake","Dodecahedron","Pantograph"],"potions_floor_usage":[],"damage_taken":[{"damage":1.0,"enemies":"Cultist","floor":1.0,"turns":5.0},{"damage":5.0,"enemies":"Jaw Worm","floor":2.0,"turns":6.0},{"damage":0.0,"enemies":"Small Slimes","floor":3.0,"turns":7.0},{"damage":0.0,"enemies":"Blue Slaver","floor":5.0,"turns":6.0},{"damage":3,"enemies":"Exordium Wildlife","floor":7,"turns":10},{"damage":0,"enemies":"Looter","floor":10,"turns":4},{"damage":15,"enemies":"Lagavulin","floor":11,"turns":7},{"damage":0,"enemies":"3 Louse","floor":14,"turns":6},{"damage":84,"enemies":"Slime Boss","floor":16,"turns":14}],"seed_played":"-8361826875916243251","potions_obtained":[{"floor":1.0,"key":"LiquidBronze"},{"floor":3.0,"key":"LiquidBronze"},{"floor":10,"key":"Regen Potion"}],"is_trial":false,"path_per_floor":["M","M","M","?","M","R","M","R","T","M","E","$","R","M","R","B"],"character_chosen":"THE_SILENT","items_purchased":["Bouncing Flask"],"campfire_rested":1,"item_purchase_floors":[12],"current_hp_per_floor":[76,71,71,76,76,76,73,73,73,73,58,58,58,58,82,0],"gold":93,"neow_bonus":"TEN_PERCENT_HP_BONUS","is_prod":false,"is_daily":false,"chose_seed":false,"campfire_upgraded":3,"win_rate":0.0,"timestamp":1561817129,"path_taken":["M","M","M","?","M","R","M","R","T","M","E","$","R","M","R","BOSS"],"build_version":"2019-01-23","purchased_purges":1,"victory":false,"max_hp_per_floor":[77,77,77,82,82,82,82,82,82,82,82,82,82,82,82,82],"card_choices":[{"not_picked":["Skewer","Outmaneuver"],"picked":"Footwork","floor":1.0},{"not_picked":["Outmaneuver","Skewer"],"picked":"Deflect","floor":2.0},{"not_picked":["Slice","Riddle With Holes","Masterful Stab"],"picked":"SKIP","floor":3.0},{"not_picked":["Leg Sweep","PiercingWail","Cloak And Dagger"],"picked":"SKIP","floor":5.0},{"not_picked":["Leg Sweep","PiercingWail","Cloak And Dagger"],"picked":"SKIP","floor":5.0},{"not_picked":["Escape Plan","Blade Dance"],"picked":"Deadly Poison","floor":7},{"not_picked":["Underhanded Strike","All Out Attack"],"picked":"Outmaneuver","floor":10},{"not_picked":["Sucker Punch","Accuracy","Underhanded Strike"],"picked":"SKIP","floor":11},{"not_picked":["Skewer","Tactician","Quick Slash"],"picked":"SKIP","floor":14}],"player_experience":49191,"relics_obtained":[{"floor":9,"key":"Dodecahedron"},{"floor":11,"key":"Pantograph"}],"event_choices":[{"damage_healed":0.0,"max_hp_gain":5.0,"max_hp_loss":0.0,"gold_gain":0.0,"event_name":"Big Fish","player_choice":"Donut","floor":4.0,"gold_loss":0.0,"damage_taken":0.0}],"is_beta":false,"boss_relics":[],"items_purged_floors":[12],"is_endless":false,"potions_floor_spawned":[1,3,10,11],"killed_by":"Slime Boss","ascension_level":0}