{"gold_per_floor":[218,218,168,182,200,200,231,243,335,347,73,86,106,122,122,217,217,227,243,257,257,257,257,276,347,372,49,69,69,86,16,16,114,114,128,141,157,176,195,195,212,212,212,231,251,267,286,88,88,88],"floor_reached":51,"playtime":2953,"items_purged":["Strike_B","Strike_B+1","Parasite"],"score":664,"play_id":"cf9e0f23-f52b-4f10-91c5-4dff3a241f20","local_time":"20190701041127","is_ascension_mode":true,"campfire_choices":[{"data":"White Noise","floor":6.0,"key":"SMITH"},{"data":"Fission","floor":8.0,"key":"SMITH"},{"data":"Glacier","floor":10.0,"key":"SMITH"},{"floor":15.0,"key":"REST"},{"data":"Capacitor","floor":23,"key":"SMITH"},{"data":"Defragment","floor":29,"key":"SMITH"},{"data":"Electrodynamics","floor":32,"key":"SMITH"},{"data":"Amplify","floor":40,"key":"SMITH"},{"floor":49,"key":"REST"}],"neow_cost":"NONE","seed_source_timestamp":299016773913300,"circlet_count":0,"master_deck":["Defend_B+1","Defend_B+1","Defend_B+1","Defend_B+1","Zap","Dualcast","White Noise+1","Glacier+1","Fission+1","Capacitor+1","Electrodynamics+1","Loop+1","Defragment+1","Conserve Battery","Finesse","Capacitor","Amplify+1","Conserve Battery+1","Defragment","Storm","Leap"],"special_seed":0,"relics":["Cracked Core","MawBank","Mercury Hourglass","Art of War","Eternal Feather","Letter Opener","Vajra","Nuclear Battery","Dodecahedron"],"potions_floor_usage":[47,50],"damage_taken":[{"damage":0.0,"enemies":"2 Louse","floor":1.0,"turns":3.0},{"damage":11.0,"enemies":"Jaw Worm","floor":4.0,"turns":3.0},{"damage":1.0,"enemies":"Cultist","floor":5.0,"turns":3.0},{"damage":11.0,"enemies":"3 Sentries","floor":7.0,"turns":13.0},{"damage":31.0,"enemies":"Gremlin Gang","floor":12.0,"turns":4.0},{"damage":2.0,"enemies":"Blue Slaver","floor":13.0,"turns":3.0},{"damage":0.0,"enemies":"3 Louse","floor":14.0,"turns":2.0},{"damage":40.0,"enemies":"The Guardian","floor":16.0,"turns":18.0},{"damage":7.0,"enemies":"Shell Parasite","floor":18.0,"turns":12.0},{"damage":25.0,"enemies":"Spheric Guardian","floor":19.0,"turns":4.0},{"damage":9.0,"enemies":"3 Cultists","floor":20.0,"turns":3.0},{"damage":8,"enemies":"Sentry and Sphere","floor":24,"turns":5},{"damage":0,"enemies":"Snecko","floor":28,"turns":7},{"damage":0,"enemies":"3 Cultists","floor":30,"turns":3},{"damage":6,"enemies":"Collector","floor":33,"turns":10},{"damage":0,"enemies":"Orb Walker","floor":35,"turns":4},{"damage":0,"enemies":"3 Darklings","floor":36,"turns":2},{"damage":7,"enemies":"Writhing Mass","floor":37,"turns":7},{"damage":0,"enemies":"Sphere and 2 Shapes","floor":38,"turns":3},{"damage":9,"enemies":"Transient","floor":39,"turns":5},{"damage":29,"enemies":"Jaw Worm Horde","floor":41,"turns":5},{"damage":0,"enemies":"Writhing Mass","floor":44,"turns":6},{"damage":0,"enemies":"3 Darklings","floor":45,"turns":4},{"damage":14,"enemies":"Sphere and 2 Shapes","floor":46,"turns":4},{"damage":0,"enemies":"Maw","floor":47,"turns":4},{"damage":26,"enemies":"Donu and Deca","floor":50,"turns":5}],"seed_played":"-57165714570191844","potions_obtained":[{"floor":1.0,"key":"AttackPotion"},{"floor":4.0,"key":"FairyPotion"},{"floor":13.0,"key":"SpeedPotion"},{"floor":46,"key":"Regen Potion"},{"floor":47,"key":"Dexterity Potion"}],"is_trial":false,"path_per_floor":["M","?","?","M","M","R","E","R","T","R","$","M","M","M","R","B",null,"M","M","M","?","?","R","M","T","T","$","M","R","M","$","R","B",null,"M","M","M","M","M","R","M","?","T","M","M","M","M","$","R","B",null],"character_chosen":"DEFECT","items_purchased":["Capacitor","Art of War","Defragment","Conserve Battery","Finesse","Capacitor","Regen Potion"],"campfire_rested":2,"item_purchase_floors":[11,11,27,27,27,31,48],"current_hp_per_floor":[75,80,80,69,68,68,57,57,57,57,57,26,24,24,48,8,80,73,48,39,39,39,45,37,37,37,37,37,46,46,46,55,49,80,80,80,73,73,64,73,44,44,44,44,44,30,42,42,77,60],"gold":88,"neow_bonus":"HUNDRED_GOLD","is_prod":false,"is_daily":false,"chose_seed":false,"campfire_upgraded":7,"win_rate":0,"timestamp":1561936287,"path_taken":["M","?","?","M","M","R","E","R","T","R","$","?","M","?","R","BOSS","M","?","M","?","?","R","M","?","T","$","M","R","M","?","R","BOSS","M","M","M","?","M","R","?","?","T","M","M","M","M","$","R","BOSS"],"build_version":"2019-01-23","purchased_purges":3,"victory":true,"max_hp_per_floor":[75,80,80,80,80,80,80,80,80,80,80,80,80,80,80,80,80,80,80,80,80,80,80,80,80,80,80,80,80,80,80,80,80,80,80,80,80,80,80,80,80,80,80,80,80,80,80,77,77,77],"card_choices":[{"not_picked":["Aggregate","Redo"],"picked":"White Noise","floor":1.0},{"not_picked":["Heatsinks","Turbo"],"picked":"Glacier","floor":4.0},{"not_picked":["Chill","Gash","Blizzard"],"picked":"SKIP","floor":5.0},{"not_picked":["Turbo","Go for the Eyes"],"picked":"Fission","floor":7.0},{"not_picked":["Steam","Stack","Beam Cell"],"picked":"SKIP","floor":12.0},{"not_picked":["Fusion","Coolheaded","Barrage"],"picked":"SKIP","floor":13.0},{"not_picked":["Chill","Aggregate","Rip and Tear"],"picked":"SKIP","floor":14.0},{"not_picked":["Biased Cognition","Amplify"],"picked":"Electrodynamics","floor":16.0},{"not_picked":["Go for the Eyes","Fusion","Undo"],"picked":"SKIP","floor":18.0},{"not_picked":["Steam","Steam Power","Stack+1"],"picked":"SKIP","floor":19.0},{"not_picked":["Stack","Rip and Tear"],"picked":"Loop+1","floor":20.0},{"not_picked":["Streamline","Reinforced Body","Sweeping Beam+1"],"picked":"SKIP","floor":24},{"not_picked":["Beam Cell+1","Rebound+1","Stack"],"picked":"SKIP","floor":28},{"not_picked":["Tempest+1","Turbo+1","Redo"],"picked":"SKIP","floor":30},{"not_picked":["Thunder Strike","Seek"],"picked":"Amplify","floor":33},{"not_picked":["Coolheaded","Sunder","Stack+1"],"picked":"SKIP","floor":35},{"not_picked":["FTL+1","Hologram","Aggregate"],"picked":"SKIP","floor":36},{"not_picked":["Gash+1","Conserve Battery+1","Hologram+1"],"picked":"SKIP","floor":37},{"not_picked":["Sunder","Rip and Tear+1"],"picked":"Conserve Battery+1","floor":38},{"not_picked":["Steam Power+1","Rebound","Electrodynamics"],"picked":"SKIP","floor":39},{"not_picked":["Heatsinks+1","Barrage"],"picked":"Defragment","floor":41},{"not_picked":["Coolheaded+1","Streamline"],"picked":"Storm","floor":44},{"not_picked":["Beam Cell+1","Undo"],"picked":"Leap","floor":45},{"not_picked":["Conserve Battery","Reprogram","Steam Power+1"],"picked":"SKIP","floor":46},{"not_picked":["Go for the Eyes","BootSequence+1","Genetic Algorithm"],"picked":"SKIP","floor":47}],"player_experience":78925,"relics_obtained":[{"floor":7.0,"key":"MawBank"},{"floor":9.0,"key":"Mercury Hourglass"},{"floor":25,"key":"Letter Opener"},{"floor":26,"key":"Vajra"},{"floor":43,"key":"Dodecahedron"}],"event_choices":[{"damage_healed":0.0,"max_hp_gain":5.0,"max_hp_loss":0.0,"gold_gain":0.0,"event_name":"Big Fish","player_choice":"Donut","floor":2.0,"gold_loss":0.0,"damage_taken":0.0},{"cards_removed":["Strike_B"],"damage_healed":0.0,"max_hp_gain":0.0,"max_hp_loss":0.0,"gold_gain":0.0,"event_name":"The Cleric","player_choice":"Card Removal","floor":3.0,"gold_loss":50.0,"damage_taken":0.0},{"damage_healed":0.0,"max_hp_gain":0.0,"max_hp_loss":0.0,"gold_gain":0.0,"event_name":"Vampires","player_choice":"Ignored","floor":21.0,"gold_loss":0.0,"damage_taken":0.0},{"damage_healed":0,"gold_gain":0,"player_choice":"Simplicity","damage_taken":0,"max_hp_gain":0,"max_hp_loss":0,"event_name":"Back to Basics","floor":22,"gold_loss":0,"cards_upgraded":["Strike_B","Strike_B","Defend_B","Defend_B","Defend_B","Defend_B"]},{"cards_removed":["Strike_B"],"damage_healed":0,"gold_gain":0,"player_choice":"Purged","damage_taken":0,"max_hp_gain":0,"max_hp_loss":0,"event_name":"Purifier","floor":42,"gold_loss":0}],"is_beta":false,"boss_relics":[{"not_picked":["Astrolabe","Velvet Choker"],"picked":"Eternal Feather"},{"not_picked":["Inserter","Orrery"],"picked":"Nuclear Battery"}],"items_purged_floors":[11,27,48],"is_endless":false,"potions_floor_spawned":[1,4,13,19,30,33,35,38,39,46,47],"ascension_level":1}