{"gold_per_floor":[15,26,40,40,40,374,374,385,385,385,395,408,438,450,462,571,583,579,103,119,119,119,119,145,155,155,155,189,206,121,121,121,121],"floor_reached":33,"playtime":2912,"items_purged":[],"score":320,"play_id":"c4e702c8-9bd3-4c91-a273-971256399d3a","local_time":"20190628153335","is_ascension_mode":false,"campfire_choices":[{"floor":7,"key":"REST"},{"floor":10,"key":"REST"},{"data":"Armaments","floor":15,"key":"SMITH"},{"floor":23,"key":"REST"},{"floor":27,"key":"REST"},{"floor":32,"key":"REST"}],"neow_cost":"NO_GOLD","seed_source_timestamp":80812688236400,"circlet_count":0,"master_deck":["Strike_R+1","Strike_R","Strike_R","Strike_R","Strike_R+1","Defend_R","Defend_R","Defend_R","Defend_R","Bash","Iron Wave","Dual Wield","Shrug It Off","Shrug It Off","Armaments+1","Body Slam+1","Uppercut+1","Thunderclap+1","Feed+1","Iron Wave+1","Metamorphosis+1","Infernal Blade+1","Metallicize","Rampage+1","Heavy Blade+1","Seeing Red"],"relics":["Burning Blood","Magic Flower","Strawberry","Old Coin","Molten Egg 2","MawBank","Eternal Feather","Orichalcum","Blood Vial","Bottled Flame","Bottled Lightning","Vajra","Boot"],"potions_floor_usage":[],"damage_taken":[{"damage":2,"enemies":"Small Slimes","floor":1,"turns":5},{"damage":0,"enemies":"2 Louse","floor":2,"turns":3},{"damage":6,"enemies":"Jaw Worm","floor":3,"turns":3},{"damage":62,"enemies":"Lagavulin","floor":6,"turns":10},{"damage":2,"enemies":"3 Louse","floor":8,"turns":5},{"damage":3,"enemies":"Red Slaver","floor":11,"turns":6},{"damage":4,"enemies":"Exordium Wildlife","floor":12,"turns":6},{"damage":10,"enemies":"3 Sentries","floor":13,"turns":10},{"damage":66,"enemies":"Slime Boss","floor":16,"turns":17},{"damage":22,"enemies":"2 Thieves","floor":18,"turns":4},{"damage":41,"enemies":"Spheric Guardian","floor":20,"turns":6},{"damage":26,"enemies":"Book of Stabbing","floor":24,"turns":5},{"damage":21,"enemies":"Centurion and Healer","floor":25,"turns":7},{"damage":58,"enemies":"Slavers","floor":28,"turns":10},{"damage":28,"enemies":"Snecko","floor":29,"turns":6},{"damage":103,"enemies":"Collector","floor":33,"turns":6}],"seed_played":"280701386099312866","potions_obtained":[{"floor":6,"key":"Strength Potion"},{"floor":11,"key":"Swift Potion"},{"floor":12,"key":"Block Potion"}],"is_trial":false,"path_per_floor":["M","M","M","?","?","E","R","M","T","R","M","M","E","?","R","B",null,"M","$","M","?","?","R","E","M","T","R","E","M","?","?","R","B"],"character_chosen":"IRONCLAD","items_purchased":["Orichalcum","Blood Vial","Metamorphosis"],"campfire_rested":5,"item_purchase_floors":[19,19,19],"current_hp_per_floor":[80,80,80,64,64,11,37,44,44,70,76,81,80,80,80,23,87,74,74,45,45,28,67,53,50,50,90,50,34,34,34,79,0],"gold":121,"neow_bonus":"ONE_RARE_RELIC","is_prod":false,"is_daily":false,"chose_seed":false,"campfire_upgraded":1,"win_rate":0.0,"timestamp":1561718015,"path_taken":["M","M","M","?","?","E","R","M","T","R","M","M","E","?","R","BOSS","M","$","M","?","?","R","E","M","T","R","E","M","?","?","R","BOSS"],"build_version":"2019-01-23","purchased_purges":0,"victory":false,"max_hp_per_floor":[80,80,80,80,87,87,87,87,87,87,87,87,87,87,87,87,87,87,87,87,87,92,92,92,96,96,96,100,100,100,100,100,100],"card_choices":[{"not_picked":["Clash","Armaments"],"picked":"Iron Wave","floor":1},{"not_picked":["Flame Barrier","Power Through"],"picked":"Dual Wield","floor":2},{"not_picked":["Ghostly Armor","Whirlwind"],"picked":"Shrug It Off","floor":3},{"not_picked":["Clash","Bloodletting"],"picked":"Shrug It Off","floor":6},{"not_picked":["Ghostly Armor","Bloodletting"],"picked":"Armaments","floor":8},{"not_picked":["Warcry","Headbutt+1"],"picked":"Body Slam+1","floor":11},{"not_picked":["Cleave+1","Pommel Strike+1"],"picked":"Uppercut+1","floor":12},{"not_picked":["Combust","Shrug It Off"],"picked":"Thunderclap+1","floor":13},{"not_picked":["Limit Break","Brutality"],"picked":"Feed+1","floor":16},{"not_picked":["Clothesline+1","Pommel Strike+1"],"picked":"Iron Wave+1","floor":18},{"not_picked":["Anger+1","Warcry"],"picked":"Infernal Blade+1","floor":20},{"not_picked":["Intimidate","Spot Weakness"],"picked":"Metallicize","floor":24},{"not_picked":["Flex","Pommel Strike+1"],"picked":"Rampage+1","floor":25},{"not_picked":["Flex+1","Shockwave"],"picked":"Heavy Blade+1","floor":28},{"not_picked":["Spot Weakness","Clothesline+1"],"picked":"Seeing Red","floor":29}],"player_experience":25721,"relics_obtained":[{"floor":6,"key":"Old Coin"},{"floor":9,"key":"Molten Egg 2"},{"floor":13,"key":"MawBank"},{"floor":24,"key":"Bottled Flame"},{"floor":26,"key":"Bottled Lightning"},{"floor":28,"key":"Vajra"}],"event_choices":[{"damage_healed":0,"gold_gain":0,"player_choice":"Entered Light","damage_taken":16,"max_hp_gain":0,"max_hp_loss":0,"event_name":"Shining Light","floor":4,"gold_loss":0,"cards_upgraded":["Strike_R","Strike_R"]},{"damage_healed":0,"gold_gain":0,"player_choice":"Success","damage_taken":7,"relics_obtained":["Strawberry"],"max_hp_gain":0,"max_hp_loss":0,"event_name":"Scrap Ooze","floor":5,"gold_loss":0},{"damage_healed":0,"gold_gain":0,"player_choice":"Ignored","damage_taken":0,"max_hp_gain":0,"max_hp_loss":0,"event_name":"Liars Game","floor":14,"gold_loss":0},{"damage_healed":0,"gold_gain":0,"player_choice":"Ignored","damage_taken":0,"max_hp_gain":0,"max_hp_loss":0,"event_name":"The Mausoleum","floor":21,"gold_loss":0},{"damage_healed":0,"gold_gain":0,"player_choice":"Shed Blood","damage_taken":22,"max_hp_gain":5,"max_hp_loss":0,"event_name":"Forgotten Altar","floor":22,"gold_loss":0},{"damage_healed":0,"gold_gain":0,"player_choice":"Obtained Relic","damage_taken":0,"relics_obtained":["Boot"],"max_hp_gain":0,"max_hp_loss":0,"event_name":"Addict","floor":30,"gold_loss":85},{"damage_healed":0,"gold_gain":0,"player_choice":"Forge","damage_taken":0,"max_hp_gain":0,"max_hp_loss":0,"event_name":"Accursed Blacksmith","floor":31,"gold_loss":0,"cards_upgraded":["Metamorphosis"]}],"is_beta":false,"boss_relics":[{"not_picked":["Empty Cage","White Beast Statue"],"picked":"Eternal Feather"}],"items_purged_floors":[],"is_endless":false,"potions_floor_spawned":[6,11,12,16,24,28],"killed_by":"Collector","ascension_level":0}