{"gold_per_floor":[110,110,122,122,132,163,163,198,198,210,210,179,179,193,193,316,379,403,180,279,279,294,294,312,312,336,336,336,350,368,383,383,508,508,531,531,270,289,212,212,212,212,239,264,287,312,312,412,412,412],"floor_reached":50,"playtime":3644,"items_purged":[],"score":475,"play_id":"07bcc750-8085-4654-b3f0-578d733a8684","local_time":"20180902012336","is_ascension_mode":true,"campfire_choices":[{"floor":7,"key":"REST"},{"data":"Crippling Poison","floor":11,"key":"SMITH"},{"floor":15,"key":"REST"},{"data":"1","floor":23,"key":"LIFT"},{"data":"Noxious Fumes","floor":25,"key":"SMITH"},{"floor":32,"key":"REST"},{"floor":40,"key":"REST"},{"data":"Adrenaline","floor":42,"key":"SMITH"},{"data":"2","floor":49,"key":"LIFT"}],"neow_cost":"NONE","seed_source_timestamp":5677053573879,"circlet_count":0,"master_deck":["Defend_G","Defend_G+1","Defend_G","Defend_G","Defend_G","Strike_G+1","Strike_G+1","Strike_G+1","Strike_G","Survivor","Neutralize+1","Backflip","Backflip","Infinite Blades","Crippling Poison+1","Bouncing Flask","Injury","Prepared+1","Noxious Fumes+1","Outmaneuver","Necronomicurse","Flying Knee","Catalyst","Adrenaline+1","Leg Sweep+1","Forethought","Malaise"],"relics":["Ring of the Snake","Snake Skull","Meat on the Bone","Bag of Preparation","Blue Candle","Letter Opener","Golden Idol","Tiny House","War Paint","Girya","Whetstone","Necronomicon","WristBlade","Turnip","Bottled Tornado","Boot"],"potions_floor_usage":[6,8,14,14,16,16,24,30,33,35,35,36,36,36,36,36,38,45,45,45,46,46,50],"damage_taken":[{"damage":1,"enemies":"2 Louse","floor":1,"turns":4},{"damage":2,"enemies":"Cultist","floor":3,"turns":4},{"damage":0,"enemies":"Jaw Worm","floor":5,"turns":4},{"damage":36,"enemies":"Lagavulin","floor":6,"turns":12},{"damage":22,"enemies":"3 Sentries","floor":8,"turns":11},{"damage":1,"enemies":"Blue Slaver","floor":10,"turns":5},{"damage":2,"enemies":"Red Slaver","floor":14,"turns":4},{"damage":9,"enemies":"The Guardian","floor":16,"turns":8},{"damage":13,"enemies":"Shell Parasite","floor":18,"turns":7},{"damage":20,"enemies":"Spheric Guardian","floor":22,"turns":4},{"damage":9,"enemies":"Centurion and Healer","floor":24,"turns":6},{"damage":5,"enemies":"Cultist and Chosen","floor":29,"turns":6},{"damage":6,"enemies":"Sentry and Sphere","floor":30,"turns":4},{"damage":5,"enemies":"Snecko","floor":31,"turns":5},{"damage":49,"enemies":"Champ","floor":33,"turns":10},{"damage":1,"enemies":"3 Shapes","floor":35,"turns":5},{"damage":6,"enemies":"Mind Bloom Boss Battle","floor":36,"turns":7},{"damage":9,"enemies":"Orb Walker","floor":38,"turns":4},{"damage":14,"enemies":"Spire Growth","floor":44,"turns":5},{"damage":0,"enemies":"Sphere and 2 Shapes","floor":45,"turns":4},{"damage":0,"enemies":"4 Shapes","floor":46,"turns":5},{"damage":69,"enemies":"Donu and Deca","floor":50,"turns":6}],"seed_played":"-1131563827536318422","potions_obtained":[{"floor":3,"key":"SkillPotion"},{"floor":6,"key":"Weak Potion"},{"floor":10,"key":"EntropicBrew"},{"floor":14,"key":"Fire Potion"},{"floor":17,"key":"Energy Potion"},{"floor":29,"key":"Dexterity Potion"},{"floor":33,"key":"EntropicBrew"},{"floor":36,"key":"SkillPotion"},{"floor":38,"key":"EntropicBrew"},{"floor":45,"key":"PowerPotion"}],"is_trial":false,"path_per_floor":["M","?","M","?","M","E","R","E","T","M","R","?","?","M","R","B",null,"M","$","?","?","M","R","M","R","T","?","?","M","M","M","R","B",null,"M","?","$","M","$","R","?","R","T","M","M","M","?","?","R"],"character_chosen":"THE_SILENT","items_purchased":["Noxious Fumes","War Paint","Bottled Tornado","LiquidBronze"],"campfire_rested":4,"item_purchase_floors":[19,19,37,39],"current_hp_per_floor":[69,62,60,46,46,22,43,33,33,44,44,44,44,42,63,54,75,62,62,62,62,42,42,45,45,45,29,29,36,42,49,71,34,75,74,68,68,59,59,75,75,75,75,61,61,61,61,61,61,0],"gold":412,"neow_bonus":"RANDOM_COMMON_RELIC","is_prod":false,"is_daily":false,"chose_seed":false,"campfire_upgraded":3,"win_rate":0,"timestamp":1535865816,"path_taken":["M","?","M","?","M","E","R","E","T","M","R","?","?","M","R","BOSS","M","$","?","?","M","R","?","R","T","?","?","?","M","M","R","BOSS","M","?","$","M","$","R","?","R","T","M","M","M","?","?","R","BOSS"],"build_version":"2018-08-30","purchased_purges":0,"victory":false,"max_hp_per_floor":[70,70,70,70,70,70,70,70,70,70,70,70,70,70,70,70,75,75,75,75,75,75,75,75,75,75,75,75,75,75,75,75,75,75,75,75,75,75,75,75,75,75,75,75,75,75,75,75,75,75],"card_choices":[{"not_picked":["Blade Dance","Sucker Punch"],"picked":"Backflip","floor":1},{"not_picked":["Underhanded Strike","Tactician"],"picked":"Backflip","floor":3},{"not_picked":["Choke","Eviscerate"],"picked":"Infinite Blades","floor":5},{"not_picked":["Dagger Throw","Slice"],"picked":"Crippling Poison","floor":6},{"not_picked":["Blade Dance","After Image"],"picked":"Bouncing Flask","floor":8},{"not_picked":["Quick Slash","Backflip","Well Laid Plans"],"picked":"SKIP","floor":10},{"not_picked":["Dodge and Roll","Backflip","Cloak And Dagger"],"picked":"SKIP","floor":14},{"not_picked":["Quick Slash","Backflip"],"picked":"Prepared","floor":17},{"not_picked":["Quick Slash","Acrobatics","Underhanded Strike"],"picked":"SKIP","floor":18},{"not_picked":["Predator","Doppelganger"],"picked":"Outmaneuver","floor":22},{"not_picked":["Dagger Throw","Infinite Blades","Reflex+1"],"picked":"SKIP","floor":24},{"not_picked":["PiercingWail+1","Flechettes"],"picked":"Flying Knee","floor":29},{"not_picked":["Dagger Spray","Cloak And Dagger","Prepared+1"],"picked":"SKIP","floor":30},{"not_picked":["Blade Dance","Dodge and Roll"],"picked":"Catalyst","floor":31},{"not_picked":["Grand Finale","Bullet Time"],"picked":"Adrenaline","floor":33},{"not_picked":["Dagger Spray","Deadly Poison"],"picked":"Leg Sweep+1","floor":35},{"not_picked":["Flying Knee+1","Acrobatics+1","Predator"],"picked":"SKIP","floor":38},{"not_picked":["Chrysalis","Dark Shackles"],"picked":"Forethought","floor":41},{"not_picked":["Crippling Poison","Prepared+1","Leg Sweep+1"],"picked":"SKIP","floor":44},{"not_picked":["PiercingWail","Dodge and Roll","Outmaneuver"],"picked":"SKIP","floor":45},{"not_picked":["Sucker Punch","Skewer+1"],"picked":"Malaise","floor":46}],"player_experience":145735,"relics_obtained":[{"floor":6,"key":"Bag of Preparation"},{"floor":8,"key":"Blue Candle"},{"floor":9,"key":"Letter Opener"},{"floor":26,"key":"Whetstone"},{"floor":27,"key":"Necronomicon"},{"floor":36,"key":"Turnip"},{"floor":43,"key":"Boot"}],"event_choices":[{"event_name":"Scrap Ooze","player_choice":"success","floor":2,"damage_taken":7},{"event_name":"Shining Light","player_choice":"Entered Light","floor":4,"damage_taken":0},{"event_name":"World of Goop","player_choice":"Left","floor":12,"damage_taken":0},{"event_name":"Golden Idol","player_choice":"Take Wound","floor":13,"damage_taken":0},{"event_name":"Nest","player_choice":"Stole From Cult","floor":20,"damage_taken":0},{"event_name":"The Mausoleum","player_choice":"Yes","floor":21,"damage_taken":0},{"event_name":"Cursed Tome","player_choice":"Obtained Book","floor":27,"damage_taken":0},{"event_name":"Ghosts","player_choice":"Ignored","floor":28,"damage_taken":0},{"event_name":"MindBloom","player_choice":"Fight","floor":36,"damage_taken":0},{"event_name":"SensoryStone","player_choice":"Memory 1","floor":41,"damage_taken":0},{"event_name":"Falling","player_choice":"Removed Attack","floor":47,"damage_taken":0},{"event_name":"Golden Shrine","player_choice":"Pray","floor":48,"damage_taken":0}],"is_beta":false,"boss_relics":[{"not_picked":["Orrery","Pandora\u0027s Box"],"picked":"Tiny House"},{"not_picked":["Lizard Tail","Black Star"],"picked":"WristBlade"}],"items_purged_floors":[],"is_endless":false,"potions_floor_spawned":[3,6,10,14,29,33,36,38,45],"killed_by":"Donu and Deca","ascension_level":1}