{"gold_per_floor":[119,133,144,144,158,190,202,202],"floor_reached":8,"playtime":515,"items_purged":[],"score":63,"play_id":"4ece9283-1135-4639-9835-9e1eb297c9bf","local_time":"20190704192330","is_ascension_mode":true,"campfire_choices":[],"neow_cost":"NONE","seed_source_timestamp":615411859042700,"circlet_count":0,"master_deck":["Strike_G","Strike_G","Strike_G","Strike_G","Strike_G","Defend_G","Defend_G","Defend_G","Defend_G","Defend_G","Survivor","Neutralize+1","Catalyst","Well Laid Plans","Escape Plan","Blur"],"relics":["Ring of the Snake","Darkstone Periapt"],"potions_floor_usage":[],"damage_taken":[{"damage":0,"enemies":"Small Slimes","floor":1,"turns":4},{"damage":2,"enemies":"Cultist","floor":2,"turns":5},{"damage":0,"enemies":"Jaw Worm","floor":3,"turns":5},{"damage":9,"enemies":"Lots of Slimes","floor":5,"turns":6},{"damage":49,"enemies":"Lagavulin","floor":6,"turns":13},{"damage":3,"enemies":"3 Louse","floor":7,"turns":5},{"damage":8,"enemies":"Gremlin Nob","floor":8,"turns":3}],"seed_played":"-4104774289064096606","potions_obtained":[{"floor":1,"key":"GhostInAJar"},{"floor":5,"key":"Poison Potion"},{"floor":7,"key":"GamblersBrew"}],"is_trial":false,"path_per_floor":["M","M","M","?","M","E","M","E"],"character_chosen":"THE_SILENT","items_purchased":[],"campfire_rested":0,"item_purchase_floors":[],"current_hp_per_floor":[77,75,75,75,66,17,14,6],"gold":202,"neow_bonus":"TEN_PERCENT_HP_BONUS","is_prod":false,"is_daily":false,"chose_seed":false,"campfire_upgraded":0,"win_rate":0,"timestamp":1562250210,"path_taken":["M","M","M","?","M","E","?","E"],"build_version":"2019-07-01","purchased_purges":0,"victory":false,"max_hp_per_floor":[77,77,77,77,77,77,77,77],"card_choices":[{"not_picked":["Dagger Throw","Poisoned Stab"],"picked":"Catalyst","floor":1},{"not_picked":["Dash","Dodge and Roll","Flying Knee"],"picked":"SKIP","floor":2},{"not_picked":["Calculated Gamble","Sucker Punch"],"picked":"Well Laid Plans","floor":3},{"not_picked":["Blade Dance","Dagger Throw"],"picked":"Escape Plan","floor":5},{"not_picked":["Dash","Flying Knee"],"picked":"Blur","floor":6},{"not_picked":["Predator","Prepared","Dodge and Roll"],"picked":"SKIP","floor":7}],"player_experience":88644,"relics_obtained":[{"floor":6,"key":"Darkstone Periapt"}],"event_choices":[{"damage_healed":0,"gold_gain":0,"player_choice":"Forge","damage_taken":0,"max_hp_gain":0,"max_hp_loss":0,"event_name":"Accursed Blacksmith","floor":4,"gold_loss":0,"cards_upgraded":["Neutralize"]}],"is_beta":false,"boss_relics":[],"items_purged_floors":[],"is_endless":false,"potions_floor_spawned":[1,5,7],"killed_by":"Gremlin Nob","ascension_level":1}