{"gold_per_floor":[113,126,139,139,153,153,179,195,276,302,302,319,319,319,319,414,414,433,453,28,43,43],"floor_reached":22,"playtime":1406,"items_purged":[],"score":248,"play_id":"63db80b7-1fcc-4f2f-b82b-f3e4376d3ccc","local_time":"20190628023951","is_ascension_mode":false,"campfire_choices":[{"data":"Fusion","floor":6,"key":"SMITH"},{"floor":11,"key":"REST"},{"floor":15,"key":"DIG"}],"neow_cost":"NONE","seed_source_timestamp":35894816686900,"circlet_count":0,"master_deck":["Strike_B","Strike_B","Strike_B","Strike_B","Defend_B","Defend_B","Defend_B","Defend_B","Zap","Dualcast","Compile Driver","Auto Shields","Doom and Gloom+1","Ball Lightning","Fusion+1","Electrodynamics","Coolheaded","Doom and Gloom","Redo","Machine Learning","Rip and Tear+1","Redo+1","Coolheaded","Defragment","The Bomb","Ball Lightning+1"],"relics":["FrozenCore","Regal Pillow","Mercury Hourglass","Shovel","Oddly Smooth Stone","Membership Card"],"potions_floor_usage":[],"damage_taken":[{"damage":3,"enemies":"Small Slimes","floor":1,"turns":3},{"damage":6,"enemies":"Cultist","floor":2,"turns":3},{"damage":6,"enemies":"Jaw Worm","floor":3,"turns":4},{"damage":0,"enemies":"3 Louse","floor":5,"turns":1},{"damage":13,"enemies":"3 Sentries","floor":7,"turns":4},{"damage":11,"enemies":"Large Slime","floor":8,"turns":3},{"damage":11,"enemies":"Gremlin Nob","floor":10,"turns":3},{"damage":0,"enemies":"2 Fungi Beasts","floor":12,"turns":2},{"damage":0,"enemies":"Slime Boss","floor":16,"turns":6},{"damage":23,"enemies":"2 Thieves","floor":18,"turns":4},{"damage":22,"enemies":"Chosen","floor":19,"turns":5},{"damage":10,"enemies":"3 Cultists","floor":21,"turns":3},{"damage":22,"enemies":"Colosseum Slavers","floor":22,"turns":2}],"seed_played":"-8285202503635313039","potions_obtained":[{"floor":1,"key":"Energy Potion"},{"floor":3,"key":"Regen Potion"},{"floor":7,"key":"Weak Potion"}],"is_trial":false,"path_per_floor":["M","M","M","?","M","R","E","M","T","E","R","M","?","$","R","B",null,"M","M","$","M","?"],"character_chosen":"DEFECT","items_purchased":["Coolheaded","Defragment","Membership Card","The Bomb"],"campfire_rested":1,"item_purchase_floors":[20,20,20,20],"current_hp_per_floor":[72,66,60,60,60,60,47,36,36,25,62,62,62,62,62,62,75,52,30,30,20,0],"gold":43,"neow_bonus":"THREE_CARDS","is_prod":false,"is_daily":false,"chose_seed":false,"campfire_upgraded":1,"win_rate":0.0,"timestamp":1561671591,"path_taken":["M","M","M","?","M","R","E","?","T","E","R","M","?","$","R","BOSS","M","M","$","M","?"],"build_version":"2019-01-23","purchased_purges":0,"victory":false,"max_hp_per_floor":[75,75,75,75,75,75,75,75,75,75,75,75,75,75,75,75,75,75,75,75,75,75],"card_choices":[{"not_picked":["Hologram","Blizzard"],"picked":"Compile Driver","floor":0},{"not_picked":["Skim","Storm"],"picked":"Auto Shields","floor":1},{"not_picked":["Ball Lightning","Auto Shields"],"picked":"Doom and Gloom","floor":2},{"not_picked":["Beam Cell","Coolheaded"],"picked":"Ball Lightning","floor":3},{"not_picked":["Ball Lightning","Beam Cell"],"picked":"Fusion","floor":5},{"not_picked":["Aggregate","Barrage"],"picked":"Electrodynamics","floor":7},{"not_picked":["Leap","Blizzard"],"picked":"Coolheaded","floor":8},{"not_picked":["Gash","Compile Driver"],"picked":"Doom and Gloom","floor":10},{"not_picked":["Sunder","Double Energy"],"picked":"Redo","floor":12},{"not_picked":["Biased Cognition","Electrodynamics"],"picked":"Machine Learning","floor":16},{"not_picked":["Streamline","Beam Cell"],"picked":"Rip and Tear+1","floor":18},{"not_picked":["Go for the Eyes+1","Sunder+1"],"picked":"Redo+1","floor":19},{"not_picked":["Cold Snap","Melter+1"],"picked":"Ball Lightning+1","floor":21}],"player_experience":20892,"relics_obtained":[{"floor":7,"key":"Regal Pillow"},{"floor":9,"key":"Mercury Hourglass"},{"floor":10,"key":"Shovel"},{"floor":15,"key":"Oddly Smooth Stone"}],"event_choices":[{"damage_healed":0,"gold_gain":0,"player_choice":"Upgraded","damage_taken":0,"max_hp_gain":0,"max_hp_loss":0,"event_name":"Upgrade Shrine","floor":4,"gold_loss":0,"cards_upgraded":["Doom and Gloom"]},{"damage_healed":0,"gold_gain":0,"player_choice":"Leave","damage_taken":0,"max_hp_gain":0,"max_hp_loss":0,"event_name":"The Cleric","floor":13,"gold_loss":0},{"damage_healed":0,"gold_gain":0,"player_choice":"Fight","damage_taken":0,"max_hp_gain":0,"max_hp_loss":0,"event_name":"Colosseum","floor":22,"gold_loss":0}],"is_beta":false,"boss_relics":[{"not_picked":["Runic Pyramid","Coffee Dripper"],"picked":"FrozenCore"}],"items_purged_floors":[],"is_endless":false,"potions_floor_spawned":[1,3,7,12,19,21],"killed_by":"Colosseum Slavers","ascension_level":0}