{"gold_per_floor":[118,129,139,158,168,168,187,187,187,187,187],"floor_reached":11,"playtime":1098,"items_purged":[],"score":67,"play_id":"a33d815f-f62e-4080-bc0c-4fa9f8ebe876","local_time":"20190630001145","is_ascension_mode":false,"campfire_choices":[{"data":"After Image","floor":6,"key":"SMITH"},{"data":"Dodge and Roll","floor":8,"key":"SMITH"},{"data":"Dodge and Roll","floor":10,"key":"SMITH"}],"neow_cost":"NONE","seed_source_timestamp":0,"circlet_count":0,"master_deck":["Defend_G","Defend_G","Defend_G","Defend_G","Defend_G","Strike_G","Strike_G","Strike_G","Strike_G","Strike_G","Survivor","Neutralize","Deflect","After Image+1","Dodge and Roll+1","Dodge and Roll+1"],"special_seed":0,"relics":["Ring of the Snake","Strawberry","FossilizedHelix"],"potions_floor_usage":[],"damage_taken":[{"damage":0.0,"enemies":"2 Louse","floor":1.0,"turns":4.0},{"damage":0,"enemies":"Small Slimes","floor":2,"turns":5},{"damage":0,"enemies":"Cultist","floor":3,"turns":5},{"damage":9,"enemies":"Large Slime","floor":4,"turns":14},{"damage":5,"enemies":"3 Louse","floor":5,"turns":7},{"damage":5,"enemies":"Looter","floor":7,"turns":5},{"damage":4,"enemies":"Gremlin Gang","floor":11,"turns":4}],"seed_played":"1426630128671049803","potions_obtained":[{"floor":4,"key":"Weak Potion"}],"is_trial":false,"path_per_floor":["M","M","M","M","M","R","M","R","T","R","M"],"character_chosen":"THE_SILENT","items_purchased":[],"campfire_rested":0,"item_purchase_floors":[],"current_hp_per_floor":[77,77,77,68,63,63,58,58,58,58,54],"gold":187,"neow_bonus":"RANDOM_COMMON_RELIC","is_prod":false,"is_daily":false,"chose_seed":false,"campfire_upgraded":3,"win_rate":0.0,"timestamp":1561835505,"path_taken":["M","M","M","M","M","R","M","R","T","R","M"],"build_version":"2019-01-23","purchased_purges":0,"victory":false,"max_hp_per_floor":[77,77,77,77,77,77,77,77,77,77,77],"card_choices":[{"not_picked":["Bane","Underhanded Strike"],"picked":"Deflect","floor":1},{"not_picked":["Escape Plan","Leg Sweep"],"picked":"After Image","floor":2},{"not_picked":["Cloak And Dagger","Bane"],"picked":"Dodge and Roll","floor":3},{"not_picked":["Underhanded Strike","Riddle With Holes","Backstab"],"picked":"SKIP","floor":4},{"not_picked":["Dagger Spray","Sucker Punch","Poisoned Stab"],"picked":"SKIP","floor":5},{"not_picked":["Dagger Spray","Dash"],"picked":"Dodge and Roll","floor":7}],"player_experience":60361,"relics_obtained":[{"floor":9,"key":"FossilizedHelix"}],"event_choices":[],"is_beta":false,"boss_relics":[],"items_purged_floors":[],"is_endless":false,"potions_floor_spawned":[4],"killed_by":"Gremlin Gang","ascension_level":0}