{"gold_per_floor":[114,60,78,88,104,137,150,165,192,120,120,45,45,45,45,142,142,156,170,170,95,107,117,135,135,182,182,182,194,194,15,15,115,115,128,148,21,21,31,31,43,43,119,133,133,133,153,172,172,172],"floor_reached":50,"playtime":5651,"items_purged":["Strike_G"],"score":448,"play_id":"db193a1f-8e22-4eae-bcb7-560ac6620727","local_time":"20190704151554","is_ascension_mode":false,"campfire_choices":[{"floor":11,"key":"REST"},{"data":"Blade Dance","floor":13,"key":"SMITH"},{"data":"Accuracy","floor":15,"key":"SMITH"},{"floor":28,"key":"REST"},{"data":"Storm of Steel","floor":30,"key":"SMITH"},{"floor":32,"key":"REST"},{"floor":40,"key":"REST"},{"floor":42,"key":"REST"},{"floor":49,"key":"REST"}],"neow_cost":"NONE","seed_source_timestamp":1854131215100,"circlet_count":0,"master_deck":["Strike_G","Strike_G","Defend_G","Defend_G","Defend_G","Defend_G","Defend_G","Survivor","Neutralize","Sucker Punch","Backflip","Quick Slash","Dagger Spray","Cloak And Dagger","Flying Knee","Blade Dance+1","Slice","Accuracy+1","Storm of Steel+1","Dagger Throw+1","Escape Plan+1","Slice","Infinite Blades","Caltrops+1"],"relics":["Ring of the Snake","Darkstone Periapt","Vajra","WristBlade","Anchor","Empty Cage","Bottled Tornado"],"potions_floor_usage":[6,7,22,24,33,33,36,41,48,50],"damage_taken":[{"damage":2,"enemies":"Cultist","floor":1,"turns":6},{"damage":0,"enemies":"Small Slimes","floor":3,"turns":4},{"damage":0,"enemies":"2 Louse","floor":4,"turns":3},{"damage":2,"enemies":"Looter","floor":5,"turns":3},{"damage":25,"enemies":"Lagavulin","floor":6,"turns":8},{"damage":1,"enemies":"Large Slime","floor":7,"turns":5},{"damage":0,"enemies":"2 Fungi Beasts","floor":8,"turns":4},{"damage":21,"enemies":"The Guardian","floor":16,"turns":14},{"damage":9,"enemies":"Shell Parasite","floor":18,"turns":6},{"damage":15,"enemies":"2 Thieves","floor":19,"turns":3},{"damage":14,"enemies":"Shelled Parasite and Fungi","floor":22,"turns":5},{"damage":27,"enemies":"Snake Plant","floor":23,"turns":4},{"damage":1,"enemies":"Snecko","floor":24,"turns":3},{"damage":2,"enemies":"Shelled Parasite and Fungi","floor":29,"turns":4},{"damage":48,"enemies":"Champ","floor":33,"turns":10},{"damage":18,"enemies":"Orb Walker","floor":35,"turns":3},{"damage":13,"enemies":"3 Darklings","floor":36,"turns":6},{"damage":27,"enemies":"Sphere and 2 Shapes","floor":39,"turns":4},{"damage":28,"enemies":"4 Shapes","floor":41,"turns":6},{"damage":0,"enemies":"Jaw Worm Horde","floor":44,"turns":3},{"damage":33,"enemies":"Transient","floor":47,"turns":5},{"damage":34,"enemies":"3 Darklings","floor":48,"turns":10},{"damage":37,"enemies":"Time Eater","floor":50,"turns":3}],"seed_played":"-2187611800186811330","potions_obtained":[{"floor":5,"key":"SteroidPotion"},{"floor":6,"key":"Explosive Potion"},{"floor":8,"key":"FairyPotion"},{"floor":19,"key":"SteroidPotion"},{"floor":23,"key":"GamblersBrew"},{"floor":33,"key":"SpeedPotion"},{"floor":41,"key":"Ancient Potion"}],"is_trial":false,"path_per_floor":["M","$","M","M","M","E","M","M","T","$","R","$","R","?","R","B",null,"M","M","?","$","M","M","M","?","T","?","R","M","R","$","R","B",null,"M","M","$","?","M","R","M","R","T","M","?","?","M","M","R","B"],"character_chosen":"THE_SILENT","items_purchased":["Backflip","Blade Dance","Slice","Accuracy","Infinite Blades","Swift Potion","Weak Potion","Strength Potion","GamblersBrew"],"campfire_rested":6,"item_purchase_floors":[2,10,10,12,31,31,31,37,37],"current_hp_per_floor":[75,75,75,75,73,48,47,47,47,47,70,70,70,70,70,49,77,68,53,53,53,39,12,11,36,36,36,59,57,57,57,77,29,77,59,46,46,46,19,42,14,37,37,37,67,67,34,6,26,0],"gold":172,"neow_bonus":"TEN_PERCENT_HP_BONUS","is_prod":false,"is_daily":false,"chose_seed":false,"campfire_upgraded":3,"win_rate":0,"timestamp":1562267754,"path_taken":["M","$","?","M","M","E","M","M","T","$","R","$","R","?","R","BOSS","M","M","?","$","M","?","M","?","T","?","R","M","R","$","R","BOSS","M","M","$","?","M","R","M","R","T","M","?","?","M","M","R","BOSS"],"build_version":"2019-07-01","purchased_purges":1,"victory":false,"max_hp_per_floor":[77,77,77,77,77,77,77,77,77,77,77,77,77,77,77,77,77,77,77,77,77,77,77,77,77,77,77,77,77,77,77,77,77,77,77,77,77,77,77,77,77,77,77,77,67,67,67,67,67,67],"card_choices":[{"not_picked":["Acrobatics","Tactician"],"picked":"Sucker Punch","floor":1},{"not_picked":["Poisoned Stab","Deadly Poison"],"picked":"Quick Slash","floor":3},{"not_picked":["Grand Finale","Deadly Poison"],"picked":"Dagger Spray","floor":4},{"not_picked":["Concentrate","Acrobatics"],"picked":"Cloak And Dagger","floor":5},{"not_picked":["Catalyst","Underhanded Strike","Deflect"],"picked":"SKIP","floor":6},{"not_picked":["Eviscerate","Escape Plan"],"picked":"Flying Knee","floor":7},{"not_picked":["Bane","PiercingWail","Acrobatics"],"picked":"SKIP","floor":8},{"not_picked":["Corpse Explosion","Phantasmal Killer"],"picked":"Storm of Steel","floor":16},{"not_picked":["Deflect","Deadly Poison","Acrobatics"],"picked":"SKIP","floor":18},{"not_picked":["Poisoned Stab","Bane","Dodge and Roll+1"],"picked":"SKIP","floor":19},{"not_picked":["Acrobatics","Outmaneuver"],"picked":"Dagger Throw+1","floor":22},{"not_picked":["Tactician","Calculated Gamble+1"],"picked":"Escape Plan+1","floor":23},{"not_picked":["PiercingWail","Dodge and Roll"],"picked":"Slice","floor":24},{"not_picked":["Tools of the Trade","Acrobatics"],"picked":"Blade Dance","floor":29},{"not_picked":["Sucker Punch+1","Escape Plan+1"],"picked":"Caltrops+1","floor":35},{"not_picked":["Heel Hook","Outmaneuver+1","Tactician+1"],"picked":"SKIP","floor":36},{"not_picked":["Quick Slash+1","Flying Knee+1","PiercingWail+1"],"picked":"SKIP","floor":39},{"not_picked":["Sucker Punch+1","Quick Slash","Concentrate"],"picked":"SKIP","floor":41},{"not_picked":["Endless Agony+1","Caltrops","Quick Slash+1"],"picked":"SKIP","floor":44},{"not_picked":["Acrobatics","Deflect","Flechettes+1"],"picked":"SKIP","floor":47},{"not_picked":["Poisoned Stab+1","Night Terror","Endless Agony+1"],"picked":"SKIP","floor":48}],"player_experience":292790,"relics_obtained":[{"floor":6,"key":"Darkstone Periapt"},{"floor":9,"key":"Vajra"},{"floor":26,"key":"Anchor"},{"floor":43,"key":"Bottled Tornado"}],"event_choices":[{"damage_healed":0,"gold_gain":0,"player_choice":"Ignored","damage_taken":0,"max_hp_gain":0,"max_hp_loss":0,"event_name":"Liars Game","floor":14,"gold_loss":0},{"damage_healed":0,"gold_gain":0,"player_choice":"Ignored","damage_taken":0,"max_hp_gain":0,"max_hp_loss":0,"event_name":"N\u0027loth","floor":20,"gold_loss":0},{"damage_healed":25,"gold_gain":0,"player_choice":"Heal","damage_taken":0,"max_hp_gain":0,"max_hp_loss":0,"event_name":"The Library","floor":25,"gold_loss":0},{"damage_healed":0,"gold_gain":0,"player_choice":"Ignored","damage_taken":0,"max_hp_gain":0,"max_hp_loss":0,"event_name":"Beggar","floor":27,"gold_loss":0},{"damage_healed":0,"gold_gain":0,"player_choice":"Ignored","damage_taken":0,"max_hp_gain":0,"max_hp_loss":0,"event_name":"Mysterious Sphere","floor":38,"gold_loss":0},{"damage_healed":67,"gold_gain":0,"player_choice":"Heal","damage_taken":0,"max_hp_gain":0,"max_hp_loss":10,"event_name":"The Moai Head","floor":45,"gold_loss":0},{"cards_removed":["Blade Dance"],"damage_healed":0,"gold_gain":0,"player_choice":"Removed Skill","damage_taken":0,"max_hp_gain":0,"max_hp_loss":0,"event_name":"Falling","floor":46,"gold_loss":0}],"is_beta":false,"boss_relics":[{"not_picked":["Cursed Key","Busted Crown"],"picked":"WristBlade"},{"not_picked":["Fusion Hammer","White Beast Statue"],"picked":"Empty Cage"}],"items_purged_floors":[21],"is_endless":false,"potions_floor_spawned":[5,6,8,19,23,33,39,41,44],"killed_by":"Time Eater","ascension_level":0}