{"gold_per_floor":[113,123,123,143,154,183,199,211,264,264,283,299,299,69,69,173,173,189,189,166,166,181,181,198,198,248,258,88,108,135,234,234,234],"floor_reached":33,"playtime":6935,"items_purged":["Defend_G"],"score":296,"play_id":"6fff7a48-ca0b-4ada-be3b-7895c2f187f4","local_time":"20190628233311","is_ascension_mode":false,"campfire_choices":[{"floor":10,"key":"REST"},{"data":"Cloak And Dagger","floor":15,"key":"SMITH"},{"data":"Neutralize","floor":23,"key":"SMITH"},{"floor":25,"key":"REST"},{"floor":32,"key":"REST"}],"neow_cost":"NONE","seed_source_timestamp":15824642454900,"circlet_count":0,"master_deck":["Defend_G","Defend_G","Defend_G","Defend_G","Strike_G","Strike_G","Strike_G","Strike_G","Survivor","Neutralize+1","Escape Plan","Dagger Throw","Quick Slash","Quick Slash","Blur","Slice","Slice","Cloak And Dagger+1","Flash of Steel","Slice+1","Outmaneuver+1","Deflect+1","Deflect+1","Finesse+1","Blade Dance+1","Dagger Spray"],"relics":["Ring of the Snake","Art of War","Bag of Preparation","Bronze Scales","WristBlade","Toxic Egg 2","Vajra","Lantern"],"potions_floor_usage":[6,6,8,16,16,16,18,33,33],"damage_taken":[{"damage":0,"enemies":"2 Louse","floor":1,"turns":3},{"damage":0,"enemies":"Cultist","floor":2,"turns":4},{"damage":0,"enemies":"Jaw Worm","floor":4,"turns":4},{"damage":3,"enemies":"Red Slaver","floor":5,"turns":3},{"damage":0,"enemies":"Gremlin Nob","floor":6,"turns":3},{"damage":13,"enemies":"Exordium Thugs","floor":7,"turns":6},{"damage":0,"enemies":"Gremlin Gang","floor":8,"turns":6},{"damage":0,"enemies":"2 Fungi Beasts","floor":11,"turns":3},{"damage":0,"enemies":"Looter","floor":12,"turns":3},{"damage":39,"enemies":"Slime Boss","floor":16,"turns":10},{"damage":0,"enemies":"Spheric Guardian","floor":18,"turns":3},{"damage":5,"enemies":"Chosen","floor":22,"turns":4},{"damage":7,"enemies":"Snake Plant","floor":24,"turns":4},{"damage":11,"enemies":"Centurion and Healer","floor":27,"turns":4},{"damage":7,"enemies":"Cultist and Chosen","floor":29,"turns":6},{"damage":10,"enemies":"Slavers","floor":30,"turns":6},{"damage":88,"enemies":"Collector","floor":33,"turns":7}],"seed_played":"-8731933264598072129","potions_obtained":[{"floor":4,"key":"SteroidPotion"},{"floor":5,"key":"Strength Potion"},{"floor":6,"key":"SteroidPotion"},{"floor":7,"key":"Dexterity Potion"},{"floor":12,"key":"Explosive Potion"},{"floor":13,"key":"PowerPotion"},{"floor":13,"key":"FearPotion"},{"floor":18,"key":"Fruit Juice"},{"floor":29,"key":"Swift Potion"},{"floor":30,"key":"Energy Potion"}],"is_trial":false,"path_per_floor":["M","M","?","M","M","E","M","M","T","R","M","M","?","$","R","B",null,"M","T","$","?","M","R","M","R","T","M","$","M","E","?","R","B"],"character_chosen":"THE_SILENT","items_purchased":["Bronze Scales","Flash of Steel","Outmaneuver+1","Finesse+1"],"campfire_rested":3,"item_purchase_floors":[14,14,20,28],"current_hp_per_floor":[70,70,70,70,67,67,54,54,54,70,70,70,70,70,70,31,70,75,75,75,72,67,67,60,75,75,64,64,57,47,47,69,0],"gold":234,"neow_bonus":"THREE_CARDS","is_prod":false,"is_daily":false,"chose_seed":false,"campfire_upgraded":2,"win_rate":0,"timestamp":1561779191,"path_taken":["M","M","?","M","M","E","M","?","T","R","M","M","?","$","R","BOSS","M","?","$","?","?","R","M","R","T","M","$","M","E","?","R","BOSS"],"build_version":"2019-01-23","purchased_purges":1,"victory":false,"max_hp_per_floor":[70,70,70,70,70,70,70,70,70,70,70,70,70,70,70,70,70,75,75,75,75,75,75,75,75,75,75,75,75,75,75,75,75],"card_choices":[{"not_picked":["Deadly Poison","Quick Slash"],"picked":"Escape Plan","floor":0},{"not_picked":["Acrobatics","Leg Sweep"],"picked":"Dagger Throw","floor":1},{"not_picked":["Heel Hook","Crippling Poison"],"picked":"Quick Slash","floor":2},{"not_picked":["Tactician","Riddle With Holes"],"picked":"Quick Slash","floor":4},{"not_picked":["Endless Agony","Outmaneuver"],"picked":"Blur","floor":5},{"not_picked":["Sucker Punch","Bouncing Flask"],"picked":"Slice","floor":6},{"not_picked":["Reflex","PiercingWail"],"picked":"Slice","floor":7},{"not_picked":["Bane","Bouncing Flask"],"picked":"Cloak And Dagger","floor":8},{"not_picked":["Flechettes","Concentrate","Accuracy"],"picked":"SKIP","floor":11},{"not_picked":["Dodge and Roll","Choke","Sucker Punch"],"picked":"SKIP","floor":12},{"not_picked":["Terror","Riddle With Holes+1"],"picked":"Slice+1","floor":18},{"not_picked":["Poisoned Stab","Masterful Stab+1","Well Laid Plans+1"],"picked":"SKIP","floor":22},{"not_picked":["Outmaneuver+1","Setup+1"],"picked":"Deflect+1","floor":24},{"not_picked":["Sucker Punch","Accuracy"],"picked":"Deflect+1","floor":27},{"not_picked":["Footwork","Phantasmal Killer+1"],"picked":"Blade Dance+1","floor":29},{"not_picked":["Poisoned Stab","Expertise+1"],"picked":"Dagger Spray","floor":30}],"player_experience":282309,"relics_obtained":[{"floor":6,"key":"Art of War"},{"floor":9,"key":"Bag of Preparation"},{"floor":19,"key":"Toxic Egg 2"},{"floor":26,"key":"Vajra"},{"floor":30,"key":"Lantern"}],"event_choices":[{"cards_removed":["Strike_G"],"damage_healed":0,"gold_gain":0,"player_choice":"Purged","damage_taken":0,"max_hp_gain":0,"max_hp_loss":0,"event_name":"Purifier","floor":3,"gold_loss":0},{"damage_healed":0,"gold_gain":0,"player_choice":"Got Potions","damage_taken":0,"max_hp_gain":0,"max_hp_loss":0,"event_name":"Lab","floor":13,"gold_loss":0},{"damage_healed":0,"gold_gain":0,"player_choice":"Punched","damage_taken":3,"max_hp_gain":0,"max_hp_loss":0,"event_name":"Designer","floor":21,"gold_loss":0},{"damage_healed":0,"gold_gain":99,"player_choice":"Stole From Cult","damage_taken":0,"max_hp_gain":0,"max_hp_loss":0,"event_name":"Nest","floor":31,"gold_loss":0}],"is_beta":false,"boss_relics":[{"not_picked":["HoveringKite","Snecko Eye"],"picked":"WristBlade"}],"items_purged_floors":[28],"is_endless":false,"potions_floor_spawned":[4,5,6,7,12,18,29,30],"killed_by":"Collector","ascension_level":0}