{"gold_per_floor":[114,130,230,242,261,261,277,277,301,301,312,322,322,347,347,347],"floor_reached":16,"playtime":1044,"items_purged":[],"score":94,"play_id":"1aa799d9-3264-4444-b632-edc5eccf81d5","local_time":"20190628190026","is_ascension_mode":false,"campfire_choices":[{"data":"Coolheaded","floor":6,"key":"SMITH"},{"data":"Glacier","floor":10,"key":"SMITH"},{"data":"Coolheaded","floor":13,"key":"SMITH"},{"data":"Tempest","floor":15,"key":"SMITH"}],"neow_cost":"NONE","seed_source_timestamp":95093709588500,"circlet_count":0,"master_deck":["Strike_B","Strike_B","Strike_B","Strike_B","Defend_B","Defend_B","Defend_B","Defend_B","Zap","Dualcast","Conserve Battery","Glacier+1","Coolheaded+1","Coolheaded+1","Ball Lightning","Tempest+1"],"relics":["Cracked Core","Anchor","Dream Catcher"],"potions_floor_usage":[],"damage_taken":[{"damage":2,"enemies":"2 Louse","floor":1,"turns":3},{"damage":1,"enemies":"Cultist","floor":2,"turns":4},{"damage":1,"enemies":"Small Slimes","floor":4,"turns":4},{"damage":12,"enemies":"Exordium Wildlife","floor":5,"turns":5},{"damage":0,"enemies":"Looter","floor":7,"turns":5},{"damage":0,"enemies":"Exordium Thugs","floor":11,"turns":6},{"damage":0,"enemies":"3 Louse","floor":12,"turns":3},{"damage":34,"enemies":"The Guardian","floor":16,"turns":19}],"seed_played":"4542642501074495124","potions_obtained":[{"floor":2,"key":"Dexterity Potion"},{"floor":4,"key":"Energy Potion"},{"floor":7,"key":"Explosive Potion"}],"is_trial":false,"path_per_floor":["M","M","?","M","M","R","M","?","T","R","M","M","R","T","R","B"],"character_chosen":"DEFECT","items_purchased":[],"campfire_rested":0,"item_purchase_floors":[],"current_hp_per_floor":[80,79,79,78,66,66,66,66,66,66,66,66,66,66,66,32],"gold":347,"neow_bonus":"TEN_PERCENT_HP_BONUS","is_prod":false,"is_daily":false,"chose_seed":false,"campfire_upgraded":4,"win_rate":0.0,"timestamp":1561730426,"path_taken":["M","M","?","M","?","R","M","?","T","R","M","M","R","?","R","BOSS"],"build_version":"2019-01-23","purchased_purges":0,"victory":false,"max_hp_per_floor":[82,82,82,82,82,82,82,82,82,82,82,82,82,82,82,82],"card_choices":[{"not_picked":["Steam Power","Hello World"],"picked":"Conserve Battery","floor":1},{"not_picked":["Redo","Reinforced Body"],"picked":"Glacier","floor":2},{"not_picked":["Turbo","Sweeping Beam"],"picked":"Coolheaded","floor":4},{"not_picked":["Aggregate","FTL"],"picked":"Coolheaded","floor":5},{"not_picked":["Hello World","Storm"],"picked":"Ball Lightning","floor":7},{"not_picked":["Turbo","Rebound"],"picked":"Tempest","floor":11},{"not_picked":["Aggregate","Streamline","Lockon"],"picked":"SKIP","floor":12}],"player_experience":35621,"relics_obtained":[{"floor":9,"key":"Anchor"},{"floor":14,"key":"Dream Catcher"}],"event_choices":[{"damage_healed":0,"gold_gain":100,"player_choice":"Pray","damage_taken":0,"max_hp_gain":0,"max_hp_loss":0,"event_name":"Golden Shrine","floor":3,"gold_loss":0},{"damage_healed":0,"gold_gain":0,"player_choice":"Ignored","damage_taken":0,"max_hp_gain":0,"max_hp_loss":0,"event_name":"Liars Game","floor":8,"gold_loss":0}],"is_beta":false,"boss_relics":[],"items_purged_floors":[],"is_endless":false,"potions_floor_spawned":[2,4,7],"killed_by":"The Guardian","ascension_level":0}