{"gold_per_floor":[115,115,132,150,169,199,199,158,158,191,191,191,265,275,275,376,376,386,406,423,7,23,23,57,57,130,130,130],"floor_reached":28,"playtime":3221,"items_purged":["Defend_G"],"score":248,"play_id":"547e584e-db18-43f9-a2f3-2824ef204059","local_time":"20190702192842","is_ascension_mode":false,"campfire_choices":[{"data":"Infinite Blades","floor":7,"key":"SMITH"},{"floor":11,"key":"REST"},{"data":"Caltrops","floor":15,"key":"SMITH"},{"data":"Venomology","floor":23,"key":"SMITH"}],"neow_cost":"NONE","seed_source_timestamp":548687225594523,"circlet_count":0,"master_deck":["Defend_G+1","Defend_G","Defend_G","Defend_G","Survivor","Neutralize","Venomology+1","Dash","Blade Dance","Caltrops+1","Deadly Poison","Infinite Blades+1","Bouncing Flask+1","Poisoned Stab","Adrenaline+1","Deadly Poison+1","Bane","Bane","Catalyst+1","Dash","Terror+1","Dagger Spray+1","Masterful Stab","Bouncing Flask+1"],"relics":["Ring of the Snake","Ancient Tea Set","Matryoshka","Pocketwatch","Meat on the Bone","Toxic Egg 2","Empty Cage","Frozen Eye","Nunchaku","Oddly Smooth Stone","Shuriken"],"potions_floor_usage":[4,4,6,6,10,16,20,22,22,24,28,28,28],"damage_taken":[{"damage":0,"enemies":"Small Slimes","floor":1,"turns":5},{"damage":2,"enemies":"Cultist","floor":3,"turns":5},{"damage":0,"enemies":"Jaw Worm","floor":4,"turns":4},{"damage":10,"enemies":"3 Louse","floor":5,"turns":4},{"damage":20,"enemies":"3 Sentries","floor":6,"turns":10},{"damage":8,"enemies":"Lagavulin","floor":10,"turns":6},{"damage":0,"enemies":"Looter","floor":14,"turns":3},{"damage":10,"enemies":"Hexaghost","floor":16,"turns":7},{"damage":1,"enemies":"3 Byrds","floor":18,"turns":3},{"damage":7,"enemies":"Spheric Guardian","floor":19,"turns":4},{"damage":15,"enemies":"3 Cultists","floor":20,"turns":6},{"damage":0,"enemies":"Snecko","floor":22,"turns":3},{"damage":32,"enemies":"Gremlin Leader","floor":24,"turns":4},{"damage":16,"enemies":"Colosseum Slavers","floor":28,"turns":3},{"damage":48,"enemies":"Colosseum Nobs","floor":28,"turns":4}],"seed_played":"3221994123147508403","potions_obtained":[{"floor":1,"key":"Block Potion"},{"floor":4,"key":"GamblersBrew"},{"floor":6,"key":"SpeedPotion"},{"floor":22,"key":"Block Potion"},{"floor":24,"key":"Explosive Potion"}],"is_trial":false,"path_per_floor":["M","?","M","M","M","E","R","?","T","E","R","?","T","M","R","B",null,"M","M","M","$","M","R","E","?","T","?","?"],"character_chosen":"THE_SILENT","items_purchased":["Catalyst+1","Dash","Frozen Eye"],"campfire_rested":1,"item_purchase_floors":[21,21,21],"current_hp_per_floor":[70,70,68,68,58,38,38,38,38,30,51,37,37,37,37,39,70,69,62,47,47,47,47,27,50,50,50,0],"gold":130,"neow_bonus":"ONE_RANDOM_RARE_CARD","is_prod":false,"is_daily":false,"chose_seed":false,"campfire_upgraded":3,"win_rate":0.0,"timestamp":1562110122,"path_taken":["M","?","?","M","M","E","R","?","T","E","R","?","?","M","R","BOSS","M","M","M","$","M","R","E","?","T","?","?"],"build_version":"2019-07-01","purchased_purges":1,"victory":false,"max_hp_per_floor":[70,70,70,70,70,70,70,70,70,70,70,70,70,70,70,70,70,70,70,70,70,70,70,70,70,70,70,70],"card_choices":[{"not_picked":["Well Laid Plans","Predator"],"picked":"Dash","floor":1},{"not_picked":["Calculated Gamble","Outmaneuver"],"picked":"Blade Dance","floor":3},{"not_picked":["Backstab","Backflip"],"picked":"Caltrops","floor":4},{"not_picked":["Blade Dance","Poisoned Stab"],"picked":"Deadly Poison","floor":5},{"not_picked":["Backflip","Prepared"],"picked":"Infinite Blades","floor":6},{"not_picked":["Wraith Form v2","Dagger Throw"],"picked":"Bouncing Flask","floor":10},{"not_picked":["Slice","Quick Slash"],"picked":"Poisoned Stab","floor":14},{"not_picked":["Burst+1","Tools of the Trade"],"picked":"Adrenaline+1","floor":16},{"not_picked":["Dodge and Roll+1","Backflip+1"],"picked":"Deadly Poison+1","floor":18},{"not_picked":["Flying Knee","Dagger Spray"],"picked":"Bane","floor":19},{"not_picked":["Unload","Noxious Fumes"],"picked":"Bane","floor":20},{"not_picked":["Quick Slash+1","Reflex+1"],"picked":"Terror+1","floor":22},{"not_picked":["Acrobatics+1","Sucker Punch"],"picked":"Dagger Spray+1","floor":24}],"player_experience":14401,"relics_obtained":[{"floor":6,"key":"Ancient Tea Set"},{"floor":9,"key":"Matryoshka"},{"floor":10,"key":"Pocketwatch"},{"floor":13,"key":"Meat on the Bone"},{"floor":13,"key":"Toxic Egg 2"},{"floor":24,"key":"Nunchaku"},{"floor":26,"key":"Oddly Smooth Stone"},{"floor":26,"key":"Shuriken"}],"event_choices":[{"cards_removed":["Strike_G"],"damage_healed":0,"gold_gain":0,"player_choice":"Offered Basic","damage_taken":0,"max_hp_gain":0,"max_hp_loss":0,"event_name":"Bonfire Elementals","floor":2,"gold_loss":0},{"damage_healed":0,"gold_gain":0,"player_choice":"Left Gold","damage_taken":0,"max_hp_gain":0,"max_hp_loss":0,"event_name":"World of Goop","floor":8,"gold_loss":41},{"damage_healed":0,"gold_gain":0,"player_choice":"Entered Light","damage_taken":14,"max_hp_gain":0,"max_hp_loss":0,"event_name":"Shining Light","floor":12,"gold_loss":0,"cards_upgraded":["Bouncing Flask","Defend_G"]},{"damage_healed":23,"gold_gain":0,"player_choice":"Heal","damage_taken":0,"max_hp_gain":0,"max_hp_loss":0,"event_name":"The Library","floor":25,"gold_loss":0},{"damage_healed":0,"gold_gain":0,"cards_transformed":["Strike_G","Strike_G"],"player_choice":"Became Test Subject","damage_taken":0,"max_hp_gain":0,"max_hp_loss":0,"event_name":"Drug Dealer","floor":27,"gold_loss":0,"cards_obtained":["Masterful Stab","Bouncing Flask"]},{"damage_healed":0,"gold_gain":0,"player_choice":"Fight","damage_taken":0,"max_hp_gain":0,"max_hp_loss":0,"event_name":"Colosseum","floor":28,"gold_loss":0},{"damage_healed":0,"gold_gain":0,"player_choice":"Fought Nobs","damage_taken":0,"max_hp_gain":0,"max_hp_loss":0,"event_name":"Colosseum","floor":28,"gold_loss":0}],"is_beta":false,"boss_relics":[{"not_picked":["Busted Crown","Sozu"],"picked":"Empty Cage"}],"items_purged_floors":[21],"is_endless":false,"potions_floor_spawned":[1,4,6,22,24,28],"killed_by":"Colosseum Nobs","ascension_level":0}