{"gold_per_floor":[16,16,16,40,40,40,75,75,156,180,199,224,263,284,284,378,378,399,40,63,63,88,88,288,329,395,422,459,471,113,128,128,221,221,246,264,264,332,356,356,60,60,60,60,93,108,0,23,23,23,23,23,23,66,66],"floor_reached":55,"playtime":4003,"items_purged":["Strike_G"],"score":1448,"play_id":"8476e0c0-92b3-4267-9a1f-043049933e1d","local_time":"20190704035233","is_ascension_mode":true,"campfire_choices":[{"data":"1","floor":6.0,"key":"LIFT"},{"data":"Noxious Fumes","floor":8.0,"key":"SMITH"},{"data":"2","floor":15.0,"key":"LIFT"},{"data":"3","floor":23.0,"key":"LIFT"},{"floor":32.0,"key":"REST"},{"data":"Wraith Form v2","floor":40.0,"key":"SMITH"},{"data":"After Image","floor":42.0,"key":"SMITH"},{"floor":49.0,"key":"RECALL"},{"data":"Wraith Form v2","floor":52.0,"key":"SMITH"}],"neow_cost":"NO_GOLD","seed_source_timestamp":41186767011930,"circlet_count":0,"master_deck":["AscendersBane","Strike_G","Strike_G","Strike_G","Strike_G","Defend_G","Defend_G","Defend_G","Defend_G","Defend_G","Survivor","Neutralize","Noxious Fumes+1","Deflect","Backflip","PiercingWail","Well Laid Plans","Masterful Stab","Bouncing Flask","Crippling Poison","After Image+1","Cloak And Dagger","Leg Sweep","PiercingWail","Noxious Fumes","Blade Dance","Escape Plan","Wraith Form v2+1","Noxious Fumes","PiercingWail","Wraith Form v2+1","PiercingWail","Calculated Gamble","Caltrops","Deadly Poison","Leg Sweep","Dagger Spray+1","Prepared+1"],"special_seed":0,"relics":["Ring of the Snake","Girya","Golden Idol","Bag of Marbles","Ninja Scroll","Omamori","Runic Pyramid","OrangePellets","Pantograph","MawBank","Happy Flower","Kunai","Medical Kit","Busted Crown","Prayer Wheel","ClockworkSouvenir","Molten Egg 2","Shuriken","Red Mask","Anchor"],"potions_floor_usage":[],"damage_taken":[{"damage":2.0,"enemies":"Jaw Worm","floor":1.0,"turns":6.0},{"damage":0.0,"enemies":"Small Slimes","floor":4.0,"turns":4.0},{"damage":32.0,"enemies":"3 Sentries","floor":7.0,"turns":11.0},{"damage":0.0,"enemies":"Cultist","floor":10.0,"turns":2.0},{"damage":0.0,"enemies":"2 Fungi Beasts","floor":11.0,"turns":1.0},{"damage":7.0,"enemies":"Gremlin Gang","floor":12.0,"turns":4.0},{"damage":0.0,"enemies":"Gremlin Nob","floor":13.0,"turns":2.0},{"damage":6.0,"enemies":"Exordium Wildlife","floor":14.0,"turns":4.0},{"damage":1.0,"enemies":"The Guardian","floor":16.0,"turns":8.0},{"damage":0.0,"enemies":"Spheric Guardian","floor":18.0,"turns":3.0},{"damage":4.0,"enemies":"3 Byrds","floor":20.0,"turns":5.0},{"damage":0.0,"enemies":"Centurion and Healer","floor":22.0,"turns":6.0},{"damage":9.0,"enemies":"Gremlin Leader","floor":25.0,"turns":7.0},{"damage":13.0,"enemies":"Chosen and Byrds","floor":27.0,"turns":5.0},{"damage":11.0,"enemies":"Snake Plant","floor":28.0,"turns":5.0},{"damage":8.0,"enemies":"Cultist and Chosen","floor":31.0,"turns":6.0},{"damage":41.0,"enemies":"Champ","floor":33.0,"turns":15.0},{"damage":1.0,"enemies":"3 Darklings","floor":35.0,"turns":4.0},{"damage":0.0,"enemies":"3 Shapes","floor":36.0,"turns":6.0},{"damage":7.0,"enemies":"2 Orb Walkers","floor":38.0,"turns":8.0},{"damage":0.0,"enemies":"Spire Growth","floor":39.0,"turns":8.0},{"damage":18.0,"enemies":"Giant Head","floor":45.0,"turns":11.0},{"damage":0.0,"enemies":"Jaw Worm Horde","floor":46.0,"turns":4.0},{"damage":0.0,"enemies":"Maw","floor":48.0,"turns":8.0},{"damage":26.0,"enemies":"Awakened One","floor":50.0,"turns":18.0},{"damage":26.0,"enemies":"Shield and Spear","floor":54.0,"turns":9.0},{"damage":70,"enemies":"The Heart","floor":55,"turns":11}],"seed_played":"6554497813518133606","potions_obtained":[{"floor":7.0,"key":"Ancient Potion"},{"floor":10.0,"key":"SkillPotion"},{"floor":12.0,"key":"Strength Potion"},{"floor":13.0,"key":"SteroidPotion"},{"floor":18.0,"key":"SneckoOil"},{"floor":22.0,"key":"EssenceOfSteel"},{"floor":33.0,"key":"Fire Potion"},{"floor":38.0,"key":"Block Potion"},{"floor":45.0,"key":"Fire Potion"},{"floor":46.0,"key":"SkillPotion"}],"is_trial":false,"path_per_floor":["M","?","?","M","?","R","E","R","T","M","M","M","E","M","R","B",null,"M","$","M","?","M","R","?","E","T","M","M","T","$","M","R","B",null,"M","M","?","?","M","R","$","R","T","T","E","M","?","M","R","B",null,"R","$","E","B"],"character_chosen":"THE_SILENT","items_purchased":["OrangePellets","Leg Sweep","PiercingWail","Medical Kit","Noxious Fumes","ClockworkSouvenir","Caltrops"],"campfire_rested":1,"item_purchase_floors":[19,19,19,30,30,41,41],"current_hp_per_floor":[57,57,57,57,62,62,30,30,30,30,30,23,23,17,17,16,53,53,53,49,49,49,49,49,40,40,27,16,16,16,8,27,11,52,51,51,51,44,44,44,44,44,44,44,26,26,26,26,26,25,55,55,55,29,0],"gold":66,"neow_bonus":"ONE_RARE_RELIC","is_prod":false,"is_daily":false,"chose_seed":false,"campfire_upgraded":4,"win_rate":0,"timestamp":1562205153,"path_taken":["M","?","?","M","?","R","E","R","T","?","M","M","E","M","R","BOSS","M","$","M","?","M","R","?","E","T","M","?","?","?","M","R","BOSS","M","M","?","?","M","R","$","R","T","?","E","?","?","M","R","BOSS","R","$","E","BOSS"],"build_version":"2019-07-01","purchased_purges":1,"victory":false,"max_hp_per_floor":[66,60,60,60,65,65,65,65,65,65,65,65,65,65,65,65,65,65,65,65,65,65,65,65,65,65,65,65,65,65,65,65,65,65,65,65,65,65,65,65,65,65,65,65,65,65,65,65,65,65,65,65,65,65,65],"card_choices":[{"not_picked":["Quick Slash","Concentrate"],"picked":"Noxious Fumes","floor":1.0},{"not_picked":["Bane","Setup"],"picked":"Deflect","floor":4.0},{"not_picked":["Calculated Gamble","Prepared"],"picked":"Backflip","floor":7.0},{"not_picked":["Flying Knee","Poisoned Stab"],"picked":"PiercingWail","floor":10.0},{"not_picked":["Crippling Poison","Bouncing Flask"],"picked":"Well Laid Plans","floor":11.0},{"not_picked":["Dodge and Roll","Poisoned Stab"],"picked":"Masterful Stab","floor":12.0},{"not_picked":["Reflex","Infinite Blades"],"picked":"Bouncing Flask","floor":13.0},{"not_picked":["Dodge and Roll","Deadly Poison"],"picked":"Crippling Poison","floor":14.0},{"not_picked":["Grand Finale","Bullet Time"],"picked":"After Image","floor":16.0},{"not_picked":["Outmaneuver","Quick Slash"],"picked":"Cloak And Dagger","floor":18.0},{"not_picked":["Prepared","Slice"],"picked":"Noxious Fumes","floor":20.0},{"not_picked":["Poisoned Stab","Dodge and Roll+1"],"picked":"Blade Dance","floor":22.0},{"not_picked":["Predator+1","Dodge and Roll"],"picked":"Heel Hook","floor":25.0},{"not_picked":["Dagger Spray","Setup"],"picked":"Escape Plan","floor":27.0},{"not_picked":["Cloak And Dagger","Deflect"],"picked":"Wraith Form v2","floor":28.0},{"not_picked":["Bane","Dodge and Roll"],"picked":"PiercingWail","floor":31.0},{"not_picked":["Night Terror","Malaise"],"picked":"Wraith Form v2","floor":33.0},{"not_picked":["Acrobatics"],"picked":"SKIP","floor":35.0},{"not_picked":[],"picked":"PiercingWail","floor":36.0},{"not_picked":[],"picked":"Calculated Gamble","floor":38.0},{"not_picked":["Well Laid Plans"],"picked":"SKIP","floor":39.0},{"not_picked":["Dagger Throw"],"picked":"SKIP","floor":39.0},{"not_picked":[],"picked":"Deadly Poison","floor":45.0},{"not_picked":[],"picked":"Leg Sweep","floor":46.0},{"not_picked":[],"picked":"Dagger Spray+1","floor":46.0},{"not_picked":[],"picked":"Prepared+1","floor":48.0},{"not_picked":["Glass Knife+1"],"picked":"SKIP","floor":48.0},{"not_picked":["Deadly Poison"],"picked":"SKIP","floor":54.0}],"player_experience":859879,"relics_obtained":[{"floor":7.0,"key":"Bag of Marbles"},{"floor":9.0,"key":"Ninja Scroll"},{"floor":13.0,"key":"Omamori"},{"floor":25.0,"key":"MawBank"},{"floor":26.0,"key":"Happy Flower"},{"floor":29.0,"key":"Kunai"},{"floor":38.0,"key":"Prayer Wheel"},{"floor":44.0,"key":"Molten Egg 2"},{"floor":45.0,"key":"Shuriken"},{"floor":54.0,"key":"Anchor"}],"event_choices":[{"damage_healed":0.0,"max_hp_gain":0.0,"max_hp_loss":6.0,"gold_gain":0.0,"event_name":"Golden Idol","player_choice":"Lose Max HP","floor":2.0,"gold_loss":0.0,"damage_taken":0.0,"relics_obtained":["Golden Idol"]},{"damage_healed":0.0,"max_hp_gain":0.0,"max_hp_loss":0.0,"gold_gain":0.0,"event_name":"Liars Game","player_choice":"Ignored","floor":3.0,"gold_loss":0.0,"damage_taken":0.0},{"damage_healed":0.0,"max_hp_gain":5.0,"max_hp_loss":0.0,"gold_gain":0.0,"event_name":"Big Fish","player_choice":"Donut","floor":5.0,"gold_loss":0.0,"damage_taken":0.0},{"damage_healed":0.0,"max_hp_gain":0.0,"max_hp_loss":0.0,"gold_gain":0.0,"event_name":"The Mausoleum","player_choice":"Opened","floor":21.0,"gold_loss":0.0,"damage_taken":0.0,"relics_obtained":["Pantograph"],"cards_obtained":["Writhe"]},{"damage_healed":0.0,"max_hp_gain":0.0,"max_hp_loss":0.0,"gold_gain":250.0,"event_name":"The Joust","player_choice":"Bet on Owner","floor":24.0,"gold_loss":50.0,"damage_taken":0.0},{"cards_removed":["Heel Hook"],"damage_healed":0.0,"max_hp_gain":0.0,"max_hp_loss":0.0,"gold_gain":0.0,"event_name":"Falling","player_choice":"Removed Attack","floor":37.0,"gold_loss":0.0,"damage_taken":0.0},{"damage_healed":0.0,"max_hp_gain":0.0,"max_hp_loss":0.0,"gold_gain":0.0,"event_name":"Mysterious Sphere","player_choice":"Fight","floor":38.0,"gold_loss":0.0,"damage_taken":0.0},{"damage_healed":0.0,"max_hp_gain":0.0,"max_hp_loss":0.0,"gold_gain":0.0,"event_name":"Tomb of Lord Red Mask","player_choice":"Paid","floor":47.0,"gold_loss":108.0,"damage_taken":0.0,"relics_obtained":["Red Mask"]}],"is_beta":false,"boss_relics":[{"not_picked":["Velvet Choker","Lizard Tail"],"picked":"Runic Pyramid"},{"not_picked":["Calling Bell","White Beast Statue"],"picked":"Busted Crown"}],"items_purged_floors":[30],"is_endless":false,"potions_floor_spawned":[7,10,12,13,14,18,22,33,38,45,46],"killed_by":"The Heart","ascension_level":19}