{"gold_per_floor":[118,133,153,167,232,260,260,280,334,334,348,448,448,483,483,584,584,599,599,616,616],"floor_reached":21,"playtime":1668,"items_purged":[],"score":191,"play_id":"b7e21e93-9892-49c5-9eed-d708f4e71bd6","local_time":"20190628144437","is_ascension_mode":false,"campfire_choices":[{"floor":7,"key":"REST"},{"data":"Combust","floor":10,"key":"SMITH"},{"floor":13,"key":"REST"},{"data":"Shockwave","floor":15,"key":"SMITH"}],"neow_cost":"NONE","seed_source_timestamp":79118541363000,"circlet_count":0,"master_deck":["Strike_R","Strike_R","Strike_R","Strike_R","Strike_R","Defend_R","Defend_R","Defend_R","Defend_R","Bash","Combust+1","Heavy Blade","Sword Boomerang","Shockwave+1","Shrug It Off","Cleave","Pommel Strike","Demon Form+1","Berserk+1","Anger","Juggernaut+1","Twin Strike","Demon Form+1","Pommel Strike","Heavy Blade","Decay","Cleave"],"relics":["Burning Blood","Bag of Preparation","Regal Pillow","Happy Flower","Frozen Egg 2","Orrery"],"potions_floor_usage":[],"damage_taken":[{"damage":10,"enemies":"Jaw Worm","floor":1,"turns":5},{"damage":4,"enemies":"Cultist","floor":2,"turns":4},{"damage":4,"enemies":"Small Slimes","floor":3,"turns":3},{"damage":11,"enemies":"2 Fungi Beasts","floor":4,"turns":4},{"damage":50,"enemies":"Lagavulin","floor":6,"turns":7},{"damage":26,"enemies":"Exordium Thugs","floor":8,"turns":5},{"damage":16,"enemies":"Exordium Wildlife","floor":11,"turns":5},{"damage":17,"enemies":"3 Sentries","floor":14,"turns":3},{"damage":46,"enemies":"Slime Boss","floor":16,"turns":9},{"damage":25,"enemies":"Chosen","floor":18,"turns":5},{"damage":19,"enemies":"Spheric Guardian","floor":20,"turns":4},{"damage":48,"enemies":"Snake Plant","floor":21,"turns":4}],"seed_played":"-250326386664926945","potions_obtained":[{"floor":1,"key":"Block Potion"},{"floor":3,"key":"Poison Potion"},{"floor":4,"key":"AttackPotion"}],"is_trial":false,"path_per_floor":["M","M","M","M","?","E","R","M","T","R","M","?","R","E","R","B",null,"M","?","M","M"],"character_chosen":"IRONCLAD","items_purchased":[],"campfire_rested":2,"item_purchase_floors":[],"current_hp_per_floor":[76,78,80,75,75,31,70,50,50,50,40,40,79,68,68,28,80,61,61,48,0],"gold":616,"neow_bonus":"RANDOM_COMMON_RELIC","is_prod":false,"is_daily":false,"chose_seed":false,"campfire_upgraded":2,"win_rate":0.0,"timestamp":1561715077,"path_taken":["M","M","M","M","?","E","R","M","T","R","M","?","R","E","R","BOSS","M","?","?","M"],"build_version":"2019-01-23","purchased_purges":0,"victory":false,"max_hp_per_floor":[80,80,80,80,80,80,80,80,80,80,80,80,80,80,80,80,80,80,80,80,80],"card_choices":[{"not_picked":["Armaments","Clash"],"picked":"Combust","floor":1},{"not_picked":["Armaments","Body Slam"],"picked":"Heavy Blade","floor":2},{"not_picked":["Cleave","Power Through"],"picked":"Sword Boomerang","floor":3},{"not_picked":["Headbutt","Body Slam"],"picked":"Shockwave","floor":4},{"not_picked":["Battle Trance","Berserk"],"picked":"Shrug It Off","floor":6},{"not_picked":["Headbutt","Twin Strike"],"picked":"Cleave","floor":8},{"not_picked":["Perfected Strike","Headbutt"],"picked":"Pommel Strike","floor":11},{"not_picked":["Perfected Strike","Corruption"],"picked":"Demon Form","floor":14},{"not_picked":["Impervious","Double Tap"],"picked":"Berserk+1","floor":16},{"not_picked":["Thunderclap","Sword Boomerang"],"picked":"Anger","floor":17},{"not_picked":["True Grit","Iron Wave"],"picked":"Juggernaut+1","floor":17},{"not_picked":["Warcry","Flex"],"picked":"Twin Strike","floor":17},{"not_picked":["Bloodletting","Body Slam"],"picked":"Demon Form+1","floor":17},{"not_picked":["Whirlwind","Reckless Charge"],"picked":"Pommel Strike","floor":17},{"not_picked":["Pommel Strike","Combust+1"],"picked":"Heavy Blade","floor":18},{"not_picked":["Shockwave","Perfected Strike"],"picked":"Cleave","floor":20}],"player_experience":24053,"relics_obtained":[{"floor":6,"key":"Regal Pillow"},{"floor":9,"key":"Happy Flower"},{"floor":14,"key":"Frozen Egg 2"}],"event_choices":[{"damage_healed":0,"gold_gain":65,"player_choice":"Gained Gold","damage_taken":0,"max_hp_gain":0,"max_hp_loss":0,"event_name":"Golden Wing","floor":5,"gold_loss":0},{"damage_healed":0,"gold_gain":100,"player_choice":"Pray","damage_taken":0,"max_hp_gain":0,"max_hp_loss":0,"event_name":"Golden Shrine","floor":12,"gold_loss":0},{"damage_healed":0,"gold_gain":0,"player_choice":"Cursed","damage_taken":0,"max_hp_gain":0,"max_hp_loss":0,"event_name":"Wheel of Change","floor":19,"gold_loss":0,"cards_obtained":["Decay"]}],"is_beta":false,"boss_relics":[{"not_picked":["Cursed Key","White Beast Statue"],"picked":"Orrery"}],"items_purged_floors":[],"is_endless":false,"potions_floor_spawned":[1,3,4,6,14],"killed_by":"Snake Plant","ascension_level":0}