{"gold_per_floor":[111,122,142,142,154,154,166,178,178,50,80,80,99,199,199,301,301,320,166,186,186,200,235,267,71,71,85,85,100,24,42,42,137,137,152,163,163,180,194,194,212,263,263,263,263,73,73,73,73,73],"floor_reached":51,"playtime":6103,"items_purged":["Strike_G","Night Terror","Strike_G","Strike_G"],"score":690,"play_id":"1258dce4-5613-4051-b5c7-7a3af217d9c0","local_time":"20190630160335","is_ascension_mode":false,"campfire_choices":[{"data":"Backflip","floor":6,"key":"SMITH"},{"data":"Noxious Fumes","floor":12,"key":"SMITH"},{"data":"Deadly Poison","floor":15,"key":"SMITH"},{"data":"Backflip","floor":28,"key":"SMITH"},{"floor":32,"key":"REST"},{"floor":40,"key":"REST"},{"floor":45,"key":"REST"},{"data":"After Image","floor":49,"key":"SMITH"}],"neow_cost":"NONE","seed_source_timestamp":252207408803600,"circlet_count":0,"master_deck":["Defend_G","Defend_G","Defend_G","Defend_G","Defend_G","Strike_G","Survivor","Neutralize","Backflip+1","Prepared","Noxious Fumes+1","Prepared","Deadly Poison+1","Well Laid Plans","Blur","Backflip","Backflip+1","Noxious Fumes","Deflect","Deflect","Escape Plan","Noxious Fumes","Finesse","Catalyst","Blur","After Image","Backflip+1","Deflect","After Image+1","Doubt"],"relics":["Ring of the Snake","Tough Bandages","Orrery","MawBank","Dodecahedron","Runic Pyramid","Smiling Mask","Mango"],"potions_floor_usage":[31,31,31,47,50,50],"damage_taken":[{"damage":0,"enemies":"Small Slimes","floor":1,"turns":4},{"damage":2,"enemies":"Cultist","floor":2,"turns":6},{"damage":0,"enemies":"Jaw Worm","floor":3,"turns":5},{"damage":6,"enemies":"3 Louse","floor":5,"turns":5},{"damage":12,"enemies":"Exordium Thugs","floor":7,"turns":9},{"damage":0,"enemies":"Blue Slaver","floor":8,"turns":5},{"damage":6,"enemies":"Lots of Slimes","floor":13,"turns":4},{"damage":30,"enemies":"Slime Boss","floor":16,"turns":11},{"damage":1,"enemies":"Spheric Guardian","floor":18,"turns":5},{"damage":7,"enemies":"Chosen","floor":20,"turns":7},{"damage":2,"enemies":"Snake Plant","floor":22,"turns":5},{"damage":3,"enemies":"Book of Stabbing","floor":23,"turns":9},{"damage":0,"enemies":"Shelled Parasite and Fungi","floor":24,"turns":7},{"damage":9,"enemies":"3 Cultists","floor":27,"turns":6},{"damage":51,"enemies":"Cultist and Chosen","floor":29,"turns":7},{"damage":0,"enemies":"Centurion and Healer","floor":31,"turns":7},{"damage":7,"enemies":"Champ","floor":33,"turns":15},{"damage":0,"enemies":"3 Darklings","floor":35,"turns":6},{"damage":13,"enemies":"3 Shapes","floor":36,"turns":6},{"damage":42,"enemies":"Sphere and 2 Shapes","floor":38,"turns":8},{"damage":0,"enemies":"Maw","floor":39,"turns":8},{"damage":41,"enemies":"4 Shapes","floor":41,"turns":6},{"damage":5,"enemies":"3 Darklings","floor":47,"turns":3},{"damage":77,"enemies":"Time Eater","floor":50,"turns":17}],"seed_played":"-7534892881435238592","potions_obtained":[{"floor":7,"key":"SkillPotion"},{"floor":13,"key":"LiquidBronze"},{"floor":20,"key":"SpeedPotion"},{"floor":21,"key":"Regen Potion"},{"floor":21,"key":"Dexterity Potion"},{"floor":31,"key":"SmokeBomb"},{"floor":35,"key":"Strength Potion"},{"floor":36,"key":"PowerPotion"}],"is_trial":false,"path_per_floor":["M","M","M","?","M","R","M","M","T","$","?","R","M","?","R","B",null,"M","$","M","?","M","E","M","$","T","M","R","M","$","M","R","B",null,"M","M","?","M","M","R","M","T","T","?","R","$","M","?","R","B",null],"character_chosen":"THE_SILENT","items_purchased":["Deadly Poison","Deflect","Finesse","Blur","After Image"],"campfire_rested":3,"item_purchase_floors":[10,19,25,30,46],"current_hp_per_floor":[77,75,75,75,69,69,57,57,57,57,57,57,51,51,51,21,77,76,76,69,69,67,64,64,64,64,55,55,4,4,19,42,35,77,77,64,64,22,22,45,4,4,18,18,45,45,40,91,91,14],"gold":73,"neow_bonus":"TEN_PERCENT_HP_BONUS","is_prod":false,"is_daily":false,"chose_seed":false,"campfire_upgraded":5,"win_rate":0.0,"timestamp":1561892615,"path_taken":["M","M","M","?","M","R","M","?","T","$","?","R","M","?","R","BOSS","M","$","M","?","M","E","M","?","T","M","R","M","$","M","R","BOSS","M","M","?","M","?","R","M","?","T","?","R","$","M","?","R","BOSS"],"build_version":"2019-01-23","purchased_purges":4,"victory":true,"max_hp_per_floor":[77,77,77,77,77,77,77,77,77,77,77,77,77,77,77,77,77,77,77,77,77,77,77,77,77,77,77,77,77,77,77,77,77,77,77,77,77,77,77,77,77,77,91,91,91,91,91,91,91,91],"card_choices":[{"not_picked":["Quick Slash","Heel Hook"],"picked":"Backflip","floor":1},{"not_picked":["Masterful Stab","Cloak And Dagger"],"picked":"Prepared","floor":2},{"not_picked":["Poisoned Stab","Blade Dance","Leg Sweep"],"picked":"SKIP","floor":3},{"not_picked":["Slice","All Out Attack","Finisher"],"picked":"SKIP","floor":5},{"not_picked":["Backflip","PiercingWail"],"picked":"Noxious Fumes","floor":7},{"not_picked":["Choke","Acrobatics"],"picked":"Prepared","floor":8},{"not_picked":["Prepared","Acrobatics"],"picked":"Well Laid Plans","floor":13},{"not_picked":["Tools of the Trade","Wraith Form v2"],"picked":"Night Terror","floor":16},{"not_picked":["Calculated Gamble","Finisher"],"picked":"Blur","floor":17},{"not_picked":["Poisoned Stab","Terror"],"picked":"Backflip","floor":17},{"not_picked":["Masterful Stab","Cloak And Dagger"],"picked":"Backflip","floor":17},{"not_picked":["Backflip","Dagger Throw"],"picked":"Noxious Fumes","floor":17},{"not_picked":["Blade Dance","Crippling Poison+1"],"picked":"Deflect","floor":18},{"not_picked":["Deadly Poison","Leg Sweep","Prepared+1"],"picked":"SKIP","floor":20},{"not_picked":["Riddle With Holes","Backflip+1"],"picked":"Escape Plan","floor":22},{"not_picked":["Slice","Reflex","Terror"],"picked":"SKIP","floor":23},{"not_picked":["Corpse Explosion","Blade Dance"],"picked":"Noxious Fumes","floor":24},{"not_picked":["Cloak And Dagger+1","Prepared+1"],"picked":"Catalyst","floor":27},{"not_picked":["Riddle With Holes+1","Poisoned Stab","Terror"],"picked":"SKIP","floor":29},{"not_picked":["Deadly Poison","Backflip","Flying Knee"],"picked":"SKIP","floor":31},{"not_picked":["Glass Knife","Phantasmal Killer"],"picked":"After Image","floor":33},{"not_picked":["Dash","Cloak And Dagger+1"],"picked":"Backflip+1","floor":35},{"not_picked":["Endless Agony+1","Backflip+1","Deadly Poison"],"picked":"SKIP","floor":36},{"not_picked":["Dagger Throw+1","Quick Slash","Choke+1"],"picked":"SKIP","floor":38},{"not_picked":["Prepared","Bane+1"],"picked":"Deflect","floor":39},{"not_picked":["Deadly Poison","Dash+1","Expertise"],"picked":"SKIP","floor":41}],"player_experience":64334,"relics_obtained":[{"floor":9,"key":"Tough Bandages"},{"floor":23,"key":"MawBank"},{"floor":26,"key":"Dodecahedron"},{"floor":42,"key":"Smiling Mask"},{"floor":43,"key":"Mango"}],"event_choices":[{"cards_removed":["Strike_G"],"damage_healed":0,"gold_gain":0,"player_choice":"Offered Basic","damage_taken":0,"max_hp_gain":0,"max_hp_loss":0,"event_name":"Bonfire Elementals","floor":4,"gold_loss":0},{"damage_healed":0,"gold_gain":30,"player_choice":"Searched \u00271\u0027 times","damage_taken":0,"max_hp_gain":0,"max_hp_loss":0,"event_name":"Dead Adventurer","floor":11,"gold_loss":0},{"damage_healed":0,"gold_gain":100,"player_choice":"Pray","damage_taken":0,"max_hp_gain":0,"max_hp_loss":0,"event_name":"Golden Shrine","floor":14,"gold_loss":0},{"damage_healed":0,"gold_gain":0,"player_choice":"Got Potions","damage_taken":0,"max_hp_gain":0,"max_hp_loss":0,"event_name":"Lab","floor":21,"gold_loss":0},{"damage_healed":0,"gold_gain":0,"player_choice":"Leave","damage_taken":0,"max_hp_gain":0,"max_hp_loss":0,"event_name":"FaceTrader","floor":37,"gold_loss":0},{"damage_healed":0,"gold_gain":0,"player_choice":"Ignored","damage_taken":0,"max_hp_gain":0,"max_hp_loss":0,"event_name":"Mysterious Sphere","floor":44,"gold_loss":0},{"damage_healed":51,"gold_gain":0,"player_choice":"Heal","damage_taken":0,"max_hp_gain":0,"max_hp_loss":0,"event_name":"MindBloom","floor":48,"gold_loss":0,"cards_obtained":["Doubt"]}],"is_beta":false,"boss_relics":[{"not_picked":["Lizard Tail","Busted Crown"],"picked":"Orrery"},{"not_picked":["Astrolabe","Snecko Eye"],"picked":"Runic Pyramid"}],"items_purged_floors":[10,19,25,46],"is_endless":false,"potions_floor_spawned":[7,13,20,22,29,31,35,36],"ascension_level":0}