{"gold_per_floor":[114,125,125,50,50,50,60,60,112,112,125,144,162,179,179,179],"floor_reached":16,"playtime":1232,"items_purged":["Strike_G"],"score":94,"play_id":"f48ade3c-5266-42ec-a46b-c8f24c16b524","local_time":"20190629223735","is_ascension_mode":false,"campfire_choices":[{"data":"Survivor","floor":6,"key":"SMITH"},{"data":"Defend_G","floor":8,"key":"SMITH"},{"data":"Defend_G","floor":10,"key":"SMITH"},{"data":"Footwork","floor":15,"key":"SMITH"}],"neow_cost":"NONE","seed_source_timestamp":194334634260300,"circlet_count":0,"master_deck":["Defend_G","Defend_G","Defend_G","Defend_G+1","Defend_G+1","Strike_G","Strike_G","Strike_G","Strike_G+1","Survivor+1","Neutralize+1","Blade Dance+1","After Image","Cloak And Dagger","Dodge and Roll","Footwork+1"],"relics":["Ring of the Snake","Smiling Mask"],"potions_floor_usage":[],"damage_taken":[{"damage":0,"enemies":"Small Slimes","floor":1,"turns":3},{"damage":1,"enemies":"Cultist","floor":2,"turns":4},{"damage":1,"enemies":"Jaw Worm","floor":7,"turns":4},{"damage":5,"enemies":"Large Slime","floor":11,"turns":6},{"damage":0,"enemies":"Exordium Thugs","floor":12,"turns":6},{"damage":0,"enemies":"Blue Slaver","floor":13,"turns":4},{"damage":5,"enemies":"Exordium Wildlife","floor":14,"turns":10},{"damage":54,"enemies":"Slime Boss","floor":16,"turns":17}],"seed_played":"-338444399073991663","potions_obtained":[{"floor":2,"key":"Block Potion"},{"floor":11,"key":"Dexterity Potion"},{"floor":12,"key":"GhostInAJar"}],"is_trial":false,"path_per_floor":["M","M","?","$","?","R","M","R","T","R","M","M","M","M","R","B"],"character_chosen":"THE_SILENT","items_purchased":[],"campfire_rested":0,"item_purchase_floors":[],"current_hp_per_floor":[77,76,61,61,61,61,60,60,60,60,55,55,55,50,50,0],"gold":179,"neow_bonus":"TEN_PERCENT_HP_BONUS","is_prod":false,"is_daily":false,"chose_seed":false,"campfire_upgraded":4,"win_rate":0.0,"timestamp":1561829855,"path_taken":["M","M","?","$","?","R","M","R","T","R","M","?","M","M","R","BOSS"],"build_version":"2019-01-23","purchased_purges":1,"victory":false,"max_hp_per_floor":[77,77,77,77,77,77,77,77,77,77,77,77,77,77,77,77],"card_choices":[{"not_picked":["Sucker Punch","Bouncing Flask","Eviscerate"],"picked":"SKIP","floor":1},{"not_picked":["Crippling Poison","Prepared"],"picked":"Blade Dance","floor":2},{"not_picked":["Quick Slash","PiercingWail","Reflex"],"picked":"SKIP","floor":7},{"not_picked":["Bane","Terror"],"picked":"After Image","floor":11},{"not_picked":["Masterful Stab","Poisoned Stab"],"picked":"Cloak And Dagger","floor":12},{"not_picked":["Endless Agony","Poisoned Stab"],"picked":"Dodge and Roll","floor":13},{"not_picked":["Calculated Gamble","Deflect"],"picked":"Footwork","floor":14}],"player_experience":59129,"relics_obtained":[{"floor":9,"key":"Smiling Mask"}],"event_choices":[{"damage_healed":0,"gold_gain":0,"player_choice":"Entered Light","damage_taken":15,"max_hp_gain":0,"max_hp_loss":0,"event_name":"Shining Light","floor":3,"gold_loss":0,"cards_upgraded":["Blade Dance","Strike_G"]},{"damage_healed":0,"gold_gain":0,"player_choice":"Upgraded","damage_taken":0,"max_hp_gain":0,"max_hp_loss":0,"event_name":"Upgrade Shrine","floor":5,"gold_loss":0,"cards_upgraded":["Neutralize"]}],"is_beta":false,"boss_relics":[],"items_purged_floors":[4],"is_endless":false,"potions_floor_spawned":[2,11,12,13,14],"killed_by":"Slime Boss","ascension_level":0}