{"gold_per_floor":[112,131,209,223,87,119,129,129,129,129,147,175,188,198,198,294,344,364,49,49,62,76,76],"floor_reached":23,"playtime":3337,"items_purged":[],"score":205,"play_id":"c35da873-efa2-4596-b3a8-cbdd67d56832","local_time":"20190702174956","is_ascension_mode":false,"campfire_choices":[{"data":"Noxious Fumes","floor":8,"key":"SMITH"},{"floor":15,"key":"REST"}],"neow_cost":"NONE","seed_source_timestamp":542644570209691,"circlet_count":0,"master_deck":["Strike_G","Strike_G","Defend_G","Defend_G","Defend_G","Defend_G","Survivor","Neutralize","Riddle With Holes+1","Flechettes+1","Blade Dance+1","Dash","Backstab+1","Tactician","Noxious Fumes+1","Unload","Blur","Blur","PiercingWail","Distraction","Choke","Infinite Blades+1","After Image","Blur","Deadly Poison","Caltrops+1","Dash","Noxious Fumes+1"],"relics":["Astrolabe","Oddly Smooth Stone","PreservedInsect","Paper Crane","Tiny House","Frozen Egg 2"],"potions_floor_usage":[16,16],"damage_taken":[{"damage":0,"enemies":"Cultist","floor":1,"turns":3},{"damage":1,"enemies":"Jaw Worm","floor":2,"turns":3},{"damage":0,"enemies":"Small Slimes","floor":4,"turns":3},{"damage":18,"enemies":"3 Sentries","floor":6,"turns":7},{"damage":4,"enemies":"Gremlin Gang","floor":7,"turns":5},{"damage":4,"enemies":"Lots of Slimes","floor":11,"turns":4},{"damage":9,"enemies":"Lagavulin","floor":12,"turns":6},{"damage":1,"enemies":"Large Slime","floor":13,"turns":6},{"damage":10,"enemies":"Red Slaver","floor":14,"turns":3},{"damage":9,"enemies":"Slime Boss","floor":16,"turns":9},{"damage":7,"enemies":"Chosen","floor":18,"turns":5},{"damage":4,"enemies":"Shell Parasite","floor":21,"turns":6},{"damage":5,"enemies":"Centurion and Healer","floor":22,"turns":8},{"damage":70,"enemies":"Gremlin Leader","floor":23,"turns":4}],"seed_played":"-4774493991394086435","potions_obtained":[{"floor":4,"key":"Energy Potion"},{"floor":7,"key":"FearPotion"},{"floor":11,"key":"Ancient Potion"},{"floor":14,"key":"AttackPotion"},{"floor":16,"key":"Swift Potion"},{"floor":17,"key":"GhostInAJar"},{"floor":21,"key":"Explosive Potion"}],"is_trial":false,"path_per_floor":["M","M","?","M","$","E","M","R","T","?","M","E","M","M","R","B",null,"M","$","?","M","M","E"],"character_chosen":"THE_SILENT","items_purchased":["Noxious Fumes","Unload","Frozen Egg 2","Caltrops+1"],"campfire_rested":1,"item_purchase_floors":[5,5,19,19],"current_hp_per_floor":[70,69,69,69,69,51,47,47,47,47,43,34,33,23,44,35,75,68,68,68,64,59,0],"gold":76,"neow_bonus":"BOSS_RELIC","is_prod":false,"is_daily":false,"chose_seed":false,"campfire_upgraded":1,"win_rate":0.0,"timestamp":1562104196,"path_taken":["M","?","?","M","$","E","M","R","T","?","?","E","M","M","R","BOSS","M","?","?","?","M","E"],"build_version":"2019-07-01","purchased_purges":0,"victory":false,"max_hp_per_floor":[70,70,70,70,70,70,70,70,70,70,70,70,70,70,70,70,75,75,75,75,75,75,75],"card_choices":[{"not_picked":["Prepared","Bouncing Flask"],"picked":"Dash","floor":1},{"not_picked":["Deadly Poison","Backflip"],"picked":"Backstab","floor":2},{"not_picked":["Underhanded Strike","Eviscerate"],"picked":"Tactician","floor":4},{"not_picked":["Prepared","Escape Plan"],"picked":"Blur","floor":6},{"not_picked":["Dagger Spray","Bouncing Flask"],"picked":"Blur","floor":7},{"not_picked":["Choke","Heel Hook"],"picked":"PiercingWail","floor":11},{"not_picked":["Wraith Form v2","Tactician"],"picked":"Distraction","floor":12},{"not_picked":["Deflect","Calculated Gamble"],"picked":"Choke","floor":13},{"not_picked":["Finisher","Underhanded Strike"],"picked":"Infinite Blades","floor":14},{"not_picked":["Tools of the Trade","Phantasmal Killer"],"picked":"After Image","floor":16},{"not_picked":["Finisher","Deflect"],"picked":"Blur","floor":17},{"not_picked":["Footwork+1","Finisher"],"picked":"Deadly Poison","floor":18},{"not_picked":["Deflect","Heel Hook+1"],"picked":"Dash","floor":21},{"not_picked":["Outmaneuver+1","Flechettes"],"picked":"Noxious Fumes+1","floor":22}],"player_experience":11064,"relics_obtained":[{"floor":6,"key":"Oddly Smooth Stone"},{"floor":9,"key":"PreservedInsect"},{"floor":12,"key":"Paper Crane"}],"event_choices":[{"damage_healed":0,"gold_gain":78,"player_choice":"Gained Gold","damage_taken":0,"max_hp_gain":0,"max_hp_loss":0,"event_name":"Golden Wing","floor":3,"gold_loss":0},{"cards_removed":["Defend_G"],"damage_healed":0,"gold_gain":0,"player_choice":"Purged","damage_taken":0,"max_hp_gain":0,"max_hp_loss":0,"event_name":"Purifier","floor":10,"gold_loss":0},{"damage_healed":0,"gold_gain":0,"player_choice":"Upgraded","damage_taken":0,"max_hp_gain":0,"max_hp_loss":0,"event_name":"Upgrade Shrine","floor":20,"gold_loss":0,"cards_upgraded":["Backstab"]}],"is_beta":false,"boss_relics":[{"not_picked":["Empty Cage","Sozu"],"picked":"Tiny House"}],"items_purged_floors":[],"is_endless":false,"potions_floor_spawned":[4,7,11,14,16,21],"killed_by":"Gremlin Leader","ascension_level":0}