{"gold_per_floor":[116,127,141,141,152,152,193,193,193,217,295,295,315,335,335,460,460,485,499,67,80,103,103,119,219,246,258,270,282,294,320,332,344],"floor_reached":33,"playtime":2689,"items_purged":[],"score":249,"play_id":"7fd80155-02bb-403d-aeba-956bc877b9ce","local_time":"20190703215146","is_ascension_mode":false,"campfire_choices":[{"data":"Double Energy","floor":8,"key":"SMITH"},{"floor":12,"key":"REST"},{"floor":15,"key":"REST"},{"floor":23,"key":"REST"},{"floor":27,"key":"REST"},{"floor":32,"key":"REST"}],"neow_cost":"NONE","seed_source_timestamp":644202674670314,"circlet_count":0,"master_deck":["Strike_B","Strike_B","Strike_B","Strike_B","Defend_B","Defend_B","Defend_B","Zap","Dualcast","Redo","Double Energy+1","Loop+1","Cold Snap","Stack+1","Capacitor+1","Fusion+1","Cold Snap","Electrodynamics+1","Conserve Battery+1","Melter+1","Ball Lightning","Melter","Barrage","Go for the Eyes","Ball Lightning","Clumsy","Double Energy+1","Beam Cell+1"],"relics":["Cracked Core","NeowsBlessing","Golden Idol","Toxic Egg 2","Frozen Egg 2","Bronze Scales","Juzu Bracelet","Fusion Hammer","Torii","MawBank","Bag of Marbles"],"potions_floor_usage":[],"damage_taken":[{"damage":0,"enemies":"Small Slimes","floor":1,"turns":1},{"damage":0,"enemies":"Cultist","floor":2,"turns":1},{"damage":0,"enemies":"2 Louse","floor":3,"turns":1},{"damage":14,"enemies":"Blue Slaver","floor":5,"turns":3},{"damage":22,"enemies":"3 Sentries","floor":7,"turns":11},{"damage":18,"enemies":"Gremlin Nob","floor":11,"turns":4},{"damage":8,"enemies":"3 Louse","floor":13,"turns":3},{"damage":17,"enemies":"Exordium Thugs","floor":14,"turns":4},{"damage":27,"enemies":"Hexaghost","floor":16,"turns":13},{"damage":14,"enemies":"3 Byrds","floor":18,"turns":3},{"damage":7,"enemies":"Spheric Guardian","floor":19,"turns":6},{"damage":21,"enemies":"Snake Plant","floor":21,"turns":3},{"damage":22,"enemies":"Centurion and Healer","floor":22,"turns":6},{"damage":0,"enemies":"Sentry and Sphere","floor":24,"turns":3},{"damage":29,"enemies":"3 Cultists","floor":31,"turns":5},{"damage":72,"enemies":"Collector","floor":33,"turns":5}],"seed_played":"-5238191203350142244","potions_obtained":[{"floor":2,"key":"FearPotion"},{"floor":7,"key":"SkillPotion"},{"floor":13,"key":"SteroidPotion"},{"floor":14,"key":"Dexterity Potion"},{"floor":24,"key":"Fire Potion"}],"is_trial":false,"path_per_floor":["M","M","M","?","M","?","E","R","T","T","?","R","M","M","R","B",null,"M","M","$","M","M","R","M","?","T","R","?","?","?","M","R","B"],"character_chosen":"DEFECT","items_purchased":["Torii","Ball Lightning","Melter"],"campfire_rested":5,"item_purchase_floors":[20,20,20],"current_hp_per_floor":[75,75,75,75,61,61,39,39,39,39,21,43,35,18,40,13,75,61,54,54,33,11,33,33,33,33,55,55,55,55,26,48,0],"gold":344,"neow_bonus":"THREE_ENEMY_KILL","is_prod":false,"is_daily":false,"chose_seed":false,"campfire_upgraded":1,"win_rate":0.0,"timestamp":1562205106,"path_taken":["M","M","M","?","?","?","E","R","T","?","?","R","M","M","R","BOSS","M","M","$","M","M","R","M","?","T","R","?","?","?","M","R","BOSS"],"build_version":"2019-07-01","purchased_purges":0,"victory":false,"max_hp_per_floor":[75,75,75,75,75,75,75,75,75,75,75,75,75,75,75,75,75,75,75,75,75,75,75,75,75,75,75,75,75,75,75,75,75],"card_choices":[{"not_picked":["Hologram","Streamline"],"picked":"Redo","floor":1},{"not_picked":["Skim","Melter"],"picked":"Double Energy","floor":2},{"not_picked":["Tempest","Coolheaded"],"picked":"Loop","floor":3},{"not_picked":["Stack","Storm"],"picked":"Cold Snap","floor":5},{"not_picked":["Scrape","Cold Snap"],"picked":"Stack","floor":7},{"not_picked":["Sweeping Beam","Ball Lightning"],"picked":"Capacitor+1","floor":11},{"not_picked":["Glacier+1","Sweeping Beam"],"picked":"Fusion+1","floor":13},{"not_picked":["Aggregate+1","All For One"],"picked":"Cold Snap","floor":14},{"not_picked":["Biased Cognition+1","Amplify+1"],"picked":"Electrodynamics+1","floor":16},{"not_picked":["Gash+1","Streamline"],"picked":"Conserve Battery+1","floor":18},{"not_picked":["Hologram+1","Redo+1"],"picked":"Melter+1","floor":19},{"not_picked":["Cold Snap","Conserve Battery+1"],"picked":"Barrage","floor":21},{"not_picked":["Gash","Sweeping Beam"],"picked":"Go for the Eyes","floor":22},{"not_picked":["Electrodynamics+1","Stack+1"],"picked":"Ball Lightning","floor":24},{"not_picked":["Hologram+1","Coolheaded+1"],"picked":"Beam Cell+1","floor":31}],"player_experience":26111,"relics_obtained":[{"floor":7,"key":"Toxic Egg 2"},{"floor":9,"key":"Frozen Egg 2"},{"floor":10,"key":"Bronze Scales"},{"floor":11,"key":"Juzu Bracelet"},{"floor":26,"key":"MawBank"}],"event_choices":[{"damage_healed":0,"gold_gain":0,"player_choice":"Upgraded","damage_taken":0,"max_hp_gain":0,"max_hp_loss":0,"event_name":"Upgrade Shrine","floor":4,"gold_loss":0,"cards_upgraded":["Loop"]},{"damage_healed":0,"gold_gain":0,"player_choice":"Take Wound","damage_taken":0,"relics_obtained":["Golden Idol"],"max_hp_gain":0,"max_hp_loss":0,"event_name":"Golden Idol","floor":6,"gold_loss":0,"cards_obtained":["Injury"]},{"damage_healed":0,"gold_gain":0,"player_choice":"Searched \u00271\u0027 times","damage_taken":0,"max_hp_gain":0,"max_hp_loss":0,"event_name":"Dead Adventurer","floor":11,"gold_loss":0},{"damage_healed":0,"gold_gain":100,"player_choice":"Pray","damage_taken":0,"max_hp_gain":0,"max_hp_loss":0,"event_name":"Golden Shrine","floor":25,"gold_loss":0},{"damage_healed":0,"gold_gain":0,"player_choice":"Opened","damage_taken":0,"relics_obtained":["Bag of Marbles"],"max_hp_gain":0,"max_hp_loss":0,"event_name":"The Mausoleum","floor":28,"gold_loss":0},{"damage_healed":0,"gold_gain":0,"cards_transformed":["Injury","Defend_B"],"player_choice":"Became Test Subject","damage_taken":0,"max_hp_gain":0,"max_hp_loss":0,"event_name":"Drug Dealer","floor":29,"gold_loss":0,"cards_obtained":["Clumsy","Double Energy"]},{"damage_healed":0,"gold_gain":0,"player_choice":"Ignored","damage_taken":0,"max_hp_gain":0,"max_hp_loss":0,"event_name":"Ghosts","floor":30,"gold_loss":0}],"is_beta":false,"boss_relics":[{"not_picked":["Philosopher\u0027s Stone","Ectoplasm"],"picked":"Fusion Hammer"}],"items_purged_floors":[],"is_endless":false,"potions_floor_spawned":[2,7,13,14,16,19,24],"killed_by":"Collector","ascension_level":0}