{"gold_per_floor":[117,117,42,59,18,79,79,92,92,92,155,80,80,98,98,199,199,213,223,138,213,227,227,227,247,298,298,308,308,321,340,340,439,439,452,36,51,67,67,95,95,112,138,154,169,169,169,180,180,180],"floor_reached":50,"playtime":3640,"items_purged":["Strike_G","Strike_G"],"score":500,"play_id":"d4c74071-5bed-4dd9-96d4-32c53c439eb5","local_time":"20190704171713","is_ascension_mode":true,"campfire_choices":[{"data":"Accuracy","floor":7,"key":"SMITH"},{"data":"Cloak And Dagger","floor":10,"key":"SMITH"},{"floor":13,"key":"REST"},{"floor":15,"key":"REST"},{"floor":23,"key":"REST"},{"data":"Cloak And Dagger","floor":24,"key":"SMITH"},{"data":"Noxious Fumes","floor":27,"key":"SMITH"},{"data":"Adrenaline","floor":29,"key":"SMITH"},{"floor":32,"key":"REST"},{"floor":41,"key":"REST"},{"floor":46,"key":"REST"},{"data":"Cloak And Dagger","floor":49,"key":"SMITH"}],"neow_cost":"NONE","seed_source_timestamp":604708331636600,"circlet_count":0,"master_deck":["Strike_G","Defend_G","Defend_G","Defend_G","Defend_G","Defend_G","Survivor","Neutralize","Blade Dance","Noxious Fumes+1","Cloak And Dagger+1","Escape Plan","Accuracy+1","Backflip","Footwork+1","Cloak And Dagger+1","Adrenaline+1","Infinite Blades+1","Outmaneuver","Outmaneuver+1","Cloak And Dagger+1","Well Laid Plans+1","Footwork+1","Infinite Blades+1","Prepared","Madness","Madness","Storm of Steel","Deflect+1","Noxious Fumes+1"],"relics":["Ring of the Serpent","Pear","Tiny Chest","Frozen Egg 2","WingedGreaves","Empty Cage","Blood Vial","Lantern","Mummified Hand","Thread and Needle"],"potions_floor_usage":[50,50],"damage_taken":[{"damage":0,"enemies":"2 Louse","floor":1,"turns":2},{"damage":0,"enemies":"Small Slimes","floor":4,"turns":4},{"damage":44,"enemies":"Lagavulin","floor":6,"turns":13},{"damage":3,"enemies":"Jaw Worm","floor":8,"turns":4},{"damage":27,"enemies":"Gremlin Nob","floor":11,"turns":4},{"damage":10,"enemies":"Exordium Thugs","floor":14,"turns":5},{"damage":23,"enemies":"The Guardian","floor":16,"turns":13},{"damage":13,"enemies":"2 Thieves","floor":18,"turns":5},{"damage":0,"enemies":"3 Byrds","floor":19,"turns":6},{"damage":46,"enemies":"Cultist and Chosen","floor":22,"turns":9},{"damage":5,"enemies":"Snake Plant","floor":25,"turns":6},{"damage":3,"enemies":"Shelled Parasite and Fungi","floor":28,"turns":5},{"damage":4,"enemies":"Sentry and Sphere","floor":30,"turns":7},{"damage":14,"enemies":"Snake Plant","floor":31,"turns":5},{"damage":45,"enemies":"Collector","floor":33,"turns":13},{"damage":0,"enemies":"3 Darklings","floor":35,"turns":6},{"damage":2,"enemies":"Orb Walker","floor":37,"turns":3},{"damage":15,"enemies":"4 Shapes","floor":38,"turns":5},{"damage":40,"enemies":"Reptomancer","floor":40,"turns":7},{"damage":13,"enemies":"Jaw Worm Horde","floor":42,"turns":5},{"damage":21,"enemies":"Transient","floor":44,"turns":5},{"damage":8,"enemies":"4 Shapes","floor":45,"turns":6},{"damage":9,"enemies":"3 Darklings","floor":48,"turns":7},{"damage":71,"enemies":"Time Eater","floor":50,"turns":9}],"seed_played":"1873290806777983395","potions_obtained":[{"floor":8,"key":"Ancient Potion"},{"floor":11,"key":"GhostInAJar"},{"floor":16,"key":"Explosive Potion"}],"is_trial":false,"path_per_floor":["M","?","$","M","$","E","R","M","T","R","?","$","R","M","R","B",null,"M","M","?","?","M","R","R","M","T","R","M","R","M","M","R","B",null,"M","$","M","M","?","E","R","M","T","M","M","R","?","M","R","B"],"character_chosen":"THE_SILENT","items_purchased":["Noxious Fumes","Escape Plan","Infinite Blades+1","Mummified Hand"],"campfire_rested":6,"item_purchase_floors":[3,5,36,36],"current_hp_per_floor":[77,75,75,75,75,31,31,28,28,28,1,1,27,17,43,20,87,74,74,74,66,22,48,48,45,45,45,44,44,42,30,56,13,87,87,87,85,72,61,23,49,38,38,19,13,39,76,67,67,0],"gold":180,"neow_bonus":"TEN_PERCENT_HP_BONUS","is_prod":false,"is_daily":false,"chose_seed":false,"campfire_upgraded":6,"win_rate":0,"timestamp":1562242633,"path_taken":["M","?","$","M","$","E","R","M","T","R","?","?","R","?","R","BOSS","M","M","?","?","M","R","R","M","T","R","M","R","M","M","R","BOSS","M","$","?","M","?","E","R","M","T","M","M","R","?","?","R","BOSS"],"build_version":"2019-07-01","purchased_purges":2,"victory":false,"max_hp_per_floor":[77,87,87,87,87,87,87,87,87,87,87,87,87,87,87,87,87,87,87,87,87,87,87,87,87,87,87,87,87,87,87,87,87,87,87,87,87,87,87,87,87,87,87,87,87,87,76,76,76,76],"card_choices":[{"not_picked":["Dagger Spray","Choke"],"picked":"Blade Dance","floor":1},{"not_picked":["Calculated Gamble","Endless Agony"],"picked":"Cloak And Dagger","floor":4},{"not_picked":["Bane","Quick Slash"],"picked":"Accuracy","floor":6},{"not_picked":["Well Laid Plans","Quick Slash"],"picked":"Backflip","floor":8},{"not_picked":["Flying Knee","Backstab"],"picked":"Footwork+1","floor":11},{"not_picked":["Envenom+1","Slice"],"picked":"Cloak And Dagger","floor":14},{"not_picked":["Bullet Time","Unload"],"picked":"Adrenaline","floor":16},{"not_picked":["Flying Knee","Dagger Spray","Acrobatics"],"picked":"SKIP","floor":18},{"not_picked":["Acrobatics","Bane"],"picked":"Infinite Blades+1","floor":19},{"not_picked":["Sucker Punch+1","Prepared"],"picked":"Outmaneuver","floor":22},{"not_picked":["Eviscerate","Flechettes","Underhanded Strike+1"],"picked":"SKIP","floor":25},{"not_picked":["Endless Agony","Dodge and Roll+1"],"picked":"Outmaneuver+1","floor":28},{"not_picked":["Sucker Punch","Deadly Poison"],"picked":"Cloak And Dagger","floor":30},{"not_picked":["Poisoned Stab","Underhanded Strike"],"picked":"Well Laid Plans+1","floor":31},{"not_picked":["PiercingWail+1","Eviscerate"],"picked":"Footwork+1","floor":35},{"not_picked":["Quick Slash+1","Crippling Poison+1"],"picked":"Prepared","floor":37},{"not_picked":["Flying Knee","Dodge and Roll+1","Dagger Throw"],"picked":"SKIP","floor":38},{"not_picked":["Well Laid Plans+1","Prepared+1"],"picked":"Storm of Steel","floor":40},{"not_picked":["PiercingWail+1","Skewer","Bane+1"],"picked":"SKIP","floor":42},{"not_picked":["Quick Slash","Outmaneuver+1"],"picked":"Deflect+1","floor":44},{"not_picked":["Reflex+1","Terror+1","Glass Knife"],"picked":"SKIP","floor":45},{"not_picked":["Deadly Poison+1","Outmaneuver+1"],"picked":"Noxious Fumes+1","floor":48}],"player_experience":83597,"relics_obtained":[{"floor":6,"key":"Tiny Chest"},{"floor":9,"key":"Frozen Egg 2"},{"floor":11,"key":"WingedGreaves"},{"floor":26,"key":"Lantern"},{"floor":40,"key":"Thread and Needle"}],"event_choices":[{"damage_healed":0,"gold_gain":0,"player_choice":"Success","damage_taken":12,"relics_obtained":["Pear"],"max_hp_gain":0,"max_hp_loss":0,"event_name":"Scrap Ooze","floor":2,"gold_loss":0},{"damage_healed":0,"gold_gain":30,"player_choice":"Searched \u00272\u0027 times","damage_taken":0,"max_hp_gain":0,"max_hp_loss":0,"event_name":"Dead Adventurer","floor":11,"gold_loss":0},{"damage_healed":0,"gold_gain":0,"player_choice":"Obtained Relic","damage_taken":0,"relics_obtained":["Blood Vial"],"max_hp_gain":0,"max_hp_loss":0,"event_name":"Addict","floor":20,"gold_loss":85},{"damage_healed":0,"gold_gain":75,"player_choice":"Touch","damage_taken":8,"max_hp_gain":0,"max_hp_loss":0,"event_name":"FaceTrader","floor":21,"gold_loss":0},{"damage_healed":0,"gold_gain":0,"player_choice":"Embrace Madness","damage_taken":11,"max_hp_gain":0,"max_hp_loss":0,"event_name":"Winding Halls","floor":39,"gold_loss":0,"cards_obtained":["Madness","Madness"]},{"damage_healed":76,"gold_gain":0,"player_choice":"Heal","damage_taken":0,"max_hp_gain":0,"max_hp_loss":11,"event_name":"The Moai Head","floor":47,"gold_loss":0}],"is_beta":false,"boss_relics":[{"not_picked":["Black Star","Ectoplasm"],"picked":"Empty Cage"},{"not_picked":["Calling Bell","Eternal Feather"],"picked":"Ring of the Serpent"}],"items_purged_floors":[12,36],"is_endless":false,"potions_floor_spawned":[8,11,16,19,25,33,37,44,48],"killed_by":"Time Eater","ascension_level":1}