{"gold_per_floor":[113,63,81,81,95,126,126,142,142,142,161,179,354,354,354,459,459,470,496,496],"floor_reached":20,"playtime":2477,"items_purged":[],"score":174,"play_id":"e60fbb5f-5386-45d3-8800-1a8c3ee9d32d","local_time":"20190701225233","is_ascension_mode":false,"campfire_choices":[{"floor":7,"key":"REST"},{"floor":15,"key":"REST"}],"neow_cost":"NONE","seed_source_timestamp":475259319076167,"circlet_count":0,"master_deck":["Strike_G","Strike_G","Strike_G","Strike_G","Strike_G","Defend_G","Defend_G+1","Defend_G","Defend_G+1","Survivor","Neutralize","Poisoned Stab","Underhanded Strike","Backstab","Burst","Noxious Fumes+1","Outmaneuver","Backflip","Deep Breath","Doppelganger","Dagger Throw+1","Caltrops+1"],"relics":["Ring of the Snake","Frozen Egg 2","Gremlin Horn","Ice Cream","Empty Cage","Red Mask"],"potions_floor_usage":[5,6,16],"damage_taken":[{"damage":0,"enemies":"2 Louse","floor":1,"turns":4},{"damage":4,"enemies":"Jaw Worm","floor":3,"turns":4},{"damage":5,"enemies":"Small Slimes","floor":5,"turns":3},{"damage":9,"enemies":"Lagavulin","floor":6,"turns":8},{"damage":24,"enemies":"Exordium Thugs","floor":8,"turns":8},{"damage":1,"enemies":"2 Fungi Beasts","floor":11,"turns":3},{"damage":0,"enemies":"Looter","floor":12,"turns":4},{"damage":48,"enemies":"Hexaghost","floor":16,"turns":10},{"damage":35,"enemies":"Chosen","floor":18,"turns":5},{"damage":38,"enemies":"Masked Bandits","floor":19,"turns":7},{"damage":10,"enemies":"Spheric Guardian","floor":20,"turns":3}],"seed_played":"6187255704491035743","potions_obtained":[{"floor":1,"key":"Dexterity Potion"},{"floor":3,"key":"Poison Potion"},{"floor":12,"key":"PowerPotion"},{"floor":19,"key":"GhostInAJar"}],"is_trial":false,"path_per_floor":["M","?","M","?","M","E","R","M","T","T","M","M","?","?","R","B",null,"M","?","M"],"character_chosen":"THE_SILENT","items_purchased":[],"campfire_rested":2,"item_purchase_floors":[],"current_hp_per_floor":[77,77,73,58,53,44,67,43,43,43,42,42,42,42,65,17,77,42,4,0],"gold":496,"neow_bonus":"TEN_PERCENT_HP_BONUS","is_prod":false,"is_daily":false,"chose_seed":false,"campfire_upgraded":0,"win_rate":0.0,"timestamp":1562035953,"path_taken":["M","?","M","?","M","E","R","M","T","?","M","M","?","?","R","BOSS","M","?","M"],"build_version":"2019-07-01","purchased_purges":0,"victory":false,"max_hp_per_floor":[77,77,77,77,77,77,77,77,77,77,77,77,77,77,77,77,77,77,77,77],"card_choices":[{"not_picked":["Calculated Gamble","Deadly Poison"],"picked":"Poisoned Stab","floor":1},{"not_picked":["Blade Dance","Infinite Blades"],"picked":"Underhanded Strike","floor":3},{"not_picked":["Slice","Escape Plan"],"picked":"Backstab","floor":5},{"not_picked":["Dodge and Roll","Terror"],"picked":"Burst","floor":6},{"not_picked":["Acrobatics","Masterful Stab"],"picked":"Noxious Fumes+1","floor":8},{"not_picked":["Calculated Gamble","Underhanded Strike"],"picked":"Outmaneuver","floor":11},{"not_picked":["Sucker Punch","Dagger Throw"],"picked":"Backflip","floor":12},{"not_picked":["Malaise","After Image+1"],"picked":"Doppelganger","floor":16},{"not_picked":["Noxious Fumes+1","Masterful Stab+1"],"picked":"Dagger Throw+1","floor":18},{"not_picked":["Bouncing Flask+1","Blade Dance"],"picked":"Caltrops+1","floor":19}],"player_experience":2411,"relics_obtained":[{"floor":6,"key":"Frozen Egg 2"},{"floor":9,"key":"Gremlin Horn"},{"floor":10,"key":"Ice Cream"},{"floor":19,"key":"Red Mask"}],"event_choices":[{"cards_removed":["Defend_G"],"damage_healed":0,"gold_gain":0,"player_choice":"Card Removal","damage_taken":0,"max_hp_gain":0,"max_hp_loss":0,"event_name":"The Cleric","floor":2,"gold_loss":50},{"damage_healed":0,"gold_gain":0,"player_choice":"Entered Light","damage_taken":15,"max_hp_gain":0,"max_hp_loss":0,"event_name":"Shining Light","floor":4,"gold_loss":0,"cards_upgraded":["Defend_G","Defend_G"]},{"damage_healed":0,"gold_gain":175,"player_choice":"AGREE","damage_taken":0,"max_hp_gain":0,"max_hp_loss":0,"event_name":"Liars Game","floor":13,"gold_loss":0,"cards_obtained":["Doubt"]},{"damage_healed":0,"gold_gain":0,"player_choice":"2 cards matched","damage_taken":0,"max_hp_gain":0,"max_hp_loss":0,"event_name":"Match and Keep!","floor":14,"gold_loss":0,"cards_obtained":["Writhe","Deep Breath"]},{"damage_healed":0,"gold_gain":0,"player_choice":"2 cards matched","damage_taken":0,"max_hp_gain":0,"max_hp_loss":0,"event_name":"Match and Keep!","floor":14,"gold_loss":0,"cards_obtained":["Writhe","Deep Breath"]},{"damage_healed":0,"gold_gain":0,"player_choice":"Fought Bandits","damage_taken":0,"max_hp_gain":0,"max_hp_loss":0,"event_name":"Masked Bandits","floor":19,"gold_loss":0}],"is_beta":false,"boss_relics":[{"not_picked":["Sozu","Runic Pyramid"],"picked":"Empty Cage"}],"items_purged_floors":[],"is_endless":false,"potions_floor_spawned":[1,3,12,19],"killed_by":"Spheric Guardian","ascension_level":0}