{"gold_per_floor":[213,225,187,187,202,202,215,225,278,292,311,9,9,184,184,280,280,295,295,42,42,62,62,0,0,0,0,32,45,57,67,67,67],"floor_reached":33,"playtime":4468,"items_purged":[],"score":259,"play_id":"72dddcd0-e33d-4333-a98d-0916af54ab9f","local_time":"20190704172516","is_ascension_mode":false,"campfire_choices":[{"data":"Armaments","floor":6,"key":"SMITH"},{"data":"Infernal Blade","floor":13,"key":"SMITH"},{"data":"Pommel Strike","floor":15,"key":"SMITH"},{"floor":23,"key":"REST"},{"data":"Flame Barrier","floor":25,"key":"SMITH"},{"floor":27,"key":"REST"},{"floor":32,"key":"REST"}],"neow_cost":"NONE","seed_source_timestamp":10806599507500,"circlet_count":0,"master_deck":["Strike_R","Strike_R","Strike_R","Strike_R","Strike_R","Defend_R","Defend_R","Defend_R","Defend_R","Bash","Rage","Pommel Strike+1","Seeing Red+1","Armaments+1","Warcry","Infernal Blade+1","Doubt","Bludgeon","Cleave+1","Writhe","Intimidate+1","Flame Barrier+1","Flex","Twin Strike+1","Sword Boomerang+1","Searing Blow+1","Burning Pact+1"],"relics":["Black Blood","Blood Vial","Prayer Wheel","Shuriken","Meat on the Bone","Molten Egg 2","Regal Pillow"],"potions_floor_usage":[16,16,18,28,30,31],"damage_taken":[{"damage":5,"enemies":"2 Louse","floor":1,"turns":3},{"damage":0,"enemies":"Cultist","floor":2,"turns":3},{"damage":3,"enemies":"Small Slimes","floor":5,"turns":5},{"damage":10,"enemies":"Exordium Thugs","floor":7,"turns":7},{"damage":0,"enemies":"3 Louse","floor":8,"turns":5},{"damage":0,"enemies":"Exordium Wildlife","floor":10,"turns":4},{"damage":1,"enemies":"Exordium Thugs","floor":11,"turns":4},{"damage":47,"enemies":"Slime Boss","floor":16,"turns":15},{"damage":62,"enemies":"Spheric Guardian","floor":18,"turns":8},{"damage":19,"enemies":"3 Byrds","floor":22,"turns":7},{"damage":49,"enemies":"Gremlin Leader","floor":28,"turns":5},{"damage":58,"enemies":"Sentry and Sphere","floor":29,"turns":9},{"damage":21,"enemies":"Snake Plant","floor":30,"turns":4},{"damage":12,"enemies":"Centurion and Healer","floor":31,"turns":4},{"damage":84,"enemies":"Champ","floor":33,"turns":16}],"seed_played":"-705500733600926203","potions_obtained":[{"floor":1,"key":"Ancient Potion"},{"floor":2,"key":"Weak Potion"},{"floor":8,"key":"BloodPotion"},{"floor":22,"key":"FearPotion"},{"floor":29,"key":"Fire Potion"},{"floor":30,"key":"SteroidPotion"}],"is_trial":false,"path_per_floor":["M","M","$","?","M","R","M","M","T","M","M","$","R","?","R","B",null,"M","?","$","?","M","R","?","R","T","R","E","M","M","M","R","B"],"character_chosen":"IRONCLAD","items_purchased":["Seeing Red","Prayer Wheel","Shuriken"],"campfire_rested":3,"item_purchase_floors":[3,12,20],"current_hp_per_floor":[80,80,80,80,80,80,76,80,80,80,80,80,80,80,80,39,80,48,33,33,33,38,63,63,63,63,85,58,24,27,39,79,0],"gold":67,"neow_bonus":"HUNDRED_GOLD","is_prod":false,"is_daily":false,"chose_seed":false,"campfire_upgraded":4,"win_rate":0,"timestamp":1562275516,"path_taken":["M","M","$","?","M","R","M","?","T","M","M","$","R","?","R","BOSS","M","?","$","?","?","R","?","R","T","R","E","M","M","M","R","BOSS"],"build_version":"2019-07-01","purchased_purges":0,"victory":false,"max_hp_per_floor":[80,80,80,80,80,80,80,80,80,80,80,80,80,80,80,80,80,80,85,85,85,85,85,85,85,85,85,85,85,85,85,85,85],"card_choices":[{"not_picked":["Power Through","Reckless Charge"],"picked":"Rage","floor":1},{"not_picked":["Intimidate","Headbutt"],"picked":"Pommel Strike","floor":2},{"not_picked":["Ghostly Armor","Thunderclap"],"picked":"Armaments","floor":5},{"not_picked":["Clothesline","Second Wind","Feel No Pain"],"picked":"SKIP","floor":7},{"not_picked":["Armaments","Sever Soul"],"picked":"Warcry","floor":8},{"not_picked":["Reckless Charge","True Grit"],"picked":"Infernal Blade","floor":10},{"not_picked":["Infernal Blade","Intimidate","Warcry"],"picked":"SKIP","floor":11},{"not_picked":["Reaper","Immolate"],"picked":"Bludgeon","floor":16},{"not_picked":["Armaments+1","Perfected Strike"],"picked":"Cleave+1","floor":18},{"not_picked":["Cleave","Thunderclap","Pommel Strike"],"picked":"SKIP","floor":18},{"not_picked":["Headbutt","Rupture+1"],"picked":"Intimidate+1","floor":22},{"not_picked":["Infernal Blade","Blood for Blood"],"picked":"Flame Barrier","floor":22},{"not_picked":["Warcry","Demon Form"],"picked":"Flex","floor":28},{"not_picked":["Warcry+1","Battle Trance"],"picked":"Twin Strike+1","floor":29},{"not_picked":["Second Wind+1","Carnage+1"],"picked":"Sword Boomerang+1","floor":29},{"not_picked":["Sentinel+1","Second Wind+1"],"picked":"Searing Blow+1","floor":30},{"not_picked":["Flex","Clash+1","Armaments"],"picked":"SKIP","floor":30},{"not_picked":["Flex","Ghostly Armor"],"picked":"Burning Pact+1","floor":31},{"not_picked":["Flex","Infernal Blade","Warcry+1"],"picked":"SKIP","floor":31}],"player_experience":301050,"relics_obtained":[{"floor":9,"key":"Blood Vial"},{"floor":26,"key":"Molten Egg 2"},{"floor":28,"key":"Regal Pillow"}],"event_choices":[{"damage_healed":0,"gold_gain":0,"player_choice":"Upgraded","damage_taken":0,"max_hp_gain":0,"max_hp_loss":0,"event_name":"Upgrade Shrine","floor":4,"gold_loss":0,"cards_upgraded":["Seeing Red"]},{"damage_healed":0,"gold_gain":175,"player_choice":"AGREE","damage_taken":0,"max_hp_gain":0,"max_hp_loss":0,"event_name":"Liars Game","floor":14,"gold_loss":0,"cards_obtained":["Doubt"]},{"damage_healed":0,"gold_gain":0,"player_choice":"Shed Blood","damage_taken":20,"max_hp_gain":5,"max_hp_loss":0,"event_name":"Forgotten Altar","floor":19,"gold_loss":0},{"damage_healed":0,"gold_gain":0,"player_choice":"Opened","damage_taken":0,"relics_obtained":["Meat on the Bone"],"max_hp_gain":0,"max_hp_loss":0,"event_name":"The Mausoleum","floor":21,"gold_loss":0,"cards_obtained":["Writhe"]},{"damage_healed":0,"gold_gain":0,"player_choice":"Paid Fearfully","damage_taken":0,"max_hp_gain":0,"max_hp_loss":0,"event_name":"Masked Bandits","floor":24,"gold_loss":62}],"is_beta":false,"boss_relics":[{"not_picked":["Astrolabe","Velvet Choker"],"picked":"Black Blood"}],"items_purged_floors":[],"is_endless":false,"potions_floor_spawned":[1,2,8,22,29,30],"killed_by":"Champ","ascension_level":0}