{"gold_per_floor":[17,117,137,151,226,226,239,239,310,339,357,63,1,16,16,115,115,128,128,147,147,166,166,179,189,212,224,235,235,235,9,9,105,105,115,133,150,150,150,150,150,161,237,237,237,237,15,33,33,33],"floor_reached":51,"playtime":6176,"items_purged":["Dropkick","Bash"],"score":726,"play_id":"2680558b-26ee-432d-aecb-68990eee47c3","local_time":"20190702003729","is_ascension_mode":false,"campfire_choices":[{"data":"Juggernaut","floor":6,"key":"SMITH"},{"data":"Metallicize","floor":15,"key":"SMITH"},{"data":"Shrug It Off","floor":23,"key":"SMITH"},{"floor":32,"key":"REST"},{"data":"Defend_R","floor":40,"key":"SMITH"},{"floor":45,"key":"REST"},{"floor":49,"key":"REST"}],"neow_cost":"NO_GOLD","seed_source_timestamp":477823447202437,"circlet_count":0,"master_deck":["Strike_R+1","Defend_R+1","Defend_R","Defend_R","Defend_R","Juggernaut+1","Sword Boomerang+1","Shrug It Off+1","Metallicize+1","Iron Wave","Fire Breathing+1","Feed","Iron Wave","Pommel Strike","Offering+1","Carnage+1","Body Slam+1","Armaments+1","Power Through+1","Armaments+1","Infernal Blade+1","Sword Boomerang+1","Rage+1","Discovery+1","Shrug It Off+1","Armaments+1","Offering+1","Thunderclap","Armaments+1","Disarm+1","Finesse+1","Shrug It Off+1","Madness+1","Madness+1","Dramatic Entrance","Fire Breathing+1","Rupture+1"],"relics":["Burning Blood","Paper Frog","Frozen Egg 2","Bottled Lightning","Toxic Egg 2","Unceasing Top","Astrolabe","Champion Belt","Blood Vial","Question Card","Lizard Tail","Self Forming Clay","Bottled Tornado","Whetstone"],"potions_floor_usage":[11,16,16,33,33,33,37,50],"damage_taken":[{"damage":10,"enemies":"Small Slimes","floor":1,"turns":4},{"damage":0,"enemies":"Cultist","floor":3,"turns":4},{"damage":4,"enemies":"Jaw Worm","floor":4,"turns":4},{"damage":0,"enemies":"2 Fungi Beasts","floor":7,"turns":4},{"damage":39,"enemies":"Gremlin Nob","floor":10,"turns":5},{"damage":0,"enemies":"Red Slaver","floor":11,"turns":4},{"damage":4,"enemies":"3 Louse","floor":14,"turns":3},{"damage":6,"enemies":"Slime Boss","floor":16,"turns":7},{"damage":6,"enemies":"Chosen","floor":18,"turns":3},{"damage":24,"enemies":"2 Thieves","floor":20,"turns":4},{"damage":12,"enemies":"Shelled Parasite and Fungi","floor":22,"turns":6},{"damage":21,"enemies":"Cultist and Chosen","floor":24,"turns":5},{"damage":19,"enemies":"Sentry and Sphere","floor":25,"turns":5},{"damage":30,"enemies":"Snake Plant","floor":27,"turns":6},{"damage":19,"enemies":"Snecko","floor":28,"turns":6},{"damage":55,"enemies":"Champ","floor":33,"turns":12},{"damage":21,"enemies":"3 Shapes","floor":35,"turns":3},{"damage":19,"enemies":"Orb Walker","floor":36,"turns":4},{"damage":34,"enemies":"Spire Growth","floor":37,"turns":4},{"damage":29,"enemies":"3 Darklings","floor":42,"turns":11},{"damage":68,"enemies":"Maw","floor":48,"turns":12},{"damage":79,"enemies":"Awakened One","floor":50,"turns":12}],"seed_played":"7278587401533824599","potions_obtained":[{"floor":4,"key":"Ancient Potion"},{"floor":11,"key":"Energy Potion"},{"floor":14,"key":"Poison Potion"},{"floor":16,"key":"Poison Potion"},{"floor":22,"key":"Ancient Potion"},{"floor":25,"key":"Energy Potion"},{"floor":33,"key":"Poison Potion"},{"floor":35,"key":"Poison Potion"},{"floor":36,"key":"Block Potion"},{"floor":42,"key":"SteroidPotion"}],"is_trial":false,"path_per_floor":["M","?","M","M","?","R","M","T","T","E","M","$","?","M","R","B",null,"M","T","M","?","M","R","M","M","T","M","M","T","?","$","R","B",null,"M","M","M","?","?","R","T","M","T","T","R","?","$","M","R","B",null],"character_chosen":"IRONCLAD","items_purchased":["Iron Wave","Toxic Egg 2","Discovery+1","Shrug It Off+1","Armaments+1","Dramatic Entrance","Fire Breathing+1"],"campfire_rested":3,"item_purchase_floors":[12,12,31,31,31,47,47],"current_hp_per_floor":[76,76,80,80,69,69,75,75,75,42,48,48,48,53,53,53,83,83,83,65,93,91,91,79,66,66,48,37,37,37,37,68,21,104,92,85,59,59,59,59,59,38,38,38,71,57,57,61,94,27],"gold":33,"neow_bonus":"THREE_RARE_CARDS","is_prod":false,"is_daily":false,"chose_seed":false,"campfire_upgraded":4,"win_rate":0.0,"timestamp":1562042249,"path_taken":["M","?","M","?","?","R","M","?","T","E","M","$","?","M","R","BOSS","M","?","M","?","M","R","M","?","T","M","M","?","?","?","R","BOSS","M","M","M","?","?","R","?","M","T","?","R","?","$","M","R","BOSS"],"build_version":"2019-07-01","purchased_purges":2,"victory":true,"max_hp_per_floor":[80,80,80,80,80,80,80,80,80,80,80,80,80,83,83,83,83,83,83,83,93,97,97,100,100,100,104,104,104,104,104,104,104,104,107,111,111,111,111,111,111,111,111,111,111,111,111,111,111,115],"card_choices":[{"not_picked":["Berserk","Dark Embrace"],"picked":"Juggernaut","floor":0},{"not_picked":["Warcry","Clash"],"picked":"Sword Boomerang","floor":1},{"not_picked":["Sword Boomerang","Perfected Strike"],"picked":"Shrug It Off","floor":3},{"not_picked":["Ghostly Armor","Clash"],"picked":"Metallicize","floor":4},{"not_picked":["Pommel Strike","True Grit"],"picked":"Iron Wave","floor":7},{"not_picked":["Second Wind","Power Through"],"picked":"Fire Breathing+1","floor":10},{"not_picked":["Clothesline","Warcry"],"picked":"Feed","floor":11},{"not_picked":["Fire Breathing+1","Whirlwind"],"picked":"Pommel Strike","floor":14},{"not_picked":["Double Tap+1","Feed"],"picked":"Offering+1","floor":16},{"not_picked":["Sword Boomerang","Shrug It Off+1"],"picked":"Armaments+1","floor":18},{"not_picked":["Searing Blow","Cleave"],"picked":"Power Through+1","floor":20},{"not_picked":["Thunderclap","Cleave"],"picked":"Armaments+1","floor":22},{"not_picked":["True Grit+1","Thunderclap+1"],"picked":"Infernal Blade+1","floor":24},{"not_picked":["Shockwave+1","Clash"],"picked":"Sword Boomerang+1","floor":25},{"not_picked":["Whirlwind","Pommel Strike"],"picked":"Dropkick","floor":27},{"not_picked":["Offering+1","Burning Pact+1"],"picked":"Rage+1","floor":28},{"not_picked":["Bludgeon","Brutality+1","Reaper"],"picked":"Offering+1","floor":33},{"not_picked":["Clash+1","Perfected Strike+1","Sword Boomerang"],"picked":"Thunderclap","floor":35},{"not_picked":["Thunderclap+1","Uppercut+1","Flame Barrier+1"],"picked":"Armaments+1","floor":36},{"not_picked":["Clash+1","Armaments+1","Clothesline+1"],"picked":"Disarm+1","floor":37},{"not_picked":["Swift Strike","Secret Weapon+1","Thinking Ahead+1"],"picked":"Finesse+1","floor":39},{"not_picked":["Pommel Strike","Twin Strike+1","Dual Wield+1"],"picked":"Shrug It Off+1","floor":42},{"not_picked":["Dual Wield+1","Clash+1","Sword Boomerang"],"picked":"Rupture+1","floor":48}],"player_experience":4888,"relics_obtained":[{"floor":8,"key":"Paper Frog"},{"floor":9,"key":"Frozen Egg 2"},{"floor":10,"key":"Bottled Lightning"},{"floor":19,"key":"Champion Belt"},{"floor":26,"key":"Blood Vial"},{"floor":29,"key":"Question Card"},{"floor":41,"key":"Self Forming Clay"},{"floor":43,"key":"Bottled Tornado"},{"floor":44,"key":"Whetstone"}],"event_choices":[{"damage_healed":0,"gold_gain":100,"player_choice":"Gold","damage_taken":0,"max_hp_gain":0,"max_hp_loss":0,"event_name":"Wheel of Change","floor":2,"gold_loss":0},{"damage_healed":0,"gold_gain":75,"player_choice":"Gather Gold","damage_taken":11,"max_hp_gain":0,"max_hp_loss":0,"event_name":"World of Goop","floor":5,"gold_loss":0},{"damage_healed":0,"gold_gain":0,"player_choice":"Paid Gold","damage_taken":0,"relics_obtained":["Unceasing Top"],"max_hp_gain":0,"max_hp_loss":0,"event_name":"WeMeetAgain","floor":13,"gold_loss":62},{"cards_removed":["Barricade"],"damage_healed":18,"gold_gain":0,"player_choice":"Offered Rare","damage_taken":0,"max_hp_gain":10,"max_hp_loss":0,"event_name":"Bonfire Elementals","floor":21,"gold_loss":0},{"damage_healed":0,"gold_gain":0,"player_choice":"Ignored","damage_taken":0,"max_hp_gain":0,"max_hp_loss":0,"event_name":"Ghosts","floor":30,"gold_loss":0},{"cards_removed":["Strike_R"],"damage_healed":0,"gold_gain":0,"player_choice":"Removed Attack","damage_taken":0,"max_hp_gain":0,"max_hp_loss":0,"event_name":"Falling","floor":38,"gold_loss":0},{"damage_healed":0,"gold_gain":0,"player_choice":"Memory 1","damage_taken":0,"max_hp_gain":0,"max_hp_loss":0,"event_name":"SensoryStone","floor":39,"gold_loss":0},{"damage_healed":0,"gold_gain":0,"player_choice":"Embrace Madness","damage_taken":14,"max_hp_gain":0,"max_hp_loss":0,"event_name":"Winding Halls","floor":46,"gold_loss":0,"cards_obtained":["Madness","Madness"]}],"is_beta":false,"boss_relics":[{"not_picked":["Orrery","Tiny House"],"picked":"Astrolabe"},{"not_picked":["Runic Cube","Runic Dome"],"picked":"Lizard Tail"}],"items_purged_floors":[31,47],"is_endless":false,"potions_floor_spawned":[4,11,14,16,22,25,27,33,35,36,42],"ascension_level":0}