{"gold_per_floor":[117,130,61,61,79,79,97,118,118,138,138,16,30,44,44,139,139,158,170,170,183,193,193,221,236,236,249,269,269,289,318,318,416,416,433,433,433,451,503,503,514,548,594,8,22,54,54,70,70,70],"floor_reached":51,"playtime":2291,"items_purged":["Strike_B"],"score":725,"play_id":"7ffdfccf-ed02-4880-8357-2af3b3654ec3","local_time":"20190630193955","is_ascension_mode":false,"campfire_choices":[{"data":"Defragment","floor":6,"key":"SMITH"},{"data":"Loop","floor":11,"key":"SMITH"},{"data":"Static Discharge","floor":15,"key":"SMITH"},{"floor":23,"key":"REST"},{"floor":29,"key":"REST"},{"data":"Self Repair","floor":32,"key":"SMITH"},{"data":"Buffer","floor":40,"key":"SMITH"},{"data":"Defragment","floor":47,"key":"SMITH"},{"data":"Defragment","floor":49,"key":"SMITH"}],"neow_cost":"NONE","seed_source_timestamp":269005074861700,"circlet_count":0,"master_deck":["Strike_B","Strike_B","Strike_B","Defend_B","Defend_B","Defend_B","Defend_B","Zap","Ball Lightning","Conserve Battery","Defragment+1","Loop+1","Static Discharge+1","Self Repair+1","Heatsinks","Machine Learning","Go for the Eyes+1","Storm+1","White Noise+1","Auto Shields+1","Buffer+1","Self Repair+1","Capacitor+1","Hello World","Loop","Hello World","Defragment+1","Capacitor","Biased Cognition","Self Repair","Defragment+1","Leap+1"],"relics":["Cracked Core","Anchor","Odd Mushroom","The Courier","Sozu","Gambling Chip","Blood Vial","Toxic Egg 2","Red Mask","Philosopher\u0027s Stone","Happy Flower","Du-Vu Doll","Boot","Dream Catcher"],"potions_floor_usage":[],"damage_taken":[{"damage":0,"enemies":"2 Louse","floor":1,"turns":2},{"damage":0,"enemies":"Jaw Worm","floor":2,"turns":3},{"damage":1,"enemies":"Cultist","floor":5,"turns":3},{"damage":14,"enemies":"Lots of Slimes","floor":7,"turns":4},{"damage":21,"enemies":"The Mushroom Lair","floor":8,"turns":4},{"damage":0,"enemies":"Large Slime","floor":10,"turns":4},{"damage":4,"enemies":"Exordium Wildlife","floor":13,"turns":3},{"damage":7,"enemies":"Blue Slaver","floor":14,"turns":4},{"damage":30,"enemies":"Slime Boss","floor":16,"turns":5},{"damage":7,"enemies":"3 Byrds","floor":18,"turns":3},{"damage":12,"enemies":"Spheric Guardian","floor":19,"turns":4},{"damage":27,"enemies":"Centurion and Healer","floor":21,"turns":4},{"damage":13,"enemies":"Snecko","floor":22,"turns":4},{"damage":24,"enemies":"Book of Stabbing","floor":24,"turns":5},{"damage":11,"enemies":"Cultist and Chosen","floor":25,"turns":4},{"damage":21,"enemies":"Centurion and Healer","floor":27,"turns":6},{"damage":3,"enemies":"Chosen and Byrds","floor":28,"turns":4},{"damage":18,"enemies":"Shelled Parasite and Fungi","floor":30,"turns":4},{"damage":16,"enemies":"Masked Bandits","floor":31,"turns":2},{"damage":24,"enemies":"Automaton","floor":33,"turns":8},{"damage":3,"enemies":"3 Shapes","floor":35,"turns":4},{"damage":23,"enemies":"3 Darklings","floor":38,"turns":5},{"damage":0,"enemies":"Maw","floor":41,"turns":7},{"damage":34,"enemies":"Nemesis","floor":42,"turns":7},{"damage":0,"enemies":"Sphere and 2 Shapes","floor":45,"turns":3},{"damage":10,"enemies":"Giant Head","floor":46,"turns":6},{"damage":8,"enemies":"Writhing Mass","floor":48,"turns":3},{"damage":16,"enemies":"Time Eater","floor":50,"turns":4}],"seed_played":"3082266908335078522","potions_obtained":[{"floor":1,"key":"Dexterity Potion"},{"floor":5,"key":"PowerPotion"},{"floor":7,"key":"LiquidBronze"}],"is_trial":false,"path_per_floor":["M","M","$","?","M","R","M","?","T","M","R","$","M","M","R","B",null,"M","M","T","M","M","R","E","M","T","M","M","R","M","?","R","B",null,"M","?","?","M","T","R","M","E","T","$","M","E","R","M","R","B",null],"character_chosen":"DEFECT","items_purchased":["Defragment","Static Discharge","Self Repair","Hello World","Loop","Hello World","Defragment","Capacitor","Biased Cognition","Self Repair","Defragment"],"campfire_rested":2,"item_purchase_floors":[3,12,12,44,44,44,44,44,44,44,44],"current_hp_per_floor":[75,75,75,80,79,79,65,44,44,44,44,44,47,47,47,24,80,80,75,75,55,42,66,49,47,47,35,41,65,56,42,42,30,80,80,80,76,53,53,53,65,53,53,53,55,74,74,76,76,60],"gold":70,"neow_bonus":"RANDOM_COMMON_RELIC","is_prod":false,"is_daily":false,"chose_seed":false,"campfire_upgraded":7,"win_rate":0.0,"timestamp":1561905595,"path_taken":["M","M","$","?","M","R","M","?","T","M","R","?","M","M","R","BOSS","M","M","?","M","M","R","E","M","T","?","M","R","M","?","R","BOSS","M","?","?","M","?","R","M","E","T","$","M","E","R","M","R","BOSS"],"build_version":"2019-01-23","purchased_purges":1,"victory":true,"max_hp_per_floor":[75,75,75,80,80,80,80,80,80,80,80,80,80,80,80,80,80,80,80,80,80,80,80,80,80,80,80,80,80,80,80,80,80,80,80,80,76,76,76,76,76,76,76,76,76,76,76,76,76,76],"card_choices":[{"not_picked":["Recycle","Streamline"],"picked":"Ball Lightning","floor":1},{"not_picked":["Barrage","Sweeping Beam"],"picked":"Conserve Battery","floor":2},{"not_picked":["Genetic Algorithm","Darkness","Hologram"],"picked":"SKIP","floor":5},{"not_picked":["Rebound","Stack","Ball Lightning"],"picked":"SKIP","floor":7},{"not_picked":["Rebound","Gash"],"picked":"Loop","floor":8},{"not_picked":["Melter","Cold Snap","Force Field"],"picked":"SKIP","floor":10},{"not_picked":["Coolheaded","Ball Lightning","Sweeping Beam"],"picked":"SKIP","floor":13},{"not_picked":["Compile Driver","Biased Cognition"],"picked":"Heatsinks","floor":14},{"not_picked":["Meteor Strike","Core Surge"],"picked":"Machine Learning","floor":16},{"not_picked":["Reinforced Body","Tempest+1","Streamline"],"picked":"SKIP","floor":18},{"not_picked":["Compile Driver","Blizzard","Beam Cell+1"],"picked":"SKIP","floor":19},{"not_picked":["Hologram+1","Barrage+1","Compile Driver"],"picked":"SKIP","floor":21},{"not_picked":["Coolheaded","Hologram"],"picked":"Go for the Eyes+1","floor":22},{"not_picked":["Hologram+1","Rip and Tear","Reprogram+1"],"picked":"SKIP","floor":24},{"not_picked":["Gash","Turbo+1","Skim"],"picked":"SKIP","floor":25},{"not_picked":["Capacitor","Cold Snap"],"picked":"Storm+1","floor":27},{"not_picked":["Coolheaded+1","Go for the Eyes","Undo+1"],"picked":"SKIP","floor":28},{"not_picked":["Blizzard","Turbo+1"],"picked":"White Noise+1","floor":30},{"not_picked":["Streamline+1","Sunder"],"picked":"Auto Shields+1","floor":31},{"not_picked":["Reboot+1","Core Surge"],"picked":"Buffer","floor":33},{"not_picked":["Hello World+1","Darkness+1","Steam+1"],"picked":"SKIP","floor":35},{"not_picked":["Go for the Eyes+1","Steam+1","Hologram+1"],"picked":"SKIP","floor":38},{"not_picked":["Chaos+1","Streamline"],"picked":"Self Repair+1","floor":41},{"not_picked":["Melter+1","Heatsinks+1"],"picked":"Capacitor+1","floor":42},{"not_picked":["Compile Driver","Doom and Gloom+1"],"picked":"Leap+1","floor":45},{"not_picked":["Force Field+1","Rebound","Gash"],"picked":"SKIP","floor":46},{"not_picked":["Turbo+1","Barrage+1","Coolheaded+1"],"picked":"SKIP","floor":48}],"player_experience":73243,"relics_obtained":[{"floor":8,"key":"Odd Mushroom"},{"floor":9,"key":"The Courier"},{"floor":20,"key":"Gambling Chip"},{"floor":24,"key":"Blood Vial"},{"floor":26,"key":"Toxic Egg 2"},{"floor":31,"key":"Red Mask"},{"floor":39,"key":"Happy Flower"},{"floor":42,"key":"Du-Vu Doll"},{"floor":43,"key":"Boot"},{"floor":46,"key":"Dream Catcher"}],"event_choices":[{"damage_healed":0,"gold_gain":0,"player_choice":"Donut","damage_taken":0,"max_hp_gain":5,"max_hp_loss":0,"event_name":"Big Fish","floor":4,"gold_loss":0},{"damage_healed":0,"gold_gain":0,"player_choice":"Fought Mushrooms","damage_taken":0,"max_hp_gain":0,"max_hp_loss":0,"event_name":"Mushrooms","floor":8,"gold_loss":0},{"damage_healed":0,"gold_gain":0,"player_choice":"Fought Bandits","damage_taken":0,"max_hp_gain":0,"max_hp_loss":0,"event_name":"Masked Bandits","floor":31,"gold_loss":0},{"cards_removed":["Dualcast"],"damage_healed":0,"gold_gain":0,"player_choice":"Removed Skill","damage_taken":0,"max_hp_gain":0,"max_hp_loss":0,"event_name":"Falling","floor":36,"gold_loss":0},{"damage_healed":0,"gold_gain":0,"player_choice":"Max HP","damage_taken":0,"max_hp_gain":0,"max_hp_loss":4,"event_name":"Winding Halls","floor":37,"gold_loss":0}],"is_beta":false,"boss_relics":[{"not_picked":["Eternal Feather","Inserter"],"picked":"Sozu"},{"not_picked":["Cursed Key","Calling Bell"],"picked":"Philosopher\u0027s Stone"}],"items_purged_floors":[44],"is_endless":false,"potions_floor_spawned":[1,5,7,10,21,24,25,27,31,38,41,42],"ascension_level":0}