{"gold_per_floor":[110,126,141,61,79,113,139,153,153,153,133,133,149,3,3,99,99,113,125,135,151,76,76,76],"floor_reached":24,"playtime":2609,"items_purged":[],"score":200,"play_id":"9f687988-dc3f-4380-aa5a-189b36b1d29d","local_time":"20190704160005","is_ascension_mode":false,"campfire_choices":[{"data":"Noxious Fumes","floor":12,"key":"SMITH"},{"floor":15,"key":"REST"},{"floor":23,"key":"REST"}],"neow_cost":"NONE","seed_source_timestamp":7554812764500,"circlet_count":0,"master_deck":["Strike_G","Strike_G","Strike_G","Strike_G","Defend_G","Defend_G","Defend_G","Defend_G","Defend_G","Survivor","Neutralize","Quick Slash","Poisoned Stab","Bane","Noxious Fumes+1","Envenom","Caltrops","Prepared","Footwork","Escape Plan","Escape Plan+1","Poisoned Stab"],"relics":["Ring of the Snake","Shuriken","Odd Mushroom","Bronze Scales","Strawberry"],"potions_floor_usage":[2,5,6,6,13,16,16,24],"damage_taken":[{"damage":0,"enemies":"Cultist","floor":1,"turns":5},{"damage":1,"enemies":"Jaw Worm","floor":2,"turns":3},{"damage":2,"enemies":"Small Slimes","floor":3,"turns":4},{"damage":0,"enemies":"Gremlin Gang","floor":5,"turns":5},{"damage":12,"enemies":"3 Sentries","floor":6,"turns":9},{"damage":27,"enemies":"The Mushroom Lair","floor":7,"turns":6},{"damage":5,"enemies":"3 Louse","floor":8,"turns":3},{"damage":19,"enemies":"Exordium Thugs","floor":13,"turns":5},{"damage":11,"enemies":"The Guardian","floor":16,"turns":9},{"damage":8,"enemies":"Chosen","floor":18,"turns":5},{"damage":22,"enemies":"Spheric Guardian","floor":19,"turns":6},{"damage":24,"enemies":"Cultist and Chosen","floor":20,"turns":7},{"damage":17,"enemies":"Centurion and Healer","floor":21,"turns":7},{"damage":40,"enemies":"3 Cultists","floor":24,"turns":4}],"seed_played":"-5564154859710449855","potions_obtained":[{"floor":0,"key":"SteroidPotion"},{"floor":0,"key":"Dexterity Potion"},{"floor":0,"key":"AttackPotion"},{"floor":1,"key":"Dexterity Potion"},{"floor":3,"key":"SpeedPotion"},{"floor":5,"key":"Regen Potion"},{"floor":6,"key":"Strength Potion"},{"floor":8,"key":"SteroidPotion"},{"floor":11,"key":"Regen Potion"},{"floor":18,"key":"LiquidBronze"}],"is_trial":false,"path_per_floor":["M","M","M","$","M","E","?","M","T","$","?","R","M","$","R","B",null,"M","M","M","M","?","R","M"],"character_chosen":"THE_SILENT","items_purchased":["Noxious Fumes","Strawberry"],"campfire_rested":2,"item_purchase_floors":[4,14],"current_hp_per_floor":[70,69,67,67,67,70,43,38,38,38,38,38,33,40,63,52,77,69,47,23,6,6,29,0],"gold":76,"neow_bonus":"THREE_SMALL_POTIONS","is_prod":false,"is_daily":false,"chose_seed":false,"campfire_upgraded":1,"win_rate":0,"timestamp":1562270405,"path_taken":["M","M","M","$","?","E","?","M","T","$","?","R","M","$","R","BOSS","M","?","M","M","?","R","M"],"build_version":"2019-07-01","purchased_purges":0,"victory":false,"max_hp_per_floor":[70,70,70,70,70,70,70,70,70,70,70,70,70,77,77,77,77,77,77,77,77,77,77,77],"card_choices":[{"not_picked":["Heel Hook","Masterful Stab"],"picked":"Quick Slash","floor":1},{"not_picked":["Deflect","Slice"],"picked":"Poisoned Stab","floor":2},{"not_picked":["Backstab","Choke"],"picked":"Bane","floor":3},{"not_picked":["PiercingWail","Concentrate","Dagger Throw"],"picked":"SKIP","floor":5},{"not_picked":["Slice","Deflect"],"picked":"Envenom","floor":6},{"not_picked":["Dagger Spray","Flying Knee"],"picked":"Caltrops","floor":8},{"not_picked":["Skewer","Flying Knee"],"picked":"Prepared","floor":13},{"not_picked":["Noxious Fumes","Leg Sweep"],"picked":"Footwork","floor":18},{"not_picked":["Deadly Poison","Dagger Spray+1"],"picked":"Escape Plan","floor":19},{"not_picked":["Footwork","Leg Sweep+1"],"picked":"Escape Plan+1","floor":20},{"not_picked":["Backstab","Dagger Spray+1"],"picked":"Poisoned Stab","floor":21}],"player_experience":298441,"relics_obtained":[{"floor":6,"key":"Shuriken"},{"floor":7,"key":"Odd Mushroom"},{"floor":9,"key":"Bronze Scales"}],"event_choices":[{"damage_healed":0,"gold_gain":0,"player_choice":"Fought Mushrooms","damage_taken":0,"max_hp_gain":0,"max_hp_loss":0,"event_name":"Mushrooms","floor":7,"gold_loss":0},{"damage_healed":0,"gold_gain":0,"player_choice":"Bought 1 Potion","damage_taken":0,"max_hp_gain":0,"max_hp_loss":0,"event_name":"The Woman in Blue","floor":11,"gold_loss":0},{"cards_removed":["Strike_G"],"damage_healed":0,"gold_gain":0,"player_choice":"Gave Gold","damage_taken":0,"max_hp_gain":0,"max_hp_loss":0,"event_name":"Beggar","floor":22,"gold_loss":75}],"is_beta":false,"boss_relics":[{"not_picked":["Philosopher\u0027s Stone","Ectoplasm","HoveringKite"]}],"items_purged_floors":[],"is_endless":false,"potions_floor_spawned":[1,3,5,6,8,18],"killed_by":"3 Cultists","ascension_level":0}