{"gold_per_floor":[111,122,138,150,225,225,241,259,259,259,84,84],"floor_reached":12,"playtime":572,"items_purged":["Strike_B"],"score":72,"play_id":"754d288b-e519-4735-89bd-9facc491a885","local_time":"20190628182424","is_ascension_mode":false,"campfire_choices":[{"data":"Defragment","floor":6,"key":"SMITH"},{"data":"Echo Form","floor":10,"key":"SMITH"}],"neow_cost":"NONE","seed_source_timestamp":93402560351000,"circlet_count":0,"master_deck":["Strike_B","Strike_B","Strike_B","Defend_B","Defend_B","Defend_B","Defend_B","Zap","Dualcast","Barrage","Redo","Defragment","Defragment+1","Glacier","Echo Form+1","Cold Snap","Fusion"],"relics":["Cracked Core","Letter Opener"],"potions_floor_usage":[],"damage_taken":[{"damage":8,"enemies":"Jaw Worm","floor":1,"turns":3},{"damage":10,"enemies":"Small Slimes","floor":2,"turns":3},{"damage":6,"enemies":"Cultist","floor":3,"turns":3},{"damage":10,"enemies":"Looter","floor":4,"turns":3},{"damage":13,"enemies":"Large Slime","floor":7,"turns":3},{"damage":7,"enemies":"Blue Slaver","floor":8,"turns":4},{"damage":6,"enemies":"Gremlin Nob","floor":12,"turns":5}],"seed_played":"6866086695840799835","potions_obtained":[{"floor":2,"key":"LiquidBronze"},{"floor":4,"key":"PowerPotion"}],"is_trial":false,"path_per_floor":["M","M","M","M","?","R","M","M","T","R","$","E"],"character_chosen":"DEFECT","items_purchased":["Cold Snap","Fusion"],"campfire_rested":0,"item_purchase_floors":[11,11],"current_hp_per_floor":[67,57,51,41,30,30,17,10,10,10,10,4],"gold":84,"neow_bonus":"THREE_CARDS","is_prod":false,"is_daily":false,"chose_seed":false,"campfire_upgraded":2,"win_rate":0.0,"timestamp":1561728264,"path_taken":["M","M","M","M","?","R","M","M","T","R","$","E"],"build_version":"2019-01-23","purchased_purges":1,"victory":false,"max_hp_per_floor":[75,75,75,75,75,75,75,75,75,75,75,75],"card_choices":[{"not_picked":["Sweeping Beam","Leap"],"picked":"Barrage","floor":1},{"not_picked":["Scrape","Sweeping Beam"],"picked":"Redo","floor":2},{"not_picked":["Ball Lightning","Melter"],"picked":"Defragment","floor":3},{"not_picked":["Turbo","Compile Driver"],"picked":"Defragment","floor":4},{"not_picked":["Gash","Conserve Battery"],"picked":"Glacier","floor":7},{"not_picked":["Turbo","Sweeping Beam"],"picked":"Echo Form","floor":8}],"player_experience":33963,"relics_obtained":[{"floor":9,"key":"Letter Opener"}],"event_choices":[{"damage_healed":0,"gold_gain":75,"player_choice":"Gather Gold","damage_taken":11,"max_hp_gain":0,"max_hp_loss":0,"event_name":"World of Goop","floor":5,"gold_loss":0}],"is_beta":false,"boss_relics":[],"items_purged_floors":[11],"is_endless":false,"potions_floor_spawned":[2,4],"killed_by":"Gremlin Nob","ascension_level":0}