{"gold_per_floor":[114,289,303,6,22,52,68,68,68,80,97,97,11,11,11,112,112,130,90,104,19,19,19,30,30,57,57,57],"floor_reached":28,"playtime":2340,"items_purged":[],"score":218,"play_id":"7ebda5cb-31a6-48d5-b4e9-6a21bd35285d","local_time":"20190703162047","is_ascension_mode":false,"campfire_choices":[{"floor":12,"key":"REST"},{"data":"Caltrops","floor":15,"key":"SMITH"},{"data":"Defend_G","floor":23,"key":"SMITH"}],"neow_cost":"NONE","seed_source_timestamp":624691499844393,"circlet_count":0,"master_deck":["Strike_G+1","Strike_G+1","Strike_G","Defend_G+1","Defend_G","Defend_G","Defend_G","Defend_G","Survivor","Neutralize","Caltrops+1","Deadly Poison","Flechettes","Bane+1","Caltrops","Venomology+1","Doubt","Endless Agony","Poisoned Stab","Bouncing Flask","Catalyst","Endless Agony","Bane","Deadly Poison","Caltrops","Parasite","A Thousand Cuts","Slice","Bouncing Flask+1","Eviscerate","Backstab","Slice"],"relics":["Orrery","The Specimen","Torii","Paper Crane","Coffee Dripper","Frozen Egg 2","Bronze Scales"],"potions_floor_usage":[5,6,6,7,10,11,11,11,16,16,16,20,28],"damage_taken":[{"damage":5,"enemies":"Small Slimes","floor":1,"turns":4},{"damage":5,"enemies":"Jaw Worm","floor":3,"turns":5},{"damage":0,"enemies":"2 Louse","floor":5,"turns":2},{"damage":31,"enemies":"Lagavulin","floor":6,"turns":9},{"damage":15,"enemies":"Red Slaver","floor":7,"turns":4},{"damage":0,"enemies":"2 Fungi Beasts","floor":10,"turns":3},{"damage":13,"enemies":"Large Slime","floor":11,"turns":6},{"damage":62,"enemies":"Slime Boss","floor":16,"turns":10},{"damage":14,"enemies":"Shell Parasite","floor":18,"turns":4},{"damage":29,"enemies":"Spheric Guardian","floor":20,"turns":5},{"damage":23,"enemies":"Centurion and Healer","floor":24,"turns":4},{"damage":17,"enemies":"3 Cultists","floor":28,"turns":3}],"seed_played":"7409945023746680375","potions_obtained":[{"floor":1,"key":"SpeedPotion"},{"floor":5,"key":"GhostInAJar"},{"floor":7,"key":"Poison Potion"},{"floor":10,"key":"EssenceOfSteel"},{"floor":11,"key":"Weak Potion"},{"floor":24,"key":"Ancient Potion"}],"is_trial":false,"path_per_floor":["M","?","M","$","M","E","M","?","T","M","M","R","$","?","R","B",null,"M","?","M","?","?","R","M","$","T","?","M"],"character_chosen":"THE_SILENT","items_purchased":["The Specimen","Deadly Poison","Caltrops"],"campfire_rested":1,"item_purchase_floors":[4,13,13],"current_hp_per_floor":[65,65,60,60,60,44,29,15,15,15,16,37,37,54,54,7,70,56,56,36,36,36,36,13,13,13,13,0],"gold":57,"neow_bonus":"BOSS_RELIC","is_prod":false,"is_daily":false,"chose_seed":false,"campfire_upgraded":2,"win_rate":0.0,"timestamp":1562185247,"path_taken":["M","?","M","$","M","E","M","?","T","M","M","R","?","?","R","BOSS","M","?","?","?","?","R","M","$","T","?","M"],"build_version":"2019-07-01","purchased_purges":0,"victory":false,"max_hp_per_floor":[70,70,70,70,70,70,70,70,70,70,70,70,70,70,70,70,70,70,70,70,70,70,70,70,70,70,70,70],"card_choices":[{"not_picked":["Quick Slash","Skewer"],"picked":"Caltrops","floor":0},{"not_picked":["Reflex","Blade Dance"],"picked":"Deadly Poison","floor":0},{"not_picked":["Calculated Gamble","Dodge and Roll"],"picked":"Flechettes","floor":0},{"not_picked":["Dodge and Roll","Dagger Spray"],"picked":"Bane","floor":0},{"not_picked":["Dodge and Roll","Escape Plan"],"picked":"Caltrops","floor":0},{"not_picked":["Sucker Punch","Heel Hook"],"picked":"Venomology","floor":1},{"not_picked":["Finisher","Backflip"],"picked":"Endless Agony","floor":3},{"not_picked":["Underhanded Strike","Calculated Gamble"],"picked":"Poisoned Stab","floor":5},{"not_picked":["Eviscerate","Dagger Throw"],"picked":"Bouncing Flask","floor":6},{"not_picked":["Malaise","Slice"],"picked":"Catalyst","floor":7},{"not_picked":["Flying Knee","Slice"],"picked":"Endless Agony","floor":10},{"not_picked":["Choke","Riddle With Holes"],"picked":"Bane","floor":11},{"not_picked":["Unload","Venomology"],"picked":"A Thousand Cuts","floor":16},{"not_picked":["Blade Dance","Dagger Spray"],"picked":"Slice","floor":18},{"not_picked":["Choke","All Out Attack"],"picked":"Bouncing Flask+1","floor":20},{"not_picked":["Eviscerate","Underhanded Strike"],"picked":"Slice","floor":24}],"player_experience":17622,"relics_obtained":[{"floor":6,"key":"Torii"},{"floor":9,"key":"Paper Crane"},{"floor":26,"key":"Bronze Scales"}],"event_choices":[{"damage_healed":0,"gold_gain":175,"player_choice":"AGREE","damage_taken":0,"max_hp_gain":0,"max_hp_loss":0,"event_name":"Liars Game","floor":2,"gold_loss":0,"cards_obtained":["Doubt"]},{"damage_healed":0,"gold_gain":0,"player_choice":"Entered Light","damage_taken":14,"max_hp_gain":0,"max_hp_loss":0,"event_name":"Shining Light","floor":8,"gold_loss":0,"cards_upgraded":["Strike_G","Strike_G"]},{"damage_healed":17,"gold_gain":0,"player_choice":"Healed and dodged fight","damage_taken":0,"max_hp_gain":0,"max_hp_loss":0,"event_name":"Mushrooms","floor":14,"gold_loss":0,"cards_obtained":["Parasite"]},{"damage_healed":0,"gold_gain":0,"player_choice":"Upgrade","damage_taken":0,"max_hp_gain":0,"max_hp_loss":0,"event_name":"Designer","floor":19,"gold_loss":40,"cards_upgraded":["Bane"]},{"damage_healed":0,"gold_gain":0,"player_choice":"Obtained Relic","damage_taken":0,"relics_obtained":["Frozen Egg 2"],"max_hp_gain":0,"max_hp_loss":0,"event_name":"Addict","floor":21,"gold_loss":85},{"damage_healed":0,"gold_gain":0,"cards_transformed":["Strike_G","Strike_G"],"player_choice":"Became Test Subject","damage_taken":0,"max_hp_gain":0,"max_hp_loss":0,"event_name":"Drug Dealer","floor":22,"gold_loss":0,"cards_obtained":["Eviscerate","Backstab"]},{"damage_healed":0,"gold_gain":0,"player_choice":"Forge","damage_taken":0,"max_hp_gain":0,"max_hp_loss":0,"event_name":"Accursed Blacksmith","floor":27,"gold_loss":0,"cards_upgraded":["Venomology"]}],"is_beta":false,"boss_relics":[{"not_picked":["Runic Pyramid","Sozu"],"picked":"Coffee Dripper"}],"items_purged_floors":[],"is_endless":false,"potions_floor_spawned":[1,5,7,10,11,24],"killed_by":"3 Cultists","ascension_level":0}