{"gold_per_floor":[117,117,131,149,174,193,232,232,232,252,267,287,287,287,287,408,408,428,353,393,418,436,436,77,96,121,52,90,110,110,125,125,253,253,272,336,352,0,25,66,66,399,473,488,64,76,76,76,76,76],"floor_reached":51,"playtime":6149,"items_purged":[],"score":726,"play_id":"c07dd1b0-bc9c-471a-ab02-019a9c353109","local_time":"20190703180413","is_ascension_mode":false,"campfire_choices":[{"data":"Dash","floor":8,"key":"SMITH"},{"data":"Choke","floor":15,"key":"SMITH"},{"floor":23,"key":"REST"},{"floor":32,"key":"REST"},{"data":"Noxious Fumes","floor":41,"key":"SMITH"},{"floor":47,"key":"REST"},{"floor":49,"key":"REST"}],"neow_cost":"NONE","seed_source_timestamp":627061844691923,"circlet_count":0,"master_deck":["Strike_G","Strike_G","Strike_G","Defend_G","Defend_G","Defend_G","Survivor","Neutralize","Underhanded Strike","Injury","Sucker Punch","Choke+1","Dash+1","Sucker Punch","Quick Slash","Underhanded Strike","Terror","Parasite","A Thousand Cuts","Acrobatics","Caltrops+1","Footwork+1","Backflip","Predator","Caltrops","Predator","Dash","Noxious Fumes+1","Finisher","Blur+1","Phantasmal Killer","Finisher+1","Backflip+1","Quick Slash+1","Finisher","Leg Sweep+1","Caltrops+1","Reflex","Choke+1"],"relics":["Snecko Eye","Anchor","Happy Flower","Incense Burner","HoveringKite","Red Mask","Lantern","Potion Belt","Gremlin Horn","Empty Cage","The Specimen","Ice Cream","Kunai","Dodecahedron","Bag of Marbles","Juzu Bracelet"],"potions_floor_usage":[16,16,22,24,28,46,50,50,50,50,50],"damage_taken":[{"damage":4,"enemies":"Cultist","floor":1,"turns":6},{"damage":6,"enemies":"Jaw Worm","floor":3,"turns":3},{"damage":0,"enemies":"2 Louse","floor":4,"turns":2},{"damage":4,"enemies":"Large Slime","floor":6,"turns":6},{"damage":6,"enemies":"Lagavulin","floor":7,"turns":6},{"damage":0,"enemies":"Looter","floor":10,"turns":2},{"damage":7,"enemies":"Exordium Thugs","floor":11,"turns":4},{"damage":0,"enemies":"Red Slaver","floor":12,"turns":2},{"damage":30,"enemies":"Hexaghost","floor":16,"turns":8},{"damage":8,"enemies":"3 Byrds","floor":18,"turns":4},{"damage":34,"enemies":"Masked Bandits","floor":20,"turns":5},{"damage":4,"enemies":"2 Thieves","floor":21,"turns":4},{"damage":15,"enemies":"Snake Plant","floor":22,"turns":4},{"damage":10,"enemies":"Sentry and Sphere","floor":25,"turns":5},{"damage":18,"enemies":"Slavers","floor":28,"turns":5},{"damage":16,"enemies":"Shelled Parasite and Fungi","floor":29,"turns":4},{"damage":0,"enemies":"Snake Plant","floor":31,"turns":2},{"damage":20,"enemies":"Automaton","floor":33,"turns":7},{"damage":0,"enemies":"3 Darklings","floor":35,"turns":5},{"damage":22,"enemies":"2 Orb Walkers","floor":36,"turns":5},{"damage":0,"enemies":"Orb Walker","floor":37,"turns":3},{"damage":0,"enemies":"Sphere and 2 Shapes","floor":39,"turns":4},{"damage":7,"enemies":"Nemesis","floor":40,"turns":7},{"damage":44,"enemies":"4 Shapes","floor":44,"turns":5},{"damage":0,"enemies":"Spire Growth","floor":46,"turns":3},{"damage":51,"enemies":"Donu and Deca","floor":50,"turns":10}],"seed_played":"2170664270541318923","potions_obtained":[{"floor":4,"key":"Explosive Potion"},{"floor":7,"key":"LiquidBronze"},{"floor":12,"key":"Fire Potion"},{"floor":18,"key":"Swift Potion"},{"floor":21,"key":"Fruit Juice"},{"floor":25,"key":"Regen Potion"},{"floor":31,"key":"Swift Potion"},{"floor":33,"key":"Swift Potion"},{"floor":35,"key":"SmokeBomb"},{"floor":37,"key":"SteroidPotion"},{"floor":46,"key":"Block Potion"}],"is_trial":false,"path_per_floor":["M","?","M","M","T","M","E","R","T","M","M","M","?","?","R","B",null,"M","?","?","M","M","R","$","M","T","$","E","M","?","M","R","B",null,"M","?","M","$","M","E","R","?","T","M","$","M","R","?","R","B",null],"character_chosen":"THE_SILENT","items_purchased":["Lantern","Predator","Fruit Juice","Caltrops","Dash","Ice Cream","AttackPotion","Bag of Marbles","Juzu Bracelet","Fire Potion","Reflex"],"campfire_rested":4,"item_purchase_floors":[24,24,24,24,27,38,38,45,45,45,45],"current_hp_per_floor":[66,66,60,60,60,56,50,50,50,50,43,43,48,66,66,36,75,67,67,33,29,19,43,48,38,38,38,34,18,18,18,43,23,85,85,63,63,63,63,56,56,56,56,12,12,12,37,37,62,11],"gold":76,"neow_bonus":"BOSS_RELIC","is_prod":false,"is_daily":false,"chose_seed":false,"campfire_upgraded":3,"win_rate":0.0,"timestamp":1562191453,"path_taken":["M","?","M","M","?","M","E","R","T","M","M","M","?","?","R","BOSS","M","?","?","?","M","R","?","M","T","$","E","M","?","M","R","BOSS","M","?","M","$","M","E","R","?","T","M","$","M","R","?","R","BOSS"],"build_version":"2019-07-01","purchased_purges":0,"victory":true,"max_hp_per_floor":[70,70,70,70,70,70,70,70,70,70,70,70,75,75,75,75,75,75,75,75,75,80,80,85,85,85,85,85,85,85,85,85,85,85,85,85,85,85,85,85,85,85,85,85,85,85,85,85,85,85],"card_choices":[{"not_picked":["Blade Dance","Dagger Throw"],"picked":"Underhanded Strike","floor":1},{"not_picked":["Dagger Spray","Outmaneuver"],"picked":"Sucker Punch","floor":3},{"not_picked":["Underhanded Strike","Die Die Die"],"picked":"Choke","floor":4},{"not_picked":["Bane","Bouncing Flask"],"picked":"Dash","floor":6},{"not_picked":["Heel Hook","PiercingWail"],"picked":"Sucker Punch","floor":7},{"not_picked":["PiercingWail","Distraction"],"picked":"Quick Slash","floor":10},{"not_picked":["PiercingWail","Bane"],"picked":"Underhanded Strike","floor":11},{"not_picked":["Backstab","Deadly Poison"],"picked":"Terror","floor":12},{"not_picked":["Unload","Phantasmal Killer"],"picked":"A Thousand Cuts","floor":16},{"not_picked":["Dagger Throw","Poisoned Stab"],"picked":"Acrobatics","floor":18},{"not_picked":["Leg Sweep","Dagger Spray"],"picked":"Caltrops+1","floor":20},{"not_picked":["PiercingWail","Distraction"],"picked":"Footwork+1","floor":21},{"not_picked":["Endless Agony","Acrobatics+1"],"picked":"Backflip","floor":22},{"not_picked":["Endless Agony","Tactician"],"picked":"Predator","floor":25},{"not_picked":["Underhanded Strike","Dodge and Roll"],"picked":"Noxious Fumes","floor":28},{"not_picked":["Blade Dance+1","Dodge and Roll+1"],"picked":"Finisher","floor":29},{"not_picked":["Poisoned Stab","Reflex+1"],"picked":"Blur+1","floor":31},{"not_picked":["Venomology","Unload"],"picked":"Phantasmal Killer","floor":33},{"not_picked":["Sucker Punch","Heel Hook+1"],"picked":"Finisher+1","floor":35},{"not_picked":["Blade Dance","Dodge and Roll"],"picked":"Backflip+1","floor":36},{"not_picked":["Deadly Poison+1","Well Laid Plans+1"],"picked":"Quick Slash+1","floor":37},{"not_picked":["Doppelganger","All Out Attack+1"],"picked":"Finisher","floor":39},{"not_picked":["Escape Plan","Deflect+1"],"picked":"Leg Sweep+1","floor":40},{"not_picked":["Prepared","Endless Agony+1"],"picked":"Caltrops+1","floor":44},{"not_picked":["Quick Slash+1","PiercingWail+1"],"picked":"Choke+1","floor":46}],"player_experience":19962,"relics_obtained":[{"floor":5,"key":"Anchor"},{"floor":7,"key":"Happy Flower"},{"floor":9,"key":"Incense Burner"},{"floor":20,"key":"Red Mask"},{"floor":26,"key":"Potion Belt"},{"floor":28,"key":"Gremlin Horn"},{"floor":36,"key":"The Specimen"},{"floor":40,"key":"Kunai"},{"floor":43,"key":"Dodecahedron"}],"event_choices":[{"damage_healed":0,"gold_gain":0,"player_choice":"Take Wound","damage_taken":0,"relics_obtained":["Golden Idol"],"max_hp_gain":0,"max_hp_loss":0,"event_name":"Golden Idol","floor":2,"gold_loss":0,"cards_obtained":["Injury"]},{"damage_healed":0,"gold_gain":0,"player_choice":"Donut","damage_taken":0,"max_hp_gain":5,"max_hp_loss":0,"event_name":"Big Fish","floor":13,"gold_loss":0},{"damage_healed":18,"gold_gain":0,"player_choice":"Healed and dodged fight","damage_taken":0,"max_hp_gain":0,"max_hp_loss":0,"event_name":"Mushrooms","floor":14,"gold_loss":0,"cards_obtained":["Parasite"]},{"cards_removed":["Strike_G"],"damage_healed":0,"gold_gain":0,"player_choice":"Gave Gold","damage_taken":0,"max_hp_gain":0,"max_hp_loss":0,"event_name":"Beggar","floor":19,"gold_loss":75},{"damage_healed":0,"gold_gain":0,"player_choice":"Fought Bandits","damage_taken":0,"max_hp_gain":0,"max_hp_loss":0,"event_name":"Masked Bandits","floor":20,"gold_loss":0},{"damage_healed":0,"gold_gain":0,"player_choice":"Ignored","damage_taken":0,"max_hp_gain":0,"max_hp_loss":0,"event_name":"Ghosts","floor":30,"gold_loss":0},{"damage_healed":0,"gold_gain":0,"player_choice":"Fight","damage_taken":0,"max_hp_gain":0,"max_hp_loss":0,"event_name":"Mysterious Sphere","floor":36,"gold_loss":0},{"damage_healed":0,"gold_gain":333,"player_choice":"Gave Idol","damage_taken":0,"max_hp_gain":0,"max_hp_loss":0,"event_name":"The Moai Head","floor":42,"relics_lost":["Golden Idol"],"gold_loss":0},{"cards_removed":["Defend_G"],"damage_healed":0,"gold_gain":0,"player_choice":"Removed Skill","damage_taken":0,"max_hp_gain":0,"max_hp_loss":0,"event_name":"Falling","floor":48,"gold_loss":0}],"is_beta":false,"boss_relics":[{"not_picked":["Runic Dome","Tiny House"],"picked":"HoveringKite"},{"not_picked":["Coffee Dripper","Cursed Key"],"picked":"Empty Cage"}],"items_purged_floors":[],"is_endless":false,"potions_floor_spawned":[4,7,12,18,21,25,31,33,35,37,46],"ascension_level":0}