{"gold_per_floor":[109,124,124,124,136,136,150,225,251,266,277,288,302,15,15,118,118,136,146,177,192,192,192,0,0,0,20,37,37,37,49,49,49],"floor_reached":33,"playtime":3954,"items_purged":[],"score":245,"play_id":"0dc08e8c-e193-40eb-9c67-bbcea1717cc6","local_time":"20190627213038","is_ascension_mode":false,"campfire_choices":[{"data":"Poisoned Stab","floor":6,"key":"SMITH"},{"floor":15,"key":"REST"},{"floor":23,"key":"REST"},{"floor":25,"key":"REST"},{"floor":29,"key":"REST"},{"floor":32,"key":"REST"}],"neow_cost":"NONE","seed_source_timestamp":14793162678900,"circlet_count":0,"master_deck":["Defend_G+1","Defend_G+1","Defend_G+1","Defend_G+1","Defend_G+1","Strike_G+1","Strike_G+1","Strike_G+1","Strike_G+1","Survivor","Neutralize","Escape Plan","Terror","Poisoned Stab+1","Flying Knee","Distraction","Flying Knee","Dagger Spray","Backflip","Magnetism","Dodge and Roll","Quick Slash","Adrenaline","Deflect","Predator","Dodge and Roll","Dodge and Roll","Poisoned Stab+1","Dagger Throw+1","Terror"],"relics":["Ring of the Snake","PreservedInsect","Busted Crown","Gremlin Horn"],"potions_floor_usage":[19],"damage_taken":[{"damage":0,"enemies":"2 Louse","floor":1,"turns":3},{"damage":0,"enemies":"Small Slimes","floor":2,"turns":3},{"damage":0,"enemies":"Jaw Worm","floor":5,"turns":6},{"damage":0,"enemies":"3 Louse","floor":7,"turns":4},{"damage":26,"enemies":"Exordium Thugs","floor":10,"turns":7},{"damage":0,"enemies":"2 Fungi Beasts","floor":11,"turns":4},{"damage":0,"enemies":"3 Louse","floor":12,"turns":3},{"damage":0,"enemies":"Large Slime","floor":13,"turns":4},{"damage":30,"enemies":"Slime Boss","floor":16,"turns":11},{"damage":31,"enemies":"3 Byrds","floor":18,"turns":5},{"damage":0,"enemies":"Chosen","floor":19,"turns":4},{"damage":3,"enemies":"Centurion and Healer","floor":20,"turns":7},{"damage":9,"enemies":"Snake Plant","floor":21,"turns":4},{"damage":12,"enemies":"Shelled Parasite and Fungi","floor":27,"turns":6},{"damage":35,"enemies":"Cultist and Chosen","floor":28,"turns":9},{"damage":8,"enemies":"Snecko","floor":31,"turns":5},{"damage":69,"enemies":"Champ","floor":33,"turns":12}],"seed_played":"7404341936438947000","potions_obtained":[{"floor":1,"key":"PowerPotion"},{"floor":5,"key":"Strength Potion"},{"floor":11,"key":"Ancient Potion"},{"floor":20,"key":"PowerPotion"}],"is_trial":false,"path_per_floor":["M","M","?","?","M","R","M","?","T","M","M","M","M","$","R","B",null,"M","M","M","M","?","R","?","R","T","M","M","R","?","M","R","B"],"character_chosen":"THE_SILENT","items_purchased":["Magnetism","Dodge and Roll","Quick Slash"],"campfire_rested":5,"item_purchase_floors":[14,14,14],"current_hp_per_floor":[77,77,77,70,70,70,70,63,63,37,37,37,37,37,60,30,77,46,46,43,34,20,44,44,68,68,56,21,45,45,37,61,0],"gold":49,"neow_bonus":"TEN_PERCENT_HP_BONUS","is_prod":false,"is_daily":false,"chose_seed":false,"campfire_upgraded":1,"win_rate":0.0,"timestamp":1561653038,"path_taken":["M","M","?","?","M","R","?","?","T","M","M","M","M","$","R","BOSS","M","M","M","M","?","R","?","R","T","M","M","R","?","M","R","BOSS"],"build_version":"2019-01-23","purchased_purges":0,"victory":false,"max_hp_per_floor":[77,77,77,77,77,77,77,77,77,77,77,77,77,77,77,77,77,77,77,77,77,82,82,82,82,82,82,82,82,82,82,82,82],"card_choices":[{"not_picked":["Skewer","Acrobatics"],"picked":"Escape Plan","floor":1},{"not_picked":["Distraction","Choke"],"picked":"Terror","floor":2},{"not_picked":["Outmaneuver","PiercingWail"],"picked":"Poisoned Stab","floor":5},{"not_picked":["Deflect","Quick Slash"],"picked":"Flying Knee","floor":7},{"not_picked":["Eviscerate","Outmaneuver"],"picked":"Distraction","floor":10},{"not_picked":["Caltrops","Well Laid Plans"],"picked":"Flying Knee","floor":11},{"not_picked":["Skewer","Acrobatics"],"picked":"Dagger Spray","floor":12},{"not_picked":["Dagger Spray","Tools of the Trade"],"picked":"Backflip","floor":13},{"not_picked":["Malaise","Tools of the Trade"],"picked":"Adrenaline","floor":16},{"not_picked":[],"picked":"Deflect","floor":18},{"not_picked":[],"picked":"Predator","floor":19},{"not_picked":[],"picked":"Dodge and Roll","floor":20},{"not_picked":[],"picked":"Dodge and Roll","floor":21},{"not_picked":[],"picked":"Poisoned Stab+1","floor":27},{"not_picked":[],"picked":"Dagger Throw+1","floor":28},{"not_picked":[],"picked":"Terror","floor":31}],"player_experience":4587,"relics_obtained":[{"floor":9,"key":"PreservedInsect"},{"floor":26,"key":"Gremlin Horn"}],"event_choices":[{"damage_healed":0,"gold_gain":0,"player_choice":"Ignored","damage_taken":0,"max_hp_gain":0,"max_hp_loss":0,"event_name":"Liars Game","floor":3,"gold_loss":0},{"cards_removed":["Strike_G"],"damage_healed":0,"gold_gain":0,"player_choice":"Card Removal","damage_taken":7,"max_hp_gain":0,"max_hp_loss":0,"event_name":"Golden Wing","floor":4,"gold_loss":0},{"damage_healed":0,"gold_gain":75,"player_choice":"Touch","damage_taken":7,"max_hp_gain":0,"max_hp_loss":0,"event_name":"FaceTrader","floor":8,"gold_loss":0},{"damage_healed":0,"gold_gain":0,"player_choice":"Shed Blood","damage_taken":19,"max_hp_gain":5,"max_hp_loss":0,"event_name":"Forgotten Altar","floor":22,"gold_loss":0},{"damage_healed":0,"gold_gain":0,"player_choice":"Paid Fearfully","damage_taken":0,"max_hp_gain":0,"max_hp_loss":0,"event_name":"Masked Bandits","floor":24,"gold_loss":192},{"damage_healed":0,"gold_gain":0,"player_choice":"Simplicity","damage_taken":0,"max_hp_gain":0,"max_hp_loss":0,"event_name":"Back to Basics","floor":30,"gold_loss":0,"cards_upgraded":["Defend_G","Defend_G","Defend_G","Defend_G","Defend_G","Strike_G","Strike_G","Strike_G","Strike_G"]}],"is_beta":false,"boss_relics":[{"not_picked":["Tiny House","Runic Dome"],"picked":"Busted Crown"}],"items_purged_floors":[],"is_endless":false,"potions_floor_spawned":[1,5,11,13,20,27],"killed_by":"Champ","ascension_level":0}