{"gold_per_floor":[213,163,177,99,99,99,130,130,156,179,217,229,269,296,308,320],"floor_reached":16,"playtime":648,"items_purged":[],"score":184,"play_id":"988fbd90-9571-4132-a3ac-4e865c2e96b6","local_time":"20190704194541","is_ascension_mode":true,"campfire_choices":[{"data":"Bouncing Flask","floor":6,"key":"SMITH"},{"data":"Leg Sweep","floor":8,"key":"SMITH"},{"floor":12,"key":"REST"},{"floor":15,"key":"REST"}],"neow_cost":"NONE","seed_source_timestamp":0,"circlet_count":0,"master_deck":["AscendersBane","Strike_G","Strike_G","Strike_G","Strike_G","Defend_G","Defend_G+1","Defend_G","Defend_G","Defend_G+1","Survivor","Neutralize","Noxious Fumes","Leg Sweep+1","Bouncing Flask+1","Heel Hook","Backflip","Backstab"],"special_seed":0,"relics":["Ring of the Snake","War Paint","MawBank","Smiling Mask","Bottled Lightning"],"potions_floor_usage":[13,16,16,16],"damage_taken":[{"damage":4.0,"enemies":"Small Slimes","floor":1.0,"turns":4.0},{"damage":0,"enemies":"Jaw Worm","floor":3,"turns":6},{"damage":23,"enemies":"Lagavulin","floor":7,"turns":7},{"damage":0,"enemies":"2 Louse","floor":10,"turns":2},{"damage":30,"enemies":"Gremlin Nob","floor":13,"turns":5},{"damage":6,"enemies":"Red Slaver","floor":14,"turns":3},{"damage":41,"enemies":"Slime Boss","floor":16,"turns":9}],"seed_played":"3036239573064127080","potions_obtained":[{"floor":1,"key":"Fire Potion"},{"floor":10,"key":"Weak Potion"},{"floor":13,"key":"EntropicBrew"}],"is_trial":false,"path_per_floor":["M","?","M","$","$","R","E","R","T","M","T","R","E","M","R","B"],"character_chosen":"THE_SILENT","items_purchased":["Bouncing Flask"],"campfire_rested":2,"item_purchase_floors":[4],"current_hp_per_floor":[55,55,55,55,55,55,32,32,32,32,32,51,21,15,34,0],"gold":320,"neow_bonus":"HUNDRED_GOLD","is_prod":false,"is_daily":false,"chose_seed":false,"campfire_upgraded":2,"win_rate":0,"timestamp":1562240741,"path_taken":["M","?","M","?","$","R","E","R","T","M","?","R","E","M","R","BOSS"],"build_version":"2019-07-01","purchased_purges":0,"victory":false,"max_hp_per_floor":[66,66,66,66,66,66,66,66,66,66,66,66,66,66,66,66],"card_choices":[{"not_picked":["Well Laid Plans","Dagger Spray"],"picked":"Noxious Fumes","floor":1},{"not_picked":["Finisher","Deflect"],"picked":"Leg Sweep","floor":3},{"not_picked":["Calculated Gamble","Dodge and Roll"],"picked":"Heel Hook","floor":7},{"not_picked":["Acrobatics","Deadly Poison"],"picked":"Backflip","floor":10},{"not_picked":["Bane","Cloak And Dagger"],"picked":"Backstab","floor":13},{"not_picked":["Flying Knee","Riddle With Holes","Deadly Poison"],"picked":"SKIP","floor":14}],"player_experience":824210,"relics_obtained":[{"floor":7,"key":"War Paint"},{"floor":9,"key":"MawBank"},{"floor":11,"key":"Smiling Mask"},{"floor":13,"key":"Bottled Lightning"}],"event_choices":[{"cards_removed":["Strike_G"],"damage_healed":0,"gold_gain":0,"player_choice":"Card Removal","damage_taken":0,"max_hp_gain":0,"max_hp_loss":0,"event_name":"The Cleric","floor":2,"gold_loss":50}],"is_beta":false,"boss_relics":[],"items_purged_floors":[],"is_endless":false,"potions_floor_spawned":[1,10,13],"killed_by":"Slime Boss","ascension_level":14}