{"gold_per_floor":[116,126,142,142,162,193,193,212,212,212],"floor_reached":10,"playtime":628,"items_purged":[],"score":74,"play_id":"9d44b5c6-d39e-4090-936e-75e258c8415d","local_time":"20190710101151","is_ascension_mode":true,"campfire_choices":[{"floor":7,"key":"REST"}],"neow_cost":"NONE","seed_source_timestamp":18841288182882,"circlet_count":0,"master_deck":["Strike_R","Strike_R","Strike_R","Strike_R","Strike_R","Defend_R","Defend_R","Defend_R","Defend_R","Bash","Body Slam","Armaments","Body Slam","Reaper","Rupture"],"relics":["Burning Blood","NeowsBlessing","The Courier"],"potions_floor_usage":[6,10],"damage_taken":[{"damage":0,"enemies":"Jaw Worm","floor":1,"turns":1},{"damage":0,"enemies":"Cultist","floor":2,"turns":1},{"damage":0,"enemies":"Small Slimes","floor":3,"turns":1},{"damage":7,"enemies":"Blue Slaver","floor":5,"turns":5},{"damage":36,"enemies":"Gremlin Nob","floor":6,"turns":5},{"damage":28,"enemies":"Large Slime","floor":8,"turns":10},{"damage":65,"enemies":"3 Sentries","floor":10,"turns":12}],"seed_played":"-474661881670683260","potions_obtained":[{"floor":2,"key":"Fire Potion"},{"floor":8,"key":"EssenceOfSteel"}],"is_trial":false,"path_per_floor":["M","M","M","?","M","E","R","M","T","E"],"character_chosen":"IRONCLAD","items_purchased":[],"campfire_rested":1,"item_purchase_floors":[],"current_hp_per_floor":[80,80,80,80,79,49,73,54,54,0],"gold":212,"neow_bonus":"THREE_ENEMY_KILL","is_prod":false,"is_daily":false,"chose_seed":false,"campfire_upgraded":0,"win_rate":0,"timestamp":1562778711,"path_taken":["M","M","M","?","?","E","R","M","T","E"],"build_version":"2019-07-05","purchased_purges":0,"victory":false,"max_hp_per_floor":[80,80,80,80,80,80,80,80,80,80],"card_choices":[{"not_picked":["True Grit","Clothesline"],"picked":"Body Slam","floor":1},{"not_picked":["Clash","Hemokinesis"],"picked":"Flex","floor":2},{"not_picked":["True Grit","Clothesline","Clash"],"picked":"SKIP","floor":3},{"not_picked":["Clothesline","Disarm"],"picked":"Body Slam","floor":5},{"not_picked":["Second Wind","Wild Strike"],"picked":"Reaper","floor":6},{"not_picked":["Uppercut","Reckless Charge"],"picked":"Rupture","floor":8}],"player_experience":248942,"relics_obtained":[{"floor":6,"key":"The Courier"}],"event_choices":[{"damage_healed":0,"gold_gain":0,"cards_transformed":["Flex"],"player_choice":"Transformed","damage_taken":0,"max_hp_gain":0,"max_hp_loss":0,"event_name":"Transmorgrifier","floor":4,"gold_loss":0,"cards_obtained":["Armaments"]}],"is_beta":false,"boss_relics":[],"items_purged_floors":[],"is_endless":false,"potions_floor_spawned":[2,8],"killed_by":"3 Sentries","ascension_level":1}