{"gold_per_floor":[113,126,142,156,156,190,208,237,263,297,314,333,393,406,406,511,511,523,537,74,74],"floor_reached":21,"playtime":1629,"items_purged":["Brutality"],"score":290,"play_id":"aa443369-7abf-42e6-8a2b-9b2526b9d63d","local_time":"20190515190717","is_ascension_mode":true,"campfire_choices":[{"data":"Armaments","floor":15,"key":"SMITH"}],"neow_cost":"NONE","seed_source_timestamp":537096622881,"circlet_count":0,"master_deck":["Bash","Shrug It Off","Shrug It Off","Iron Wave","Inflame","Ghostly Armor","Uppercut","Cleave","Armaments+1","Shrug It Off","Whirlwind","Reaper","Cleave","Combust","Thunderclap","Brutality","Armaments","Rampage","Body Slam","Entrench+1","Limit Break"],"relics":["Burning Blood","Du-Vu Doll","Strawberry","Lantern","Tiny Chest","Pandora\u0027s Box","Champion Belt"],"potions_floor_usage":[4,6,8,16],"damage_taken":[{"damage":5,"enemies":"2 Louse","floor":1,"turns":4},{"damage":8,"enemies":"Jaw Worm","floor":2,"turns":5},{"damage":0,"enemies":"Small Slimes","floor":3,"turns":5},{"damage":4,"enemies":"3 Louse","floor":4,"turns":7},{"damage":15,"enemies":"Gremlin Nob","floor":6,"turns":5},{"damage":0,"enemies":"Blue Slaver","floor":7,"turns":6},{"damage":20,"enemies":"3 Sentries","floor":8,"turns":9},{"damage":25,"enemies":"Lagavulin","floor":10,"turns":9},{"damage":0,"enemies":"Large Slime","floor":11,"turns":7},{"damage":0,"enemies":"2 Fungi Beasts","floor":12,"turns":4},{"damage":14,"enemies":"3 Sentries","floor":13,"turns":7},{"damage":1,"enemies":"Gremlin Gang","floor":14,"turns":5},{"damage":22,"enemies":"Slime Boss","floor":16,"turns":12},{"damage":39,"enemies":"Spheric Guardian","floor":18,"turns":11},{"damage":21,"enemies":"Chosen","floor":19,"turns":5},{"damage":46,"enemies":"Snake Plant","floor":21,"turns":5}],"seed_played":"-9145796838140646288","potions_obtained":[{"floor":3,"key":"Block Potion"},{"floor":4,"key":"Fruit Juice"},{"floor":6,"key":"Regen Potion"},{"floor":7,"key":"SteroidPotion"},{"floor":12,"key":"Weak Potion"},{"floor":13,"key":"Strength Potion"},{"floor":16,"key":"Ancient Potion"}],"is_trial":false,"path_per_floor":["M","M","M","M","?","E","M","E","T","E","M","M","E","M","R","B",null,"M","M","$","M"],"character_chosen":"IRONCLAD","items_purchased":["Champion Belt","Limit Break"],"campfire_rested":0,"item_purchase_floors":[20,20],"current_hp_per_floor":[73,71,77,84,77,68,74,82,82,63,69,75,67,72,72,56,83,54,45,45,0],"gold":74,"neow_bonus":"REMOVE_CARD","is_prod":false,"is_daily":false,"chose_seed":false,"campfire_upgraded":1,"win_rate":0,"timestamp":1557961637,"path_taken":["M","M","M","M","?","E","M","E","T","E","M","M","E","M","R","BOSS","M","M","$","M"],"build_version":"2019-01-23","purchased_purges":1,"victory":false,"max_hp_per_floor":[80,80,80,85,85,85,85,92,92,92,92,92,92,92,92,92,92,92,92,92,92],"card_choices":[{"not_picked":["Heavy Blade","Combust"],"picked":"Shrug It Off","floor":1},{"not_picked":["Twin Strike","Corruption"],"picked":"Shrug It Off","floor":2},{"not_picked":["Perfected Strike","Evolve"],"picked":"Iron Wave","floor":3},{"not_picked":["Clothesline","Body Slam"],"picked":"Inflame","floor":4},{"not_picked":["Double Tap","Flex"],"picked":"Ghostly Armor","floor":6},{"not_picked":["Iron Wave","Feel No Pain"],"picked":"Uppercut","floor":7},{"not_picked":["Exhume","Feel No Pain"],"picked":"Cleave","floor":8},{"not_picked":["Rupture","Perfected Strike","Combust"],"picked":"SKIP","floor":10},{"not_picked":["Havoc","Headbutt"],"picked":"Armaments","floor":11},{"not_picked":["Seeing Red","Twin Strike","Warcry"],"picked":"SKIP","floor":12},{"not_picked":["Heavy Blade","Headbutt"],"picked":"Shrug It Off","floor":13},{"not_picked":["Flex","Battle Trance"],"picked":"Whirlwind","floor":14},{"not_picked":["Juggernaut","Impervious"],"picked":"Reaper","floor":16},{"not_picked":["Bloodletting","Dropkick"],"picked":"Body Slam","floor":18},{"not_picked":["Thunderclap","Pommel Strike"],"picked":"Entrench+1","floor":19}],"player_experience":322836,"relics_obtained":[{"floor":6,"key":"Du-Vu Doll"},{"floor":8,"key":"Strawberry"},{"floor":10,"key":"Lantern"},{"floor":13,"key":"Tiny Chest"}],"event_choices":[{"cards_removed":["Defend_R"],"damage_healed":0,"gold_gain":0,"player_choice":"Card Removal","damage_taken":7,"max_hp_gain":0,"max_hp_loss":0,"event_name":"Golden Wing","floor":5,"gold_loss":0}],"is_beta":false,"boss_relics":[{"not_picked":["Ectoplasm","Astrolabe"],"picked":"Pandora\u0027s Box"}],"items_purged_floors":[20],"is_endless":false,"potions_floor_spawned":[3,4,6,7,12,13,16,18],"killed_by":"Snake Plant","ascension_level":7}