{"gold_per_floor":[111,111,123,141,141,170,183,183,183,194,212,212,222,235,235,309,309,294,51,68,87,12,12,32,32,79,79,79,104,0,0],"floor_reached":31,"playtime":1923,"items_purged":["Strike_R"],"score":452,"play_id":"e2e207c7-8d91-43cd-956f-c29f1b649ed2","local_time":"20190706145132","is_ascension_mode":true,"campfire_choices":[{"data":"Limit Break","floor":8,"key":"SMITH"},{"data":"Sword Boomerang","floor":12,"key":"SMITH"},{"data":"Shrug It Off","floor":15,"key":"SMITH"},{"floor":23,"key":"REST"}],"neow_cost":"NONE","seed_source_timestamp":2608764544376,"circlet_count":0,"master_deck":["AscendersBane","Defend_R","Defend_R","Defend_R","Defend_R","Bash+1","Twin Strike","Pommel Strike","Ghostly Armor","Sword Boomerang+1","Limit Break+1","Shrug It Off+1","Intimidate","Twin Strike","Barricade","Burning Pact","Feel No Pain","Shrug It Off+1","Feel No Pain+1","Body Slam+1","Armaments","Bite","Bite","Bite","Bite","Bite","Entrench"],"relics":["Burning Blood","Bottled Lightning","Paper Frog","Mark of Pain","DollysMirror","Letter Opener","Omamori","Ornamental Fan"],"potions_floor_usage":[6,16,29],"damage_taken":[{"damage":10,"enemies":"Small Slimes","floor":1,"turns":3},{"damage":0,"enemies":"2 Louse","floor":3,"turns":3},{"damage":1,"enemies":"Cultist","floor":4,"turns":3},{"damage":25,"enemies":"3 Sentries","floor":6,"turns":9},{"damage":4,"enemies":"Red Slaver","floor":7,"turns":3},{"damage":6,"enemies":"Blue Slaver","floor":10,"turns":3},{"damage":10,"enemies":"2 Fungi Beasts","floor":11,"turns":5},{"damage":7,"enemies":"Exordium Wildlife","floor":13,"turns":4},{"damage":4,"enemies":"Looter","floor":14,"turns":3},{"damage":13,"enemies":"Slime Boss","floor":16,"turns":8},{"damage":24,"enemies":"2 Thieves","floor":18,"turns":4},{"damage":31,"enemies":"Chosen","floor":20,"turns":6},{"damage":2,"enemies":"Centurion and Healer","floor":21,"turns":17},{"damage":4,"enemies":"Chosen and Byrds","floor":24,"turns":12},{"damage":64,"enemies":"Gremlin Leader","floor":29,"turns":14},{"damage":15,"enemies":"Snake Plant","floor":31,"turns":3}],"seed_played":"4256579224173130334","potions_obtained":[{"floor":1,"key":"Swift Potion"},{"floor":5,"key":"FearPotion"},{"floor":5,"key":"SteroidPotion"},{"floor":6,"key":"Strength Potion"},{"floor":16,"key":"PowerPotion"},{"floor":24,"key":"SteroidPotion"}],"is_trial":false,"path_per_floor":["M","?","M","M","?","E","M","R","T","M","M","R","M","M","R","B",null,"M","$","M","M","$","R","M","T","T","?","?","E","?","M"],"character_chosen":"IRONCLAD","items_purchased":["Feel No Pain","DollysMirror"],"campfire_rested":1,"item_purchase_floors":[19,19],"current_hp_per_floor":[68,61,67,72,72,53,55,55,55,55,51,51,50,52,52,45,71,53,53,28,32,32,56,58,58,58,56,56,13,13,0],"gold":0,"neow_bonus":"UPGRADE_CARD","is_prod":false,"is_daily":false,"chose_seed":false,"campfire_upgraded":3,"win_rate":0,"timestamp":1562439092,"path_taken":["M","?","M","M","?","E","?","R","T","M","M","R","M","M","R","BOSS","M","$","M","M","$","R","M","?","T","?","?","E","?","?"],"build_version":"2019-07-05","purchased_purges":1,"victory":false,"max_hp_per_floor":[80,80,80,80,80,80,80,80,80,80,80,80,80,80,80,80,80,80,80,80,80,80,80,80,80,80,56,56,56,56,56],"card_choices":[{"not_picked":["Body Slam","Heavy Blade"],"picked":"Twin Strike","floor":1},{"not_picked":["Uppercut","Armaments"],"picked":"Pommel Strike","floor":3},{"not_picked":["Corruption","Armaments"],"picked":"Ghostly Armor","floor":4},{"not_picked":["Combust","True Grit"],"picked":"Sword Boomerang","floor":6},{"not_picked":["Bloodletting","Flex"],"picked":"Limit Break","floor":7},{"not_picked":["Flex","Wild Strike"],"picked":"Shrug It Off","floor":10},{"not_picked":["Rampage","Power Through"],"picked":"Intimidate","floor":11},{"not_picked":["Rage","Heavy Blade","Entrench"],"picked":"SKIP","floor":13},{"not_picked":["Power Through","Anger"],"picked":"Twin Strike","floor":14},{"not_picked":["Exhume","Juggernaut"],"picked":"Barricade","floor":16},{"not_picked":["Armaments","Headbutt"],"picked":"Burning Pact","floor":18},{"not_picked":["Sever Soul","Power Through"],"picked":"Feel No Pain+1","floor":20},{"not_picked":["Uppercut","Searing Blow+1"],"picked":"Body Slam+1","floor":21},{"not_picked":["Cleave+1","Clothesline"],"picked":"Armaments","floor":24},{"not_picked":["Wild Strike","Pommel Strike","Uppercut"],"picked":"SKIP","floor":29}],"player_experience":446153,"relics_obtained":[{"floor":6,"key":"Bottled Lightning"},{"floor":9,"key":"Paper Frog"},{"floor":25,"key":"Letter Opener"},{"floor":26,"key":"Omamori"},{"floor":29,"key":"Ornamental Fan"}],"event_choices":[{"cards_removed":["Strike_R"],"damage_healed":0,"gold_gain":0,"player_choice":"Card Removal","damage_taken":7,"max_hp_gain":0,"max_hp_loss":0,"event_name":"Golden Wing","floor":2,"gold_loss":0},{"damage_healed":0,"gold_gain":0,"player_choice":"Got Potions","damage_taken":0,"max_hp_gain":0,"max_hp_loss":0,"event_name":"Lab","floor":5,"gold_loss":0},{"damage_healed":0,"gold_gain":0,"player_choice":"Became a vampire","damage_taken":0,"max_hp_gain":0,"max_hp_loss":24,"event_name":"Vampires","floor":27,"gold_loss":0,"cards_obtained":["Bite","Bite","Bite","Bite","Bite"]},{"damage_healed":0,"gold_gain":0,"player_choice":"Read","damage_taken":0,"max_hp_gain":0,"max_hp_loss":0,"event_name":"The Library","floor":28,"gold_loss":0,"cards_obtained":["Entrench"]},{"damage_healed":0,"gold_gain":0,"player_choice":"Paid Fearfully","damage_taken":0,"max_hp_gain":0,"max_hp_loss":0,"event_name":"Masked Bandits","floor":30,"gold_loss":104}],"is_beta":false,"boss_relics":[{"not_picked":["Black Star","Coffee Dripper"],"picked":"Mark of Pain"}],"items_purged_floors":[22],"is_endless":false,"potions_floor_spawned":[1,6,7,11,14,16,24],"killed_by":"Snake Plant","ascension_level":13}