{"gold_per_floor":[109,109,184,203,213,213,213,271,271,34,34,52,64,91,91,91],"floor_reached":16,"playtime":617,"items_purged":["Strike_R"],"score":180,"play_id":"5abe3d99-c6d5-450c-b76f-d37a442bc20b","local_time":"20181125195239","is_ascension_mode":true,"campfire_choices":[{"data":"Body Slam","floor":6,"key":"SMITH"},{"data":"Bash","floor":11,"key":"SMITH"},{"floor":15,"key":"REST"}],"neow_cost":"TEN_PERCENT_HP_LOSS","seed_source_timestamp":24640361816075,"circlet_count":0,"master_deck":["AscendersBane","Strike_R","Strike_R","Strike_R","Defend_R","Defend_R","Defend_R","Defend_R","Bash+1","Offering","Warcry","Body Slam+1","Shrug It Off","Shrug It Off","Disarm","Whirlwind","Disarm"],"relics":["Burning Blood","Orichalcum","Juzu Bracelet","Pantograph","Blood Vial","Odd Mushroom"],"potions_floor_usage":[8,16],"damage_taken":[{"damage":6,"enemies":"Jaw Worm","floor":1,"turns":6},{"damage":4,"enemies":"2 Louse","floor":4,"turns":3},{"damage":10,"enemies":"Small Slimes","floor":5,"turns":3},{"damage":28,"enemies":"3 Sentries","floor":8,"turns":13},{"damage":3,"enemies":"Blue Slaver","floor":12,"turns":4},{"damage":0,"enemies":"3 Louse","floor":13,"turns":5},{"damage":23,"enemies":"The Mushroom Lair","floor":14,"turns":4},{"damage":60,"enemies":"Hexaghost","floor":16,"turns":13}],"seed_played":"1989867104199559918","potions_obtained":[{"floor":4,"key":"Dexterity Potion"},{"floor":8,"key":"FearPotion"},{"floor":13,"key":"GamblersBrew"}],"is_trial":false,"path_per_floor":["M","?","?","M","M","R","?","?","T","$","R","M","M","?","R","B"],"character_chosen":"IRONCLAD","items_purchased":["Blood Vial"],"campfire_rested":1,"item_purchase_floors":[10],"current_hp_per_floor":[68,50,39,41,37,37,37,15,15,15,15,20,28,13,33,0],"gold":91,"neow_bonus":"THREE_RARE_CARDS","is_prod":false,"is_daily":false,"chose_seed":false,"campfire_upgraded":2,"win_rate":0,"timestamp":1543193559,"path_taken":["M","?","?","M","M","R","?","?","T","$","R","M","M","?","R","BOSS"],"build_version":"2018-11-15","purchased_purges":1,"victory":false,"max_hp_per_floor":[68,68,68,68,68,68,68,68,68,68,68,68,68,68,68,68],"card_choices":[{"not_picked":["Barricade","Impervious"],"picked":"Offering","floor":0},{"not_picked":["Cleave","Fire Breathing"],"picked":"Warcry","floor":1},{"not_picked":["Hemokinesis","Havoc"],"picked":"Body Slam","floor":4},{"not_picked":["Pommel Strike","Twin Strike"],"picked":"Shrug It Off","floor":5},{"not_picked":["Uppercut","Flex"],"picked":"Shrug It Off","floor":8},{"not_picked":["Inflame","Headbutt"],"picked":"Disarm","floor":12},{"not_picked":["Havoc","Pommel Strike"],"picked":"Whirlwind","floor":13},{"not_picked":["Reaper","Twin Strike"],"picked":"Disarm","floor":14}],"player_experience":1162541,"relics_obtained":[{"floor":8,"key":"Juzu Bracelet"},{"floor":9,"key":"Pantograph"},{"floor":14,"key":"Odd Mushroom"}],"event_choices":[{"damage_healed":0,"gold_gain":0,"player_choice":"Success","damage_taken":18,"relics_obtained":["Orichalcum"],"max_hp_gain":0,"max_hp_loss":0,"event_name":"Scrap Ooze","floor":2,"gold_loss":0},{"damage_healed":0,"gold_gain":75,"player_choice":"Gather Gold","damage_taken":11,"max_hp_gain":0,"max_hp_loss":0,"event_name":"World of Goop","floor":3,"gold_loss":0},{"cards_removed":["Strike_R"],"damage_healed":0,"gold_gain":0,"player_choice":"Forget","damage_taken":0,"max_hp_gain":0,"max_hp_loss":0,"event_name":"Living Wall","floor":7,"gold_loss":0},{"damage_healed":0,"gold_gain":0,"player_choice":"Searched \u00271\u0027 times","damage_taken":0,"max_hp_gain":0,"max_hp_loss":0,"event_name":"Dead Adventurer","floor":8,"gold_loss":0},{"damage_healed":0,"gold_gain":0,"player_choice":"Fought Mushrooms","damage_taken":0,"max_hp_gain":0,"max_hp_loss":0,"event_name":"Mushrooms","floor":14,"gold_loss":0}],"is_beta":false,"boss_relics":[],"items_purged_floors":[10],"is_endless":false,"potions_floor_spawned":[4,8,13],"killed_by":"Hexaghost","ascension_level":20}