{"gold_per_floor":[212,212,226,251,30,30,73,88,88,112,112,11,11,55,55,55],"floor_reached":16,"playtime":475,"items_purged":["Strike_B"],"score":220,"play_id":"78d191e6-7558-4c1f-80d2-3989a0599a21","local_time":"20190119215547","is_ascension_mode":true,"campfire_choices":[{"data":"Zap","floor":6,"key":"SMITH"},{"data":"Recycle","floor":11,"key":"SMITH"},{"data":"Sweeping Beam","floor":13,"key":"SMITH"},{"floor":15,"key":"DIG"}],"neow_cost":"NONE","seed_source_timestamp":36970191707998,"circlet_count":0,"master_deck":["AscendersBane","Strike_B","Strike_B","Strike_B","Defend_B","Defend_B","Defend_B","Defend_B","Zap+1","Dualcast","Sweeping Beam+1","Recycle+1","Core Surge","Recycle+1","Conserve Battery+1","Coolheaded+1"],"relics":["Cracked Core","Golden Idol","Lee\u0027s Waffle","Toxic Egg 2","Turnip","Shovel","Boot"],"potions_floor_usage":[7,10,14,16],"damage_taken":[{"damage":7,"enemies":"Jaw Worm","floor":1,"turns":4},{"damage":3,"enemies":"2 Louse","floor":3,"turns":3},{"damage":1,"enemies":"Cultist","floor":4,"turns":3},{"damage":30,"enemies":"Gremlin Nob","floor":7,"turns":4},{"damage":13,"enemies":"Gremlin Gang","floor":8,"turns":3},{"damage":9,"enemies":"Exordium Thugs","floor":10,"turns":3},{"damage":4,"enemies":"Lagavulin","floor":14,"turns":9},{"damage":34,"enemies":"Slime Boss","floor":16,"turns":5}],"seed_played":"-2603983099450247888","potions_obtained":[{"floor":1,"key":"Ancient Potion"},{"floor":8,"key":"Explosive Potion"},{"floor":10,"key":"EssenceOfSteel"},{"floor":14,"key":"Fire Potion"}],"is_trial":false,"path_per_floor":["M","?","M","M","$","R","E","M","T","M","R","$","R","E","R","B"],"character_chosen":"DEFECT","items_purchased":["Lee\u0027s Waffle","Coolheaded+1"],"campfire_rested":0,"item_purchase_floors":[5,12],"current_hp_per_floor":[57,33,30,29,78,78,48,35,35,26,26,26,26,22,22,0],"gold":55,"neow_bonus":"HUNDRED_GOLD","is_prod":false,"is_daily":false,"chose_seed":false,"campfire_upgraded":3,"win_rate":0,"timestamp":1547952947,"path_taken":["M","?","M","M","$","R","E","M","T","M","R","$","R","E","R","BOSS"],"build_version":"2019-01-17v2","purchased_purges":1,"victory":false,"max_hp_per_floor":[71,71,71,71,78,78,78,78,78,78,78,78,78,78,78,78],"card_choices":[{"not_picked":["Genetic Algorithm","Go for the Eyes"],"picked":"Sweeping Beam","floor":1},{"not_picked":["Rebound","Hello World","Go for the Eyes"],"picked":"SKIP","floor":3},{"not_picked":["Go for the Eyes","Force Field"],"picked":"Recycle","floor":4},{"not_picked":["Rebound","Go for the Eyes"],"picked":"Core Surge","floor":7},{"not_picked":["Go for the Eyes","FTL"],"picked":"Recycle+1","floor":8},{"not_picked":["Blizzard","Streamline"],"picked":"Conserve Battery+1","floor":10},{"not_picked":["Chill+1","Streamline","Sunder"],"picked":"SKIP","floor":14}],"player_experience":1344160,"relics_obtained":[{"floor":7,"key":"Toxic Egg 2"},{"floor":9,"key":"Turnip"},{"floor":14,"key":"Shovel"},{"floor":15,"key":"Boot"}],"event_choices":[{"damage_healed":0,"gold_gain":0,"player_choice":"Take Damage","damage_taken":24,"relics_obtained":["Golden Idol"],"max_hp_gain":0,"max_hp_loss":0,"event_name":"Golden Idol","floor":2,"gold_loss":0}],"is_beta":false,"boss_relics":[],"items_purged_floors":[12],"is_endless":false,"potions_floor_spawned":[1,8,10,14],"killed_by":"Slime Boss","ascension_level":20}