{"gold_per_floor":[117,42,58,8,18,18,36,36,62,62,62,73,91,126,126,229,229,241,141,159,175,97,160,160,160,185,197,225,256,400,20,20,20],"floor_reached":33,"playtime":1325,"items_purged":["Defend_R","Strike_R","Defend_R"],"score":267,"play_id":"92cbc776-fb1c-4ede-a073-b0b7e8375bfa","local_time":"20180803191510","is_ascension_mode":false,"campfire_choices":[{"data":"Bash","floor":6,"key":"SMITH"},{"data":"Shrug It Off","floor":11,"key":"SMITH"},{"data":"Strike_R","floor":15,"key":"SMITH"},{"data":"Thunderclap","floor":24,"key":"SMITH"},{"floor":32,"key":"REST"}],"neow_cost":"NONE","seed_source_timestamp":195383281219814,"circlet_count":0,"master_deck":["Strike_R+1","Defend_R","Bash+1","Shrug It Off+1","Thunderclap+1","Shrug It Off+1"],"relics":["Burning Blood","Bronze Scales","Red Skull","Philosopher\u0027s Stone","Tiny Chest","MawBank","SsserpentHead","Toxic Egg 2","Torii"],"potions_floor_usage":[14,14,18,21,23,23],"damage_taken":[{"damage":3,"enemies":"2 Louse","floor":1,"turns":3},{"damage":1,"enemies":"Jaw Worm","floor":3,"turns":3},{"damage":2,"enemies":"Small Slimes","floor":5,"turns":3},{"damage":28,"enemies":"Gremlin Gang","floor":7,"turns":7},{"damage":3,"enemies":"Exordium Wildlife","floor":12,"turns":3},{"damage":8,"enemies":"Large Slime","floor":13,"turns":6},{"damage":21,"enemies":"Gremlin Nob","floor":14,"turns":4},{"damage":45,"enemies":"The Guardian","floor":16,"turns":13},{"damage":31,"enemies":"3 Byrds","floor":18,"turns":4},{"damage":13,"enemies":"2 Thieves","floor":20,"turns":5},{"damage":15,"enemies":"3 Cultists","floor":21,"turns":7},{"damage":26,"enemies":"Gremlin Leader","floor":23,"turns":6},{"damage":6,"enemies":"Snecko","floor":28,"turns":5},{"damage":13,"enemies":"Centurion and Healer","floor":29,"turns":6},{"damage":59,"enemies":"Champ","floor":33,"turns":23}],"seed_played":"6066165636746112070","potions_obtained":[{"floor":7,"key":"EssenceOfSteel"},{"floor":10,"key":"LiquidBronze"},{"floor":10,"key":"BloodPotion"},{"floor":13,"key":"BloodPotion"},{"floor":20,"key":"SkillPotion"},{"floor":21,"key":"PowerPotion"}],"is_trial":false,"path_per_floor":["M","$","M","?","M","R","M","?","T","?","R","M","M","E","R","B",null,"M","$","M","M","$","E","R","?","T","?","M","M","T","$","R"],"character_chosen":"IRONCLAD","items_purchased":["Regen Potion","Shrug It Off+1","Torii"],"campfire_rested":1,"item_purchase_floors":[22,31,31],"current_hp_per_floor":[80,80,80,80,80,80,58,58,58,58,58,61,59,52,52,13,80,63,63,56,47,47,42,42,42,42,42,42,35,35,35,59,0],"gold":20,"neow_bonus":"REMOVE_CARD","is_prod":false,"is_daily":false,"chose_seed":false,"campfire_upgraded":4,"win_rate":0,"timestamp":1533338110,"path_taken":["M","$","M","?","M","R","M","?","T","?","R","M","M","E","R","BOSS","M","$","M","M","$","E","R","?","T","?","M","M","?","?","R","BOSS"],"build_version":"2018-08-02","purchased_purges":3,"victory":false,"max_hp_per_floor":[80,80,80,80,80,80,80,80,80,80,80,80,80,80,80,80,80,80,80,80,80,80,80,80,80,80,80,80,80,80,80,80,80],"card_choices":[{"not_picked":["Flex","Wild Strike","Rupture"],"picked":"SKIP","floor":1},{"not_picked":["Cleave","Searing Blow"],"picked":"Shrug It Off","floor":3},{"not_picked":["Iron Wave","Heavy Blade","Ghostly Armor"],"picked":"SKIP","floor":5},{"not_picked":["Disarm","Flex","Pommel Strike"],"picked":"SKIP","floor":7},{"not_picked":["Twin Strike","Limit Break","Clothesline"],"picked":"SKIP","floor":12},{"not_picked":["Headbutt","Iron Wave","Warcry"],"picked":"SKIP","floor":13},{"not_picked":["Body Slam","Twin Strike","Uppercut"],"picked":"SKIP","floor":14},{"not_picked":["Battle Trance","Carnage+1","Bloodletting"],"picked":"SKIP","floor":18},{"not_picked":["Warcry","Anger","Cleave+1"],"picked":"SKIP","floor":20},{"not_picked":["Feel No Pain+1","Power Through+1","Shockwave"],"picked":"SKIP","floor":21},{"not_picked":["Heavy Blade","Reckless Charge"],"picked":"Thunderclap","floor":23},{"not_picked":["Body Slam","Heavy Blade","Thunderclap+1"],"picked":"SKIP","floor":28},{"not_picked":["Inflame","Blood for Blood","Shrug It Off"],"picked":"SKIP","floor":29}],"player_experience":432978,"relics_obtained":[{"floor":9,"key":"Bronze Scales"},{"floor":14,"key":"Red Skull"},{"floor":23,"key":"Tiny Chest"},{"floor":26,"key":"MawBank"},{"floor":30,"key":"Toxic Egg 2"}],"event_choices":[{"event_name":"The Cleric","player_choice":"Card Removal","floor":4,"damage_taken":0},{"event_name":"Purifier","player_choice":"One Purge","floor":8,"damage_taken":0},{"event_name":"The Lab","player_choice":"Got Potions","floor":10,"damage_taken":0},{"event_name":"Back to Basics","player_choice":"Elegance","floor":25,"damage_taken":0},{"event_name":"FaceTrader","player_choice":"Trade","floor":27,"damage_taken":0}],"is_beta":false,"boss_relics":[{"not_picked":["White Beast Statue","Snecko Eye"],"picked":"Philosopher\u0027s Stone"}],"items_purged_floors":[2,19,31],"is_endless":false,"potions_floor_spawned":[7,12,13,20,21],"killed_by":"Champ","ascension_level":0}