{"gold_per_floor":[110,124,142,159,179,179,15,45,119,119,119,119,147,13,13,90,90,110,35,35,35,36,36,36,71,71,89,104,104,54,85,85,85],"floor_reached":33,"playtime":1207,"items_purged":["Strike_R","Strike_R"],"score":624,"play_id":"b63317cf-a5b7-4fbf-bdaa-f8ece4ab9d17","local_time":"20190707133408","is_ascension_mode":true,"campfire_choices":[{"data":"Shrug It Off","floor":6,"key":"SMITH"},{"data":"Shrug It Off","floor":10,"key":"SMITH"},{"floor":12,"key":"REST"},{"floor":15,"key":"REST"},{"data":"Limit Break","floor":23,"key":"SMITH"},{"floor":32,"key":"REST"}],"neow_cost":"NONE","seed_source_timestamp":3481955373116,"circlet_count":0,"master_deck":["AscendersBane","Strike_R","Defend_R","Defend_R","Defend_R","Defend_R","Bash","Twin Strike","Twin Strike","Pummel","Shrug It Off+1","Shrug It Off+1","Carnage","Inflame","Limit Break+1","Shrug It Off","RitualDagger","Shrug It Off","Sentinel+1","Twin Strike+1"],"relics":["Burning Blood","Omamori","Magic Flower","Red Skull","Smiling Mask","Busted Crown","Molten Egg 2","Blood Vial","Lantern"],"potions_floor_usage":[13,16,22,31,33],"damage_taken":[{"damage":7,"enemies":"Small Slimes","floor":1,"turns":3},{"damage":2,"enemies":"Jaw Worm","floor":2,"turns":3},{"damage":7,"enemies":"2 Louse","floor":3,"turns":3},{"damage":34,"enemies":"Large Slime","floor":4,"turns":7},{"damage":6,"enemies":"Looter","floor":5,"turns":3},{"damage":30,"enemies":"3 Sentries","floor":13,"turns":10},{"damage":0,"enemies":"Slime Boss","floor":16,"turns":6},{"damage":19,"enemies":"Shell Parasite","floor":18,"turns":4},{"damage":18,"enemies":"2 Thieves","floor":22,"turns":4},{"damage":54,"enemies":"Slavers","floor":25,"turns":7},{"damage":1,"enemies":"Shelled Parasite and Fungi","floor":27,"turns":5},{"damage":22,"enemies":"Snake Plant","floor":28,"turns":3},{"damage":32,"enemies":"Gremlin Leader","floor":31,"turns":5},{"damage":51,"enemies":"Automaton","floor":33,"turns":6}],"seed_played":"4459487941777381256","potions_obtained":[{"floor":1,"key":"Swift Potion"},{"floor":5,"key":"SpeedPotion"},{"floor":13,"key":"Strength Potion"},{"floor":16,"key":"BloodPotion"},{"floor":22,"key":"SteroidPotion"},{"floor":29,"key":"Strength Potion"},{"floor":29,"key":"Ancient Potion"},{"floor":31,"key":"Weak Potion"}],"is_trial":false,"path_per_floor":["M","M","M","M","M","R","$","?","T","R","?","R","E","$","R","B",null,"M","?","?","?","M","R","?","E","T","M","M","?","$","E","R","B"],"character_chosen":"IRONCLAD","items_purchased":["Omamori","Inflame"],"campfire_rested":3,"item_purchase_floors":[7,14],"current_hp_per_floor":[67,71,70,42,42,42,42,42,42,42,31,53,32,32,54,63,72,62,62,62,56,74,74,74,29,29,40,30,30,30,10,32,0],"gold":85,"neow_bonus":"TRANSFORM_CARD","is_prod":false,"is_daily":false,"chose_seed":false,"campfire_upgraded":3,"win_rate":0,"timestamp":1562520848,"path_taken":["M","M","M","M","M","R","$","?","T","R","?","R","E","$","R","BOSS","M","?","?","?","M","R","?","E","T","M","?","?","$","E","R","BOSS"],"build_version":"2019-07-05","purchased_purges":2,"victory":false,"max_hp_per_floor":[75,75,75,75,75,75,75,75,75,75,75,75,75,75,75,75,75,75,75,75,75,75,75,75,75,75,75,75,75,75,75,75,75],"card_choices":[{"not_picked":["Power Through","Perfected Strike"],"picked":"Twin Strike","floor":1},{"not_picked":["Body Slam","Warcry"],"picked":"Pummel","floor":2},{"not_picked":["Havoc","Infernal Blade"],"picked":"Shrug It Off","floor":3},{"not_picked":["Hemokinesis","Body Slam"],"picked":"Shrug It Off","floor":4},{"not_picked":["Dual Wield","Warcry","Uppercut"],"picked":"SKIP","floor":5},{"not_picked":["Perfected Strike","Power Through"],"picked":"Carnage","floor":13},{"not_picked":["Fiend Fire","Reaper"],"picked":"Limit Break","floor":16},{"not_picked":[],"picked":"Shrug It Off","floor":18},{"not_picked":["Warcry"],"picked":"SKIP","floor":22},{"not_picked":[],"picked":"Sentinel+1","floor":25},{"not_picked":[],"picked":"Twin Strike+1","floor":27},{"not_picked":["Havoc"],"picked":"SKIP","floor":28},{"not_picked":["Flex"],"picked":"SKIP","floor":31}],"player_experience":466486,"relics_obtained":[{"floor":13,"key":"Smiling Mask"},{"floor":25,"key":"Molten Egg 2"},{"floor":26,"key":"Blood Vial"},{"floor":31,"key":"Lantern"}],"event_choices":[{"damage_healed":0,"gold_gain":30,"player_choice":"Searched \u00272\u0027 times","damage_taken":0,"relics_obtained":["Magic Flower"],"max_hp_gain":0,"max_hp_loss":0,"event_name":"Dead Adventurer","floor":8,"gold_loss":0},{"damage_healed":0,"gold_gain":0,"player_choice":"Success","damage_taken":11,"relics_obtained":["Red Skull"],"max_hp_gain":0,"max_hp_loss":0,"event_name":"Scrap Ooze","floor":11,"gold_loss":0},{"cards_removed":["Strike_R"],"damage_healed":0,"gold_gain":0,"player_choice":"Gave Gold","damage_taken":0,"max_hp_gain":0,"max_hp_loss":0,"event_name":"Beggar","floor":19,"gold_loss":75},{"damage_healed":0,"gold_gain":0,"player_choice":"Ignored","damage_taken":0,"max_hp_gain":0,"max_hp_loss":0,"event_name":"Ghosts","floor":20,"gold_loss":0},{"damage_healed":0,"gold_gain":0,"player_choice":"Joined the Cult","damage_taken":6,"max_hp_gain":0,"max_hp_loss":0,"event_name":"Nest","floor":21,"gold_loss":0,"cards_obtained":["RitualDagger"]},{"damage_healed":0,"gold_gain":0,"player_choice":"Read","damage_taken":0,"max_hp_gain":0,"max_hp_loss":0,"event_name":"The Library","floor":24,"gold_loss":0,"cards_obtained":["Shrug It Off"]},{"damage_healed":0,"gold_gain":0,"player_choice":"Got Potions","damage_taken":0,"max_hp_gain":0,"max_hp_loss":0,"event_name":"Lab","floor":29,"gold_loss":0}],"is_beta":false,"boss_relics":[{"not_picked":["Mark of Pain","Black Star"],"picked":"Busted Crown"}],"items_purged_floors":[14,30],"is_endless":false,"potions_floor_spawned":[1,5,13,16,22,25,31],"killed_by":"Automaton","ascension_level":16}