{"gold_per_floor":[109,120,45,45,60,91,91,91],"floor_reached":8,"playtime":486,"items_purged":[],"score":112,"play_id":"d772f496-d96c-4804-a556-11fae17798d5","local_time":"20181124122552","is_ascension_mode":true,"campfire_choices":[{"data":"Zap","floor":7,"key":"SMITH"}],"neow_cost":"NONE","seed_source_timestamp":307065983103490,"circlet_count":0,"master_deck":["AscendersBane","Strike_B","Strike_B","Strike_B","Defend_B","Defend_B","Defend_B","Defend_B","Zap+1","Dualcast","Sweeping Beam","Coolheaded","Pain","Cold Snap","Fission"],"relics":["Cracked Core","WarpedTongs","Bird Faced Urn"],"potions_floor_usage":[8],"damage_taken":[{"damage":0,"enemies":"Small Slimes","floor":1,"turns":4},{"damage":1,"enemies":"2 Louse","floor":2,"turns":3},{"damage":2,"enemies":"Cultist","floor":5,"turns":4},{"damage":33,"enemies":"3 Sentries","floor":6,"turns":9},{"damage":35,"enemies":"Gremlin Nob","floor":8,"turns":5}],"seed_played":"7601795080000899779","potions_obtained":[{"floor":1,"key":"Ancient Potion"}],"is_trial":false,"path_per_floor":["M","M","?","?","M","E","R","E"],"character_chosen":"DEFECT","items_purchased":[],"campfire_rested":0,"item_purchase_floors":[],"current_hp_per_floor":[71,70,70,70,68,35,35,0],"gold":91,"neow_bonus":"TEN_PERCENT_HP_BONUS","is_prod":false,"is_daily":false,"chose_seed":false,"campfire_upgraded":1,"win_rate":0,"timestamp":1543080352,"path_taken":["M","M","?","?","M","E","R","E"],"build_version":"2018-11-15","purchased_purges":0,"victory":false,"max_hp_per_floor":[78,78,78,78,78,78,78,78],"card_choices":[{"not_picked":["Force Field","Tempest"],"picked":"Sweeping Beam","floor":1},{"not_picked":["Conserve Battery","Capacitor"],"picked":"Coolheaded","floor":2},{"not_picked":["Leap","Auto Shields"],"picked":"Cold Snap","floor":5},{"not_picked":["Scrape","Aggregate"],"picked":"Fission","floor":6}],"player_experience":1152099,"relics_obtained":[{"floor":6,"key":"Bird Faced Urn"}],"event_choices":[{"cards_removed":["Strike_B"],"damage_healed":0,"gold_gain":0,"player_choice":"Card Removal","damage_taken":0,"max_hp_gain":0,"max_hp_loss":0,"event_name":"The Cleric","floor":3,"gold_loss":75},{"damage_healed":0,"gold_gain":0,"player_choice":"Rummage","damage_taken":0,"relics_obtained":["WarpedTongs"],"max_hp_gain":0,"max_hp_loss":0,"event_name":"Accursed Blacksmith","floor":4,"gold_loss":0,"cards_obtained":["Pain"]}],"is_beta":false,"boss_relics":[],"items_purged_floors":[],"is_endless":false,"potions_floor_spawned":[1],"killed_by":"Gremlin Nob","ascension_level":20}