{"gold_per_floor":[145,155,172,186,60,60,60,60,84,103,115,135,135,150,150,250,250,269,280,180,180,190,220,235,253,280,280,280,203,78,88,88,88],"floor_reached":33,"playtime":2516,"items_purged":["Strike_G","Strike_G","Defend_G"],"score":288,"play_id":"4479ffcb-0ba4-4fb1-8145-324b7963634f","local_time":"20180625180141","is_ascension_mode":false,"campfire_choices":[{"data":"Neutralize","floor":6,"key":"SMITH"},{"data":"Prepared","floor":8,"key":"SMITH"},{"data":"Dagger Spray","floor":13,"key":"SMITH"},{"data":"Doppelganger","floor":15,"key":"SMITH"},{"floor":27,"key":"REST"},{"floor":32,"key":"REST"}],"neow_cost":"NONE","seed_source_timestamp":662913504505908,"circlet_count":0,"master_deck":["Defend_G","Defend_G","Defend_G","Defend_G","Survivor","Neutralize+1","Flying Knee+1","Sucker Punch","Prepared+1","Acrobatics","Doppelganger+1","Flying Knee+1","Dagger Spray+1","Backflip","Phantasmal Killer","Backflip","Footwork","Bite","Bite","Bite","Bite","Bite","Cloak And Dagger","J.A.X.","Choke"],"relics":["Tiny House","Lantern","Fusion Hammer","Whetstone","Ancient Tea Set"],"potions_floor_usage":[4,16,18,19,24,33,33],"damage_taken":[{"damage":0,"enemies":"Cultist","floor":1,"turns":3},{"damage":2,"enemies":"2 Louse","floor":2,"turns":2},{"damage":1,"enemies":"Jaw Worm","floor":3,"turns":4},{"damage":7,"enemies":"Gremlin Gang","floor":4,"turns":4},{"damage":3,"enemies":"Exordium Wildlife","floor":10,"turns":4},{"damage":13,"enemies":"Exordium Thugs","floor":11,"turns":6},{"damage":0,"enemies":"Looter","floor":12,"turns":3},{"damage":4,"enemies":"Large Slime","floor":14,"turns":5},{"damage":32,"enemies":"The Guardian","floor":16,"turns":20},{"damage":19,"enemies":"2 Thieves","floor":18,"turns":4},{"damage":13,"enemies":"Chosen","floor":19,"turns":3},{"damage":11,"enemies":"Centurion and Healer","floor":22,"turns":4},{"damage":53,"enemies":"Slavers","floor":23,"turns":7},{"damage":16,"enemies":"Snecko","floor":24,"turns":5},{"damage":14,"enemies":"Snake Plant","floor":25,"turns":5},{"damage":7,"enemies":"Centurion and Healer","floor":31,"turns":6},{"damage":88,"enemies":"Automaton","floor":33,"turns":6}],"seed_played":"-1159703098658335429","potions_obtained":[{"floor":0,"key":"AttackPotion"},{"floor":1,"key":"GamblersBrew"},{"floor":4,"key":"Swift Potion"},{"floor":14,"key":"SpeedPotion"},{"floor":16,"key":"Regen Potion"},{"floor":19,"key":"EssenceOfSteel"},{"floor":22,"key":"Strength Potion"},{"floor":23,"key":"Poison Potion"}],"is_trial":false,"path_per_floor":["M","M","M","M","$","R","$","R","T","M","M","M","R","M","R","B",null,"M","M","$","?","M","E","M","M","T","R","?","?","$","M","R"],"character_chosen":"THE_SILENT","items_purchased":["Dexterity Potion"],"campfire_rested":2,"item_purchase_floors":[5],"current_hp_per_floor":[75,73,72,65,65,65,65,65,65,62,49,49,49,45,45,13,75,62,49,49,49,48,15,11,5,5,20,37,37,37,46,52,0],"gold":88,"neow_bonus":"BOSS_RELIC","is_prod":false,"is_daily":false,"chose_seed":false,"campfire_upgraded":4,"win_rate":0,"timestamp":1529964101,"path_taken":["M","?","M","M","$","R","$","R","T","M","M","M","R","M","R","BOSS","M","M","$","?","?","E","M","M","T","R","?","?","$","M","R","BOSS"],"build_version":"2018-06-21v2","purchased_purges":3,"victory":false,"max_hp_per_floor":[75,75,75,75,75,75,75,75,75,75,75,75,75,75,75,75,75,75,75,75,52,52,52,52,52,52,52,52,52,52,52,52,52],"card_choices":[{"not_picked":["Underhanded Strike","Masterful Stab"],"picked":"Flying Knee","floor":0},{"not_picked":["PiercingWail","Heel Hook"],"picked":"Sucker Punch","floor":1},{"not_picked":["Well Laid Plans","Riddle With Holes"],"picked":"Prepared","floor":2},{"not_picked":["Sucker Punch","Deflect"],"picked":"Acrobatics","floor":3},{"not_picked":["Bane","Deflect","Catalyst"],"picked":"SKIP","floor":4},{"not_picked":["Deflect","Acrobatics"],"picked":"Doppelganger","floor":10},{"not_picked":["Poisoned Stab","All Out Attack"],"picked":"Flying Knee","floor":11},{"not_picked":["Skewer","Slice"],"picked":"Dagger Spray","floor":12},{"not_picked":["Deadly Poison","Outmaneuver"],"picked":"Backflip","floor":14},{"not_picked":["Night Terror","After Image"],"picked":"Phantasmal Killer","floor":16},{"not_picked":["Dodge and Roll+1","Caltrops"],"picked":"Backflip","floor":18},{"not_picked":["Outmaneuver","Skewer"],"picked":"Footwork","floor":19},{"not_picked":["Finisher","Dagger Throw+1","Deadly Poison"],"picked":"SKIP","floor":22},{"not_picked":["Slice","Outmaneuver","Dagger Spray"],"picked":"SKIP","floor":23},{"not_picked":["Poisoned Stab","Accuracy","Slice"],"picked":"SKIP","floor":24},{"not_picked":["All Out Attack","Catalyst"],"picked":"Cloak And Dagger","floor":25},{"not_picked":["Well Laid Plans+1","Poisoned Stab+1"],"picked":"Choke","floor":31}],"player_experience":60496,"relics_obtained":[{"floor":9,"key":"Lantern"},{"floor":23,"key":"Whetstone"},{"floor":26,"key":"Ancient Tea Set"}],"event_choices":[{"event_name":"Vampires","player_choice":"Became a vampire","floor":21,"damage_taken":0},{"event_name":"The Library","player_choice":"Heal","floor":28,"damage_taken":0},{"event_name":"Drug Dealer","player_choice":"Got JAXXED","floor":29,"damage_taken":0}],"boss_relics":[{"not_picked":["Orrery","Astrolabe"],"picked":"Fusion Hammer"}],"items_purged_floors":[5,20,30],"is_endless":false,"potions_floor_spawned":[1,4,14,16,19,22,23],"killed_by":"Automaton","ascension_level":0}