{"gold_per_floor":[109,123,123,134,147,147,50,61,111,144,157,167,167,187,187,286,286,298,89,99,116,16,16,16,16,40,40,40,40,53,64,64,64],"floor_reached":33,"playtime":903,"items_purged":["Strike_R","Strike_R"],"score":301,"play_id":"cda312fd-177c-4580-adde-868f84d66199","local_time":"20180821194158","is_ascension_mode":false,"campfire_choices":[{"data":"Bash","floor":6,"key":"SMITH"},{"data":"Demon Form","floor":13,"key":"SMITH"},{"data":"Limit Break","floor":15,"key":"SMITH"},{"data":"Limit Break","floor":23,"key":"SMITH"},{"data":"Clothesline","floor":27,"key":"SMITH"},{"data":"Warcry","floor":29,"key":"SMITH"},{"data":"Shrug It Off","floor":32,"key":"SMITH"}],"neow_cost":"NONE","seed_source_timestamp":109681610176872,"circlet_count":0,"master_deck":["Strike_R","Strike_R","Strike_R","Defend_R","Defend_R","Defend_R+1","Defend_R","Bash+1","Limit Break+1","Headbutt","Battle Trance+1","Thunderclap","Clash","Warcry+1","Pommel Strike","Shrug It Off","Demon Form+1","Clothesline+1","Limit Break+1","Headbutt+1","Thunderclap","Shrug It Off+1","Shrug It Off"],"relics":["Burning Blood","Anchor","Dodecahedron","Coffee Dripper","Frozen Eye","Enchiridion","Centennial Puzzle"],"potions_floor_usage":[10,16,16,18,30,33,33],"damage_taken":[{"damage":17,"enemies":"Small Slimes","floor":1,"turns":5},{"damage":0,"enemies":"2 Louse","floor":2,"turns":2},{"damage":0,"enemies":"Cultist","floor":4,"turns":3},{"damage":19,"enemies":"Blue Slaver","floor":5,"turns":3},{"damage":5,"enemies":"3 Louse","floor":8,"turns":2},{"damage":14,"enemies":"Gremlin Nob","floor":10,"turns":3},{"damage":0,"enemies":"Large Slime","floor":11,"turns":4},{"damage":4,"enemies":"Exordium Thugs","floor":12,"turns":4},{"damage":4,"enemies":"Blue Slaver","floor":14,"turns":3},{"damage":0,"enemies":"Slime Boss","floor":16,"turns":7},{"damage":12,"enemies":"Spheric Guardian","floor":18,"turns":4},{"damage":11,"enemies":"3 Byrds","floor":20,"turns":4},{"damage":16,"enemies":"Snecko","floor":21,"turns":5},{"damage":15,"enemies":"3 Cultists","floor":30,"turns":5},{"damage":15,"enemies":"Sentry and Sphere","floor":31,"turns":4},{"damage":44,"enemies":"Collector","floor":33,"turns":5}],"seed_played":"8314217473312088286","potions_obtained":[{"floor":4,"key":"Ancient Potion"},{"floor":5,"key":"Poison Potion"},{"floor":8,"key":"SpeedPotion"},{"floor":12,"key":"Energy Potion"},{"floor":16,"key":"Dexterity Potion"},{"floor":18,"key":"Weak Potion"},{"floor":20,"key":"SteroidPotion"}],"is_trial":false,"path_per_floor":["M","M","?","M","M","R","$","M","T","E","M","M","R","M","R","B",null,"M","$","M","M","$","R","?","$","T","R","?","R","M","M","R"],"character_chosen":"IRONCLAD","items_purchased":["Warcry","Frozen Eye"],"campfire_rested":0,"item_purchase_floors":[7,19],"current_hp_per_floor":[69,75,59,65,52,52,52,53,53,45,51,53,53,55,55,61,80,74,74,69,59,59,59,43,43,43,43,43,43,34,25,25,0],"gold":64,"neow_bonus":"ONE_RANDOM_RARE_CARD","is_prod":false,"is_daily":false,"chose_seed":false,"campfire_upgraded":7,"win_rate":0,"timestamp":1534894918,"path_taken":["M","M","?","M","M","R","$","M","T","E","M","M","R","M","R","BOSS","M","$","M","M","$","R","?","?","T","R","?","R","M","M","R","BOSS"],"build_version":"2018-08-16","purchased_purges":2,"victory":false,"max_hp_per_floor":[80,80,80,80,80,80,80,80,80,80,80,80,80,80,80,80,80,80,80,80,80,80,80,80,80,80,80,80,80,80,80,80,80],"card_choices":[{"not_picked":["Pommel Strike","Twin Strike"],"picked":"Headbutt","floor":1},{"not_picked":["Uppercut","Heavy Blade"],"picked":"Battle Trance","floor":2},{"not_picked":["Cleave","Sword Boomerang"],"picked":"Thunderclap","floor":4},{"not_picked":["Anger","Reaper"],"picked":"Clash","floor":5},{"not_picked":["Infernal Blade","Metallicize"],"picked":"Pommel Strike","floor":8},{"not_picked":["Anger","Rampage","Rupture"],"picked":"SKIP","floor":10},{"not_picked":["Anger","Perfected Strike"],"picked":"Shrug It Off","floor":11},{"not_picked":["Warcry","Headbutt"],"picked":"Demon Form","floor":12},{"not_picked":["Sever Soul","Cleave"],"picked":"Clothesline","floor":14},{"not_picked":["Dark Embrace","Fiend Fire"],"picked":"Limit Break","floor":16},{"not_picked":["Corruption+1","Body Slam"],"picked":"Headbutt+1","floor":18},{"not_picked":["Headbutt","Wild Strike+1"],"picked":"Thunderclap","floor":20},{"not_picked":["Wild Strike","Infernal Blade","Twin Strike"],"picked":"SKIP","floor":21},{"not_picked":["Sword Boomerang+1","Heavy Blade"],"picked":"Shrug It Off","floor":30},{"not_picked":["Perfected Strike","Immolate"],"picked":"Shrug It Off","floor":31}],"player_experience":531421,"relics_obtained":[{"floor":9,"key":"Anchor"},{"floor":10,"key":"Dodecahedron"},{"floor":24,"key":"Enchiridion"},{"floor":26,"key":"Centennial Puzzle"}],"event_choices":[{"event_name":"Shining Light","player_choice":"Entered Light","floor":3,"damage_taken":0},{"event_name":"Cursed Tome","player_choice":"Obtained Book","floor":24,"damage_taken":0},{"event_name":"Drug Dealer","player_choice":"Ignored","floor":28,"damage_taken":0}],"is_beta":false,"boss_relics":[{"not_picked":["Philosopher\u0027s Stone","Pandora\u0027s Box"],"picked":"Coffee Dripper"}],"items_purged_floors":[7,22],"is_endless":false,"potions_floor_spawned":[4,5,8,12,16,18,20],"killed_by":"Collector","ascension_level":0}