{"gold_per_floor":[114,130,150,164,89,114,114,114],"floor_reached":8,"playtime":523,"items_purged":[],"score":116,"play_id":"f88d4dca-48e5-4000-a872-2c3e6fcabd8c","local_time":"20190509194645","is_ascension_mode":true,"campfire_choices":[{"data":"Footwork","floor":7,"key":"SMITH"}],"neow_cost":"NONE","seed_source_timestamp":441062996219174,"circlet_count":0,"master_deck":["AscendersBane","Defend_G","Defend_G","Defend_G","Defend_G","Defend_G","Strike_G","Strike_G","Strike_G","Strike_G","Survivor","Neutralize","Dagger Throw","Backstab","Footwork+1","Well Laid Plans"],"relics":["Ring of the Snake","Gremlin Horn"],"potions_floor_usage":[6,6],"damage_taken":[{"damage":1,"enemies":"Jaw Worm","floor":1,"turns":4},{"damage":3,"enemies":"Small Slimes","floor":2,"turns":4},{"damage":3,"enemies":"Cultist","floor":3,"turns":5},{"damage":6,"enemies":"Lots of Slimes","floor":4,"turns":4},{"damage":26,"enemies":"3 Sentries","floor":6,"turns":15},{"damage":38,"enemies":"Lagavulin","floor":8,"turns":11}],"seed_played":"5770521878869921385","potions_obtained":[{"floor":2,"key":"GamblersBrew"},{"floor":4,"key":"EssenceOfSteel"}],"is_trial":false,"path_per_floor":["M","M","M","M","?","E","R","E"],"character_chosen":"THE_SILENT","items_purchased":[],"campfire_rested":0,"item_purchase_floors":[],"current_hp_per_floor":[64,61,58,52,52,26,26,0],"gold":114,"neow_bonus":"TEN_PERCENT_HP_BONUS","is_prod":false,"is_daily":false,"chose_seed":false,"campfire_upgraded":1,"win_rate":0,"timestamp":1557445605,"path_taken":["M","M","M","M","?","E","R","E"],"build_version":"2019-01-23","purchased_purges":0,"victory":false,"max_hp_per_floor":[72,72,72,72,72,72,72,72],"card_choices":[{"not_picked":["Flying Knee","Heel Hook"],"picked":"Dagger Throw","floor":1},{"not_picked":["Dagger Throw","Outmaneuver","Finisher"],"picked":"SKIP","floor":2},{"not_picked":["Cloak And Dagger","Terror"],"picked":"Backstab","floor":3},{"not_picked":["Deadly Poison","Blade Dance"],"picked":"Footwork","floor":4},{"not_picked":["Catalyst","Crippling Poison"],"picked":"Well Laid Plans","floor":6}],"player_experience":1387937,"relics_obtained":[{"floor":6,"key":"Gremlin Horn"}],"event_choices":[{"cards_removed":["Strike_G"],"damage_healed":0,"gold_gain":0,"player_choice":"Card Removal","damage_taken":0,"max_hp_gain":0,"max_hp_loss":0,"event_name":"The Cleric","floor":5,"gold_loss":75}],"is_beta":false,"boss_relics":[],"items_purged_floors":[],"is_endless":false,"potions_floor_spawned":[2,4],"killed_by":"Lagavulin","ascension_level":20}