{"gold_per_floor":[119,44,59,134,22,48,48,79,147,179,179,179,194,209,209,286,286,302,327,344,344,8,8,26,50,105,105,125,25,45,5,5,5],"floor_reached":33,"playtime":1190,"items_purged":["Strike_G","Strike_G"],"score":504,"play_id":"b3995f3c-c63b-4505-93f4-e78537b13b8c","local_time":"20181213124806","is_ascension_mode":true,"campfire_choices":[{"data":"Crippling Poison","floor":7,"key":"SMITH"},{"floor":11,"key":"REST"},{"data":"Catalyst","floor":15,"key":"SMITH"},{"floor":23,"key":"REST"},{"data":"Envenom","floor":27,"key":"SMITH"},{"floor":32,"key":"REST"}],"neow_cost":"NONE","seed_source_timestamp":49535457931807,"circlet_count":0,"master_deck":["AscendersBane","Defend_G","Defend_G","Defend_G","Defend_G","Defend_G","Strike_G","Survivor","Neutralize","Terror","Crippling Poison+1","Well Laid Plans","Dagger Spray","Catalyst+1","Well Laid Plans","Poisoned Stab","Envenom+1","A Thousand Cuts","Calculated Gamble","Escape Plan","Concentrate","Neutralize","Noxious Fumes+1","Caltrops+1","Quick Slash+1","Concentrate","Infinite Blades+1"],"relics":["Ring of the Snake","NeowsBlessing","Blood Vial","Snake Skull","Blue Candle","Regal Pillow","Runic Pyramid","Red Mask","Frozen Egg 2","Tiny Chest"],"potions_floor_usage":[8],"damage_taken":[{"damage":0,"enemies":"2 Louse","floor":1,"turns":1},{"damage":0,"enemies":"Jaw Worm","floor":3,"turns":1},{"damage":0,"enemies":"Lagavulin","floor":6,"turns":1},{"damage":8,"enemies":"3 Sentries","floor":8,"turns":10},{"damage":15,"enemies":"Gremlin Nob","floor":10,"turns":4},{"damage":0,"enemies":"Cultist","floor":13,"turns":3},{"damage":12,"enemies":"Blue Slaver","floor":14,"turns":3},{"damage":14,"enemies":"Hexaghost","floor":16,"turns":8},{"damage":34,"enemies":"2 Thieves","floor":18,"turns":5},{"damage":27,"enemies":"Masked Bandits","floor":19,"turns":3},{"damage":0,"enemies":"3 Byrds","floor":20,"turns":3},{"damage":10,"enemies":"Snake Plant","floor":24,"turns":3},{"damage":21,"enemies":"Centurion and Healer","floor":28,"turns":6},{"damage":7,"enemies":"3 Cultists","floor":30,"turns":4},{"damage":52,"enemies":"Collector","floor":33,"turns":3}],"seed_played":"-4564366977898262295","potions_obtained":[{"floor":1,"key":"Block Potion"},{"floor":10,"key":"Swift Potion"},{"floor":16,"key":"LiquidBronze"},{"floor":18,"key":"LiquidBronze"}],"is_trial":false,"path_per_floor":["M","?","M","?","$","E","R","E","T","E","R","?","M","M","R","B",null,"M","?","M","?","$","R","M","T","T","R","M","$","M","$","R","B"],"character_chosen":"THE_SILENT","items_purchased":["Well Laid Plans","Frozen Egg 2","Noxious Fumes+1","Infinite Blades+1"],"campfire_rested":3,"item_purchase_floors":[5,22,22,31],"current_hp_per_floor":[59,59,59,48,48,48,48,42,42,29,63,63,65,54,54,42,60,28,3,5,5,5,39,31,31,31,31,12,12,7,7,41,0],"gold":5,"neow_bonus":"THREE_ENEMY_KILL","is_prod":false,"is_daily":false,"chose_seed":false,"campfire_upgraded":3,"win_rate":0,"timestamp":1544723286,"path_taken":["M","?","M","?","$","E","R","E","T","E","R","?","M","?","R","BOSS","M","?","M","?","$","R","?","?","T","R","M","$","M","?","R","BOSS"],"build_version":"2018-12-06","purchased_purges":2,"victory":false,"max_hp_per_floor":[66,66,66,66,66,66,66,66,66,66,66,66,66,66,66,66,66,66,66,66,66,66,66,66,66,66,66,66,66,66,66,66,66],"card_choices":[{"not_picked":["Prepared","Underhanded Strike"],"picked":"Terror","floor":1},{"not_picked":["Deflect","Blade Dance"],"picked":"Crippling Poison","floor":3},{"not_picked":["Acrobatics","Riddle With Holes"],"picked":"Dagger Spray","floor":6},{"not_picked":["Masterful Stab","Concentrate"],"picked":"Catalyst","floor":8},{"not_picked":["Underhanded Strike","Dodge and Roll"],"picked":"Well Laid Plans","floor":10},{"not_picked":["Blade Dance","Deflect"],"picked":"Poisoned Stab","floor":13},{"not_picked":["Flying Knee","Infinite Blades"],"picked":"Envenom","floor":14},{"not_picked":["Venomology","Doppelganger"],"picked":"A Thousand Cuts","floor":16},{"not_picked":["Flying Knee","PiercingWail"],"picked":"Calculated Gamble","floor":18},{"not_picked":["Terror","Predator"],"picked":"Escape Plan","floor":19},{"not_picked":["Prepared","Deflect"],"picked":"Concentrate","floor":20},{"not_picked":["Underhanded Strike+1","Prepared"],"picked":"Caltrops+1","floor":24},{"not_picked":["Outmaneuver","Riddle With Holes"],"picked":"Quick Slash+1","floor":28},{"not_picked":["Poisoned Stab","Blade Dance"],"picked":"Concentrate","floor":30}],"player_experience":1275460,"relics_obtained":[{"floor":6,"key":"Blood Vial"},{"floor":8,"key":"Snake Skull"},{"floor":9,"key":"Blue Candle"},{"floor":10,"key":"Regal Pillow"},{"floor":19,"key":"Red Mask"},{"floor":26,"key":"Tiny Chest"}],"event_choices":[{"cards_removed":["Strike_G"],"damage_healed":0,"gold_gain":0,"player_choice":"Card Removal","damage_taken":0,"max_hp_gain":0,"max_hp_loss":0,"event_name":"The Cleric","floor":2,"gold_loss":75},{"damage_healed":0,"gold_gain":75,"player_choice":"Gather Gold","damage_taken":11,"max_hp_gain":0,"max_hp_loss":0,"event_name":"World of Goop","floor":4,"gold_loss":0},{"cards_removed":["Strike_G"],"damage_healed":0,"gold_gain":0,"player_choice":"Purged","damage_taken":0,"max_hp_gain":0,"max_hp_loss":0,"event_name":"Purifier","floor":12,"gold_loss":0},{"damage_healed":0,"gold_gain":0,"player_choice":"Fought Bandits","damage_taken":0,"max_hp_gain":0,"max_hp_loss":0,"event_name":"Masked Bandits","floor":19,"gold_loss":0},{"damage_healed":0,"gold_gain":0,"player_choice":"1 cards matched","damage_taken":0,"max_hp_gain":0,"max_hp_loss":0,"event_name":"Match and Keep!","floor":21,"gold_loss":0,"cards_obtained":["Neutralize"]}],"is_beta":false,"boss_relics":[{"not_picked":["Pandora\u0027s Box","Fusion Hammer"],"picked":"Runic Pyramid"}],"items_purged_floors":[5,29],"is_endless":false,"potions_floor_spawned":[1,10,16,18,20,28],"killed_by":"Collector","ascension_level":15}