{"gold_per_floor":[110,110,120,120,70,101,101,101,146,165,181,215,235,246,246,246],"floor_reached":16,"playtime":671,"items_purged":[],"score":112,"play_id":"7af6c071-5c33-4285-8e6d-8764097005a7","local_time":"20190616220913","daily_mods":["Hoarder","Vintage"],"is_ascension_mode":false,"campfire_choices":[{"data":"Bash","floor":7,"key":"SMITH"},{"floor":15,"key":"REST"}],"neow_cost":"","seed_source_timestamp":332273505629932,"circlet_count":0,"master_deck":["Strike_R","Strike_R","Strike_R+1","Strike_R+1","Strike_R","Defend_R","Defend_R","Defend_R","Bash+1"],"relics":["Burning Blood","Shuriken","Art of War","Toxic Egg 2","Singing Bowl","Oddly Smooth Stone","The Courier","Regal Pillow","Happy Flower","Letter Opener","Juzu Bracelet"],"potions_floor_usage":[11,12,14,16],"damage_taken":[{"damage":1,"enemies":"Cultist","floor":1,"turns":3},{"damage":13,"enemies":"Jaw Worm","floor":3,"turns":5},{"damage":28,"enemies":"Gremlin Nob","floor":6,"turns":4},{"damage":5,"enemies":"Small Slimes","floor":10,"turns":3},{"damage":6,"enemies":"Blue Slaver","floor":11,"turns":3},{"damage":27,"enemies":"3 Sentries","floor":12,"turns":7},{"damage":5,"enemies":"Exordium Wildlife","floor":13,"turns":4},{"damage":10,"enemies":"Lots of Slimes","floor":14,"turns":4},{"damage":53,"enemies":"Slime Boss","floor":16,"turns":9}],"seed_played":"8755932487952636508","potions_obtained":[{"floor":6,"key":"AttackPotion"},{"floor":10,"key":"AttackPotion"},{"floor":13,"key":"AttackPotion"},{"floor":14,"key":"FearPotion"}],"is_trial":true,"path_per_floor":["M","$","M","?","?","E","R","T","T","M","M","E","M","M","R","B"],"character_chosen":"IRONCLAD","items_purchased":[],"campfire_rested":1,"item_purchase_floors":[],"current_hp_per_floor":[80,80,73,57,57,35,35,35,35,36,36,17,18,14,53,0],"gold":246,"neow_bonus":"","is_prod":false,"is_daily":false,"chose_seed":false,"campfire_upgraded":1,"win_rate":0,"timestamp":1560715753,"path_taken":["M","$","?","?","?","E","R","?","T","M","M","E","?","?","R","BOSS"],"build_version":"2019-01-23","purchased_purges":0,"victory":false,"max_hp_per_floor":[80,80,80,80,80,80,80,80,80,80,80,82,82,82,82,82],"card_choices":[{"not_picked":["Uppercut","Iron Wave","Searing Blow"],"picked":"SKIP","floor":6},{"not_picked":["Feel No Pain","Uppercut","Headbutt"],"picked":"Singing Bowl","floor":12}],"player_experience":72052,"relics_obtained":[{"floor":1,"key":"Shuriken"},{"floor":3,"key":"Art of War"},{"floor":6,"key":"Toxic Egg 2"},{"floor":8,"key":"Singing Bowl"},{"floor":9,"key":"Oddly Smooth Stone"},{"floor":10,"key":"The Courier"},{"floor":11,"key":"Regal Pillow"},{"floor":12,"key":"Happy Flower"},{"floor":13,"key":"Letter Opener"},{"floor":14,"key":"Juzu Bracelet"}],"event_choices":[{"damage_healed":0,"gold_gain":0,"player_choice":"Entered Light","damage_taken":16,"max_hp_gain":0,"max_hp_loss":0,"event_name":"Shining Light","floor":4,"gold_loss":0,"cards_upgraded":["Strike_R","Strike_R"]},{"cards_removed":["Defend_R"],"damage_healed":0,"gold_gain":0,"player_choice":"Card Removal","damage_taken":0,"max_hp_gain":0,"max_hp_loss":0,"event_name":"The Cleric","floor":5,"gold_loss":50}],"is_beta":false,"boss_relics":[],"items_purged_floors":[],"is_endless":false,"potions_floor_spawned":[6,10,13,14],"killed_by":"Slime Boss","ascension_level":0}