{"gold_per_floor":[118,118,118,128,147,147,172,172,220,253,253,269,289,254,254,333,333,352,365,365,37,37,70,70,85,85,112,112,23,23,43,43,121,121,137,150,163,163,163,194,21,21,68,68],"floor_reached":44,"playtime":2295,"items_purged":["Writhe"],"score":968,"play_id":"72e8115c-3486-4d2a-8743-88c2f540cf9f","local_time":"20190714222655","is_ascension_mode":true,"campfire_choices":[{"data":"Zap","floor":6,"key":"SMITH"},{"data":"Sunder","floor":8,"key":"SMITH"},{"floor":11,"key":"REST"},{"data":"Coolheaded","floor":15,"key":"SMITH"},{"data":"Defragment","floor":24,"key":"SMITH"},{"floor":28,"key":"REST"},{"data":"Defragment","floor":30,"key":"SMITH"},{"floor":32,"key":"REST"}],"neow_cost":"NONE","seed_source_timestamp":446588492720156,"circlet_count":0,"master_deck":["AscendersBane","Strike_B+1","Strike_B+1","Strike_B+1","Strike_B+1","Defend_B+1","Defend_B+1","Defend_B+1","Defend_B+1","Zap+1","Dualcast","Glacier","Rip and Tear","Sunder+1","Genetic Algorithm","Coolheaded+1","Conserve Battery","Compile Driver","Echo Form","Fission","Defragment+1","Hologram","Conserve Battery","Injury","Loop+1","Defragment+1","Turbo+1","Amplify","Hologram","Defragment","Compile Driver+1","Undo","Echo Form"],"relics":["Cracked Core","Blood Vial","Kunai","Cursed Key","Calipers","Orichalcum","The Courier","Shuriken","Omamori","Snecko Eye","Lantern","DollysMirror","Pen Nib"],"potions_floor_usage":[7,7,25],"damage_taken":[{"damage":2,"enemies":"Jaw Worm","floor":1,"turns":4},{"damage":0,"enemies":"Small Slimes","floor":4,"turns":3},{"damage":0,"enemies":"Cultist","floor":5,"turns":2},{"damage":19,"enemies":"Lagavulin","floor":7,"turns":6},{"damage":25,"enemies":"Gremlin Nob","floor":10,"turns":4},{"damage":2,"enemies":"3 Louse","floor":12,"turns":5},{"damage":7,"enemies":"Large Slime","floor":13,"turns":8},{"damage":29,"enemies":"Slime Boss","floor":16,"turns":11},{"damage":8,"enemies":"Chosen","floor":18,"turns":4},{"damage":15,"enemies":"2 Thieves","floor":19,"turns":4},{"damage":14,"enemies":"Gremlin Leader","floor":23,"turns":12},{"damage":0,"enemies":"Cultist and Chosen","floor":25,"turns":8},{"damage":29,"enemies":"Slavers","floor":27,"turns":11},{"damage":16,"enemies":"Snake Plant","floor":31,"turns":5},{"damage":18,"enemies":"Champ","floor":33,"turns":14},{"damage":0,"enemies":"Orb Walker","floor":35,"turns":6},{"damage":28,"enemies":"3 Darklings","floor":36,"turns":9},{"damage":0,"enemies":"Transient","floor":37,"turns":6},{"damage":10,"enemies":"Giant Head","floor":40,"turns":12},{"damage":62,"enemies":"Reptomancer","floor":44,"turns":3}],"seed_played":"-1944406320478511109","potions_obtained":[{"floor":0,"key":"Regen Potion"},{"floor":0,"key":"FocusPotion"},{"floor":7,"key":"Swift Potion"},{"floor":13,"key":"Ancient Potion"},{"floor":31,"key":"Poison Potion"},{"floor":33,"key":"Ancient Potion"}],"is_trial":false,"path_per_floor":["M","?","?","M","M","R","E","R","T","E","R","M","M","?","R","B",null,"M","M","?","$","?","E","R","M","T","E","R","$","R","M","R","B",null,"M","M","M","?","?","E","$","?","T","E"],"character_chosen":"DEFECT","items_purchased":["Defragment","Orichalcum","Defragment","Defragment","DollysMirror"],"campfire_rested":3,"item_purchase_floors":[21,21,29,29,41],"current_hp_per_floor":[62,41,37,37,37,37,32,32,32,9,30,30,25,42,42,15,57,51,38,38,38,38,26,26,28,28,1,22,22,22,8,29,13,57,59,33,35,49,49,41,41,41,41,0],"gold":68,"neow_bonus":"THREE_SMALL_POTIONS","is_prod":false,"is_daily":false,"chose_seed":false,"campfire_upgraded":5,"win_rate":0,"timestamp":1563157615,"path_taken":["M","?","?","M","M","R","E","R","T","E","R","M","?","?","R","BOSS","M","M","?","$","?","E","R","M","T","E","R","$","R","M","R","BOSS","M","M","M","?","?","E","$","?","T","E"],"build_version":"2019-07-05","purchased_purges":1,"victory":false,"max_hp_per_floor":[71,71,71,71,71,71,71,71,71,71,71,71,71,71,71,71,71,71,71,71,71,71,71,71,71,71,71,71,71,71,71,71,71,71,71,71,71,71,71,71,71,71,71,71],"card_choices":[{"not_picked":["FTL","Redo"],"picked":"Glacier","floor":1},{"not_picked":["Streamline","Turbo"],"picked":"Rip and Tear","floor":4},{"not_picked":["Storm","Steam"],"picked":"Sunder","floor":5},{"not_picked":["Scrape","Storm"],"picked":"Genetic Algorithm","floor":7},{"not_picked":["Thunder Strike","Sunder"],"picked":"Coolheaded","floor":10},{"not_picked":["Streamline","Beam Cell"],"picked":"Conserve Battery","floor":12},{"not_picked":["Leap","Redo"],"picked":"Compile Driver","floor":13},{"not_picked":["Core Surge","Machine Learning"],"picked":"Echo Form","floor":16},{"not_picked":["Go for the Eyes","Barrage","Steam Power"],"picked":"SKIP","floor":18},{"not_picked":["Blizzard","Go for the Eyes"],"picked":"Fission","floor":19},{"not_picked":["Scrape","Stack"],"picked":"Hologram","floor":23},{"not_picked":["Ball Lightning","Leap"],"picked":"Conserve Battery","floor":25},{"not_picked":["Doom and Gloom","Rip and Tear"],"picked":"Loop+1","floor":27},{"not_picked":["Compile Driver","Redo+1"],"picked":"Turbo+1","floor":31},{"not_picked":["Fission","Machine Learning"],"picked":"Amplify","floor":33},{"not_picked":["Beam Cell","Streamline"],"picked":"Hologram","floor":35},{"not_picked":["Ball Lightning","Gash+1"],"picked":"Defragment","floor":36},{"not_picked":["Coolheaded","Ball Lightning+1"],"picked":"Compile Driver+1","floor":37},{"not_picked":["Lockon","Rebound"],"picked":"Undo","floor":40}],"player_experience":1492146,"relics_obtained":[{"floor":7,"key":"Blood Vial"},{"floor":10,"key":"Kunai"},{"floor":23,"key":"The Courier"},{"floor":26,"key":"Shuriken"},{"floor":27,"key":"Omamori"},{"floor":40,"key":"Lantern"},{"floor":43,"key":"Pen Nib"}],"event_choices":[{"damage_healed":0,"gold_gain":0,"player_choice":"Entered Light","damage_taken":21,"max_hp_gain":0,"max_hp_loss":0,"event_name":"Shining Light","floor":2,"gold_loss":0,"cards_upgraded":["Strike_B","Defend_B"]},{"damage_healed":0,"gold_gain":0,"player_choice":"Bought 0 Potions","damage_taken":0,"max_hp_gain":0,"max_hp_loss":0,"event_name":"The Woman in Blue","floor":3,"gold_loss":0},{"damage_healed":17,"gold_gain":0,"player_choice":"Healed","damage_taken":0,"max_hp_gain":0,"max_hp_loss":0,"event_name":"The Cleric","floor":14,"gold_loss":35},{"damage_healed":0,"gold_gain":0,"player_choice":"Opened","damage_taken":0,"relics_obtained":["Calipers"],"max_hp_gain":0,"max_hp_loss":0,"event_name":"The Mausoleum","floor":20,"gold_loss":0,"cards_obtained":["Writhe"]},{"damage_healed":0,"gold_gain":0,"player_choice":"Simplicity","damage_taken":0,"max_hp_gain":0,"max_hp_loss":0,"event_name":"Back to Basics","floor":22,"gold_loss":0,"cards_upgraded":["Strike_B","Strike_B","Strike_B","Defend_B","Defend_B","Defend_B"]},{"damage_healed":14,"gold_gain":0,"player_choice":"Writhe","damage_taken":0,"max_hp_gain":0,"max_hp_loss":0,"event_name":"Winding Halls","floor":38,"gold_loss":0,"cards_obtained":["Writhe"]},{"cards_removed":["Defragment"],"damage_healed":0,"gold_gain":0,"player_choice":"Removed Power","damage_taken":0,"max_hp_gain":0,"max_hp_loss":0,"event_name":"Falling","floor":39,"gold_loss":0},{"damage_healed":0,"gold_gain":0,"player_choice":"Ignored","damage_taken":0,"max_hp_gain":0,"max_hp_loss":0,"event_name":"Mysterious Sphere","floor":42,"gold_loss":0}],"is_beta":false,"boss_relics":[{"not_picked":["Coffee Dripper","White Beast Statue"],"picked":"Cursed Key"},{"not_picked":["Busted Crown","Pandora\u0027s Box"],"picked":"Snecko Eye"}],"items_purged_floors":[21],"is_endless":false,"potions_floor_spawned":[1,7,13,19,31,33,35,36],"killed_by":"Reptomancer","ascension_level":20}