{"gold_per_floor":[117,135,135,285,210,238,238,264,290,290,301,334,350,350,350,350],"floor_reached":16,"playtime":452,"items_purged":["Doubt"],"score":286,"play_id":"02fc36ac-6e28-432c-8bc2-35cf8416e3a7","local_time":"20181228172733","is_ascension_mode":true,"campfire_choices":[{"data":"Bash","floor":7,"key":"SMITH"},{"data":"Armaments","floor":15,"key":"SMITH"}],"neow_cost":"NONE","seed_source_timestamp":183136237726968,"circlet_count":0,"master_deck":["AscendersBane","Strike_R","Strike_R","Strike_R","Strike_R","Defend_R","Defend_R","Defend_R","Defend_R","Bash+1","Spot Weakness","Twin Strike","Headbutt","Armaments+1","Corruption","Battle Trance","Shrug It Off"],"relics":["Burning Blood","NeowsBlessing","Bag of Preparation","The Courier","Juzu Bracelet","Art of War","Nunchaku"],"potions_floor_usage":[8,12,16,16],"damage_taken":[{"damage":0,"enemies":"Jaw Worm","floor":1,"turns":1},{"damage":0,"enemies":"2 Louse","floor":2,"turns":1},{"damage":0,"enemies":"Gremlin Nob","floor":6,"turns":1},{"damage":28,"enemies":"3 Sentries","floor":8,"turns":9},{"damage":1,"enemies":"Cultist","floor":11,"turns":3},{"damage":6,"enemies":"Gremlin Nob","floor":12,"turns":3},{"damage":3,"enemies":"3 Louse","floor":13,"turns":3},{"damage":67,"enemies":"Slime Boss","floor":16,"turns":8}],"seed_played":"8928387398646420862","potions_obtained":[{"floor":2,"key":"Block Potion"},{"floor":11,"key":"Fire Potion"},{"floor":12,"key":"BloodPotion"},{"floor":13,"key":"AttackPotion"}],"is_trial":false,"path_per_floor":["M","M","?","?","$","E","R","E","T","?","M","E","M","?","R","B"],"character_chosen":"IRONCLAD","items_purchased":[],"campfire_rested":0,"item_purchase_floors":[],"current_hp_per_floor":[74,75,57,57,57,63,63,41,41,41,46,46,49,49,49,0],"gold":350,"neow_bonus":"THREE_ENEMY_KILL","is_prod":false,"is_daily":false,"chose_seed":false,"campfire_upgraded":2,"win_rate":0,"timestamp":1546036053,"path_taken":["M","M","?","?","?","E","R","E","T","?","M","E","M","?","R","BOSS"],"build_version":"2018-12-20","purchased_purges":1,"victory":false,"max_hp_per_floor":[75,75,75,75,75,75,75,75,75,75,75,75,75,75,75,75],"card_choices":[{"not_picked":["Iron Wave","Shockwave"],"picked":"Spot Weakness","floor":1},{"not_picked":["Spot Weakness","Warcry"],"picked":"Twin Strike","floor":2},{"not_picked":["Reckless Charge","Clash"],"picked":"Headbutt","floor":6},{"not_picked":["Searing Blow","Hemokinesis"],"picked":"Armaments","floor":8},{"not_picked":["Clothesline","Warcry"],"picked":"Corruption","floor":11},{"not_picked":["Warcry","Armaments"],"picked":"Battle Trance","floor":12},{"not_picked":["Pommel Strike","Infernal Blade"],"picked":"Shrug It Off","floor":13}],"player_experience":1306715,"relics_obtained":[{"floor":6,"key":"The Courier"},{"floor":8,"key":"Juzu Bracelet"},{"floor":9,"key":"Art of War"},{"floor":12,"key":"Nunchaku"}],"event_choices":[{"damage_healed":0,"gold_gain":0,"player_choice":"Success","damage_taken":18,"relics_obtained":["Bag of Preparation"],"max_hp_gain":0,"max_hp_loss":0,"event_name":"Scrap Ooze","floor":3,"gold_loss":0},{"damage_healed":0,"gold_gain":150,"player_choice":"AGREE","damage_taken":0,"max_hp_gain":0,"max_hp_loss":0,"event_name":"Liars Game","floor":4,"gold_loss":0,"cards_obtained":["Doubt"]},{"damage_healed":0,"gold_gain":0,"player_choice":"0 cards matched","damage_taken":0,"max_hp_gain":0,"max_hp_loss":0,"event_name":"Match and Keep!","floor":10,"gold_loss":0,"cards_obtained":[]},{"cards_removed":["Strike_R"],"damage_healed":0,"gold_gain":0,"player_choice":"Forget","damage_taken":0,"max_hp_gain":0,"max_hp_loss":0,"event_name":"Living Wall","floor":14,"gold_loss":0}],"is_beta":false,"boss_relics":[],"items_purged_floors":[5],"is_endless":false,"potions_floor_spawned":[2,11,12,13],"killed_by":"Slime Boss","ascension_level":20}