{"gold_per_floor":[18,18,35,50,80,114,131,131,131,131,40,56,91,101,101,204,204,218,235,154,170,170,170,196,196,196,196,206,226,226,83,83,179,179,190,206,219,219],"floor_reached":38,"playtime":1437,"items_purged":[],"score":510,"play_id":"77d005de-d4f1-4ddb-b41c-fe9f921e899b","local_time":"20190723174523","is_ascension_mode":true,"campfire_choices":[{"floor":8,"key":"REST"},{"data":"Perfected Strike","floor":10,"key":"SMITH"},{"floor":15,"key":"REST"},{"data":"Fiend Fire","floor":23,"key":"SMITH"},{"floor":30,"key":"REST"},{"floor":32,"key":"REST"}],"neow_cost":"NO_GOLD","seed_source_timestamp":176840259687785,"circlet_count":0,"master_deck":["Strike_R","Strike_R","Strike_R","Strike_R","Strike_R","Defend_R","Defend_R+1","Bash","Perfected Strike+1","Wild Strike","Cleave","Pommel Strike","Flash of Steel","Twin Strike","Power Through","Wild Strike","Fiend Fire+1","Pommel Strike","Perfected Strike","Purity","Shockwave+1","Fiend Fire","Seeing Red+1","Offering","Uppercut+1","Battle Trance","Cleave+1"],"relics":["Burning Blood","Tiny Chest","Dodecahedron","Centennial Puzzle","Sundial","Eternal Feather","Smiling Mask","Happy Flower","Mummified Hand","War Paint","Cursed Key"],"potions_floor_usage":[12,16,18,18,19,29,33],"damage_taken":[{"damage":15,"enemies":"Small Slimes","floor":1,"turns":3},{"damage":1,"enemies":"Cultist","floor":3,"turns":3},{"damage":12,"enemies":"Jaw Worm","floor":4,"turns":2},{"damage":8,"enemies":"Gremlin Nob","floor":6,"turns":3},{"damage":12,"enemies":"Exordium Wildlife","floor":7,"turns":3},{"damage":0,"enemies":"Looter","floor":12,"turns":1},{"damage":35,"enemies":"Lagavulin","floor":13,"turns":4},{"damage":0,"enemies":"2 Fungi Beasts","floor":14,"turns":3},{"damage":46,"enemies":"Hexaghost","floor":16,"turns":8},{"damage":7,"enemies":"Shell Parasite","floor":18,"turns":3},{"damage":17,"enemies":"3 Byrds","floor":19,"turns":5},{"damage":0,"enemies":"Snecko","floor":21,"turns":3},{"damage":49,"enemies":"Slavers","floor":24,"turns":6},{"damage":11,"enemies":"Sentry and Sphere","floor":28,"turns":3},{"damage":12,"enemies":"Chosen and Byrds","floor":29,"turns":3},{"damage":72,"enemies":"Automaton","floor":33,"turns":10},{"damage":18,"enemies":"3 Darklings","floor":35,"turns":3},{"damage":8,"enemies":"Orb Walker","floor":36,"turns":2},{"damage":42,"enemies":"Spire Growth","floor":37,"turns":4}],"seed_played":"7897253617972541883","potions_obtained":[{"floor":1,"key":"Energy Potion"},{"floor":3,"key":"FearPotion"},{"floor":7,"key":"SpeedPotion"},{"floor":13,"key":"PowerPotion"},{"floor":16,"key":"Energy Potion"},{"floor":24,"key":"Swift Potion"},{"floor":28,"key":"Dexterity Potion"},{"floor":29,"key":"Block Potion"},{"floor":36,"key":"Energy Potion"},{"floor":37,"key":"Strength Potion"}],"is_trial":false,"path_per_floor":["M","?","M","M","?","E","M","R","T","R","$","M","E","M","R","B",null,"M","M","$","M","?","R","E","?","T","?","M","M","R","$","R","B",null,"M","M","M","M"],"character_chosen":"IRONCLAD","items_purchased":["Flash of Steel","Purity","War Paint"],"campfire_rested":4,"item_purchase_floors":[11,20,31],"current_hp_per_floor":[71,80,80,74,41,39,33,57,57,57,57,63,34,40,64,24,66,65,54,54,60,60,72,29,29,29,26,21,15,51,51,80,14,64,52,50,14,0],"gold":219,"neow_bonus":"REMOVE_TWO","is_prod":false,"is_daily":false,"chose_seed":false,"campfire_upgraded":2,"win_rate":0,"timestamp":1563896723,"path_taken":["M","?","?","?","?","E","M","R","T","R","?","M","E","M","R","BOSS","M","M","$","M","?","R","E","?","T","?","M","M","R","$","R","BOSS","M","?","M","M"],"build_version":"2019-07-17","purchased_purges":0,"victory":false,"max_hp_per_floor":[80,80,80,80,80,80,80,80,80,80,80,80,80,80,80,80,80,80,80,80,80,80,80,80,80,80,80,80,80,80,80,80,80,80,80,80,80,80],"card_choices":[{"not_picked":["Inflame","Havoc"],"picked":"Perfected Strike","floor":1},{"not_picked":["Dual Wield","Flex"],"picked":"Wild Strike","floor":3},{"not_picked":["Thunderclap","Headbutt"],"picked":"Cleave","floor":4},{"not_picked":["Reckless Charge","Clash","Body Slam"],"picked":"SKIP","floor":6},{"not_picked":["Flex","Immolate"],"picked":"Pommel Strike","floor":7},{"not_picked":["Reckless Charge","Feel No Pain"],"picked":"Twin Strike","floor":12},{"not_picked":["Anger","Blood for Blood"],"picked":"Power Through","floor":13},{"not_picked":["Heavy Blade","Feel No Pain"],"picked":"Wild Strike","floor":14},{"not_picked":["Reaper","Juggernaut"],"picked":"Fiend Fire","floor":16},{"not_picked":["Thunderclap","Rampage"],"picked":"Pommel Strike","floor":18},{"not_picked":["Intimidate","Fire Breathing"],"picked":"Perfected Strike","floor":19},{"not_picked":["Armaments","Body Slam","Fire Breathing+1"],"picked":"SKIP","floor":21},{"not_picked":["Pommel Strike","Sword Boomerang"],"picked":"Shockwave+1","floor":24},{"not_picked":["Anger","Havoc"],"picked":"Fiend Fire","floor":28},{"not_picked":["Wild Strike","Iron Wave"],"picked":"Seeing Red","floor":29},{"not_picked":["Fiend Fire","Berserk"],"picked":"Offering","floor":33},{"not_picked":["Pommel Strike","Havoc"],"picked":"Uppercut+1","floor":35},{"not_picked":["Twin Strike","Rupture+1"],"picked":"Battle Trance","floor":36},{"not_picked":["Disarm","Warcry"],"picked":"Cleave+1","floor":37}],"player_experience":300590,"relics_obtained":[{"floor":6,"key":"Dodecahedron"},{"floor":9,"key":"Centennial Puzzle"},{"floor":13,"key":"Sundial"},{"floor":24,"key":"Smiling Mask"},{"floor":26,"key":"Mummified Hand"}],"event_choices":[{"damage_healed":9,"gold_gain":0,"player_choice":"Full Heal","damage_taken":0,"max_hp_gain":0,"max_hp_loss":0,"event_name":"Wheel of Change","floor":2,"gold_loss":0},{"damage_healed":0,"gold_gain":0,"player_choice":"Success","damage_taken":33,"relics_obtained":["Tiny Chest"],"max_hp_gain":0,"max_hp_loss":0,"event_name":"Scrap Ooze","floor":5,"gold_loss":0},{"damage_healed":0,"gold_gain":0,"player_choice":"Ignored","damage_taken":0,"max_hp_gain":0,"max_hp_loss":0,"event_name":"Vampires","floor":22,"gold_loss":0},{"damage_healed":0,"gold_gain":0,"player_choice":"Opened","damage_taken":0,"relics_obtained":["Happy Flower"],"max_hp_gain":0,"max_hp_loss":0,"event_name":"The Mausoleum","floor":25,"gold_loss":0},{"damage_healed":0,"gold_gain":0,"player_choice":"Punched","damage_taken":3,"max_hp_gain":0,"max_hp_loss":0,"event_name":"Designer","floor":27,"gold_loss":0}],"is_beta":false,"boss_relics":[{"not_picked":["Runic Dome","Sozu"],"picked":"Eternal Feather"},{"not_picked":["Runic Cube","Philosopher\u0027s Stone"],"picked":"Cursed Key"}],"items_purged_floors":[],"is_endless":false,"potions_floor_spawned":[1,3,7,13,16,24,28,29,36,37],"killed_by":"Sphere and 2 Shapes","ascension_level":5}