{"gold_per_floor":[114,126,1,14,14,14,42,42,42,42,42,60,60,79,79,179,179,190,115,131,151,76,110,110,110,110,110,125,135,135,160,160,160],"floor_reached":33,"playtime":2353,"items_purged":["Strike_G"],"score":398,"play_id":"9687bc04-c95d-4891-b3aa-fd8655eee7b3","local_time":"20190709200355","is_ascension_mode":true,"campfire_choices":[{"data":"Footwork","floor":6.0,"key":"SMITH"},{"data":"Dagger Spray","floor":8.0,"key":"SMITH"},{"floor":15.0,"key":"REST"},{"floor":25.0,"key":"REST"},{"floor":27.0,"key":"REST"},{"data":"Survivor","floor":30,"key":"SMITH"},{"floor":32,"key":"REST"}],"neow_cost":"TEN_PERCENT_HP_LOSS","seed_source_timestamp":0,"circlet_count":0,"master_deck":["AscendersBane","Strike_G+1","Defend_G+1","Defend_G+1","Defend_G+1","Defend_G+1","Survivor+1","Neutralize","Deep Breath","Trip+1","Backflip","Skewer","Footwork+1","Dagger Spray+1","Well Laid Plans","Glass Knife","Dodge and Roll","Backflip","Corpse Explosion","Backflip+1","Crippling Poison","Escape Plan+1","Burst"],"special_seed":0,"relics":["Ring of the Snake","Tough Bandages","Ginger","Empty Cage","Dream Catcher","Happy Flower","Boot"],"potions_floor_usage":[33,33],"damage_taken":[{"damage":5.0,"enemies":"2 Louse","floor":1.0,"turns":4.0},{"damage":0.0,"enemies":"Jaw Worm","floor":2.0,"turns":3.0},{"damage":9.0,"enemies":"Small Slimes","floor":4.0,"turns":4.0},{"damage":14.0,"enemies":"3 Sentries","floor":7.0,"turns":9.0},{"damage":18.0,"enemies":"Exordium Thugs","floor":12.0,"turns":5.0},{"damage":0.0,"enemies":"Large Slime","floor":14.0,"turns":2.0},{"damage":32.0,"enemies":"The Guardian","floor":16.0,"turns":15.0},{"damage":2.0,"enemies":"Shell Parasite","floor":18.0,"turns":10.0},{"damage":13.0,"enemies":"Spheric Guardian","floor":20.0,"turns":6.0},{"damage":4.0,"enemies":"3 Cultists","floor":21.0,"turns":3.0},{"damage":23.0,"enemies":"Book of Stabbing","floor":23.0,"turns":9.0},{"damage":5.0,"enemies":"Shelled Parasite and Fungi","floor":28.0,"turns":7.0},{"damage":0.0,"enemies":"Cultist and Chosen","floor":29.0,"turns":6.0},{"damage":72,"enemies":"Champ","floor":33,"turns":25}],"seed_played":"4088039999321331305","potions_obtained":[{"floor":1.0,"key":"Fire Potion"},{"floor":7.0,"key":"LiquidBronze"},{"floor":13.0,"key":"Fruit Juice"},{"floor":13.0,"key":"Dexterity Potion"},{"floor":16.0,"key":"Energy Potion"},{"floor":20.0,"key":"Fire Potion"},{"floor":23.0,"key":"Explosive Potion"},{"floor":28.0,"key":"Explosive Potion"},{"floor":29,"key":"Energy Potion"}],"is_trial":false,"path_per_floor":["M","M","$","M","?","R","E","R","T","?","?","M","?","M","R","B",null,"M","$","M","M","?","E","?","R","T","R","M","M","R","T","R","B"],"character_chosen":"THE_SILENT","items_purchased":["Footwork","Dagger Spray"],"campfire_rested":4,"item_purchase_floors":[3,3],"current_hp_per_floor":[58,58,58,49,63,63,49,49,49,36,36,18,23,23,43,11,54,52,52,39,35,35,12,12,32,32,52,47,47,47,47,67,0],"gold":160,"neow_bonus":"RANDOM_COLORLESS_2","is_prod":false,"is_daily":false,"chose_seed":false,"campfire_upgraded":3,"win_rate":0,"timestamp":1562717035,"path_taken":["M","M","$","M","?","R","E","R","T","?","?","?","?","M","R","BOSS","M","$","M","M","?","E","?","R","T","R","M","M","R","?","R","BOSS"],"build_version":"2019-07-05","purchased_purges":1,"victory":false,"max_hp_per_floor":[63,63,63,63,63,63,63,63,63,63,63,63,68,68,68,68,68,68,68,68,68,68,68,68,68,68,68,68,68,68,68,68,68],"card_choices":[{"not_picked":["Reflex","Underhanded Strike"],"picked":"Backflip","floor":1.0},{"not_picked":["Dodge and Roll","Underhanded Strike"],"picked":"Skewer","floor":2.0},{"not_picked":["Flying Knee","Finisher"],"picked":"Well Laid Plans","floor":4.0},{"not_picked":["Expertise","Flying Knee","All Out Attack"],"picked":"SKIP","floor":7.0},{"not_picked":["Bane","Unload"],"picked":"Dodge and Roll","floor":12.0},{"not_picked":["Acrobatics","Crippling Poison"],"picked":"Backflip","floor":14.0},{"not_picked":["Night Terror","Die Die Die"],"picked":"Corpse Explosion","floor":16.0},{"not_picked":["Calculated Gamble","Deadly Poison","Dagger Spray"],"picked":"SKIP","floor":18.0},{"not_picked":["Cloak And Dagger+1","Sucker Punch"],"picked":"Backflip+1","floor":20.0},{"not_picked":["Calculated Gamble","PiercingWail","Cloak And Dagger"],"picked":"SKIP","floor":21.0},{"not_picked":["Tactician","Deflect"],"picked":"Crippling Poison","floor":23.0},{"not_picked":["Setup+1","Blade Dance"],"picked":"Escape Plan+1","floor":25.0},{"not_picked":["Quick Slash","Concentrate","Blade Dance"],"picked":"SKIP","floor":28.0},{"not_picked":["Outmaneuver","Acrobatics+1","Cloak And Dagger"],"picked":"SKIP","floor":29},{"not_picked":["Outmaneuver","Poisoned Stab+1"],"picked":"Burst","floor":32}],"player_experience":484896,"relics_obtained":[{"floor":7.0,"key":"Tough Bandages"},{"floor":9.0,"key":"Ginger"},{"floor":23.0,"key":"Dream Catcher"},{"floor":26.0,"key":"Happy Flower"},{"floor":31,"key":"Boot"}],"event_choices":[{"damage_healed":21.0,"max_hp_gain":0.0,"max_hp_loss":0.0,"gold_gain":0.0,"event_name":"Big Fish","player_choice":"Banana","floor":5.0,"gold_loss":0.0,"damage_taken":0.0},{"damage_healed":0.0,"max_hp_gain":0.0,"max_hp_loss":0.0,"gold_gain":0.0,"event_name":"Shining Light","player_choice":"Entered Light","floor":10.0,"gold_loss":0.0,"damage_taken":13.0,"cards_upgraded":["Strike_G","Trip"]},{"damage_healed":0.0,"max_hp_gain":0.0,"max_hp_loss":0.0,"gold_gain":0.0,"cards_transformed":["Strike_G"],"event_name":"Transmorgrifier","player_choice":"Transformed","floor":11.0,"gold_loss":0.0,"damage_taken":0.0,"cards_obtained":["Glass Knife"]},{"damage_healed":0.0,"max_hp_gain":0.0,"max_hp_loss":0.0,"gold_gain":0.0,"event_name":"Lab","player_choice":"Got Potions","floor":13.0,"gold_loss":0.0,"damage_taken":0.0},{"cards_removed":["Defend_G"],"damage_healed":0.0,"max_hp_gain":0.0,"max_hp_loss":0.0,"gold_gain":0.0,"event_name":"Beggar","player_choice":"Gave Gold","floor":22.0,"gold_loss":75.0,"damage_taken":0.0},{"damage_healed":0.0,"max_hp_gain":0.0,"max_hp_loss":0.0,"gold_gain":0.0,"event_name":"Back to Basics","player_choice":"Simplicity","floor":24.0,"gold_loss":0.0,"damage_taken":0.0,"cards_upgraded":["Defend_G","Defend_G","Defend_G","Defend_G"]}],"is_beta":false,"boss_relics":[{"not_picked":["Ring of the Serpent","HoveringKite"],"picked":"Empty Cage"}],"items_purged_floors":[19],"is_endless":false,"potions_floor_spawned":[1,7,16,20,23,28,29],"killed_by":"Champ","ascension_level":10}