{"gold_per_floor":[209,222,60,78,78,78,97,97,97,147,164,89,62,32,32,32],"floor_reached":16,"playtime":737,"items_purged":["Strike_B"],"score":166,"play_id":"4d88bfe1-801d-4792-8965-554e5e43ab88","local_time":"20190720150211","is_ascension_mode":true,"campfire_choices":[{"data":"Zap","floor":6,"key":"SMITH"},{"data":"Dualcast","floor":8,"key":"SMITH"},{"data":"Hologram","floor":15,"key":"SMITH"}],"neow_cost":"NONE","seed_source_timestamp":71297186711150,"circlet_count":0,"master_deck":["AscendersBane","Strike_B","Strike_B","Defend_B","Defend_B","Defend_B","Defend_B","Zap+1","Dualcast+1","Reinforced Body","FTL","Glacier","Reinforced Body","Hologram+1","Capacitor","Rebound"],"relics":["Cracked Core","Happy Flower","PreservedInsect"],"potions_floor_usage":[4,16],"damage_taken":[{"damage":1,"enemies":"2 Louse","floor":1,"turns":2},{"damage":0,"enemies":"Cultist","floor":2,"turns":3},{"damage":0,"enemies":"Jaw Worm","floor":4,"turns":3},{"damage":0,"enemies":"Blue Slaver","floor":7,"turns":4},{"damage":0,"enemies":"Exordium Wildlife","floor":11,"turns":4},{"damage":10,"enemies":"Exordium Thugs","floor":13,"turns":5},{"damage":49,"enemies":"Slime Boss","floor":16,"turns":19}],"seed_played":"2137668578906942067","potions_obtained":[{"floor":1,"key":"Poison Potion"},{"floor":2,"key":"FearPotion"},{"floor":11,"key":"Dexterity Potion"},{"floor":13,"key":"Energy Potion"}],"is_trial":false,"path_per_floor":["M","M","$","M","?","R","M","R","T","?","M","$","M","$","R","B"],"character_chosen":"DEFECT","items_purchased":["Happy Flower","Rebound"],"campfire_rested":0,"item_purchase_floors":[3,14],"current_hp_per_floor":[63,63,63,63,56,56,56,56,56,56,56,56,46,46,46,0],"gold":32,"neow_bonus":"HUNDRED_GOLD","is_prod":false,"is_daily":false,"chose_seed":false,"campfire_upgraded":3,"win_rate":0,"timestamp":1563649331,"path_taken":["M","M","$","M","?","R","M","R","T","?","M","$","M","$","R","BOSS"],"build_version":"2019-07-17","purchased_purges":1,"victory":false,"max_hp_per_floor":[71,71,71,71,71,71,71,71,71,71,71,71,71,71,71,71],"card_choices":[{"not_picked":["Redo","White Noise"],"picked":"Reinforced Body","floor":1},{"not_picked":["Scrape","Barrage"],"picked":"FTL","floor":2},{"not_picked":["Streamline","Beam Cell"],"picked":"Glacier","floor":4},{"not_picked":["Steam","Stack"],"picked":"Reinforced Body","floor":7},{"not_picked":["Reinforced Body","Rebound"],"picked":"Hologram","floor":11},{"not_picked":["Leap","Lockon"],"picked":"Capacitor","floor":13}],"player_experience":561573,"relics_obtained":[{"floor":9,"key":"PreservedInsect"}],"event_choices":[{"cards_removed":["Strike_B"],"damage_healed":0,"gold_gain":0,"player_choice":"Card Removal","damage_taken":7,"max_hp_gain":0,"max_hp_loss":0,"event_name":"Golden Wing","floor":5,"gold_loss":0},{"damage_healed":0,"gold_gain":50,"player_choice":"Pray","damage_taken":0,"max_hp_gain":0,"max_hp_loss":0,"event_name":"Golden Shrine","floor":10,"gold_loss":0}],"is_beta":false,"boss_relics":[],"items_purged_floors":[12],"is_endless":false,"potions_floor_spawned":[1,2,11,13],"killed_by":"Slime Boss","ascension_level":16}