{"gold_per_floor":[109,184,197,209,209,238,238,268,294,323,335,335,351,3,3,100,100,112,144,44,44,58,58,88,102,102,102,121,154,174,187,187,187],"floor_reached":33,"playtime":1603,"items_purged":["Strike_B","Strike_B"],"score":578,"play_id":"c39f6aeb-9ee4-40d8-8eae-59742a1b4428","local_time":"20190514074502","is_ascension_mode":true,"campfire_choices":[{"floor":7,"key":"REST"},{"floor":12,"key":"REST"},{"data":"Defragment","floor":15,"key":"SMITH"},{"floor":23,"key":"REST"},{"floor":27,"key":"REST"},{"floor":32,"key":"REST"}],"neow_cost":"NONE","seed_source_timestamp":165895805086,"circlet_count":0,"master_deck":["AscendersBane","Strike_B","Strike_B","Defend_B","Defend_B","Defend_B","Defend_B","Zap","Dualcast","FTL","Beam Cell","Coolheaded","Go for the Eyes","Core Surge","Streamline","Electrodynamics","Defragment+1","Sweeping Beam","All For One","Flex","Flash of Steel","Headbutt+1","Pommel Strike+1","Armaments","Anger+1","Auto Shields","Beam Cell","Deflect"],"relics":["Cracked Core","Bronze Scales","PreservedInsect","Anchor","Happy Flower","PrismaticShard","Inserter","Red Mask","Mango","Dead Branch","Shuriken"],"potions_floor_usage":[8,11,19,24,24,29,29,33],"damage_taken":[{"damage":0,"enemies":"2 Louse","floor":1,"turns":2},{"damage":7,"enemies":"Jaw Worm","floor":3,"turns":3},{"damage":0,"enemies":"Cultist","floor":4,"turns":4},{"damage":16,"enemies":"Lagavulin","floor":6,"turns":6},{"damage":11,"enemies":"Gremlin Nob","floor":8,"turns":3},{"damage":23,"enemies":"Lagavulin","floor":10,"turns":4},{"damage":0,"enemies":"3 Louse","floor":11,"turns":1},{"damage":0,"enemies":"Looter","floor":13,"turns":2},{"damage":0,"enemies":"Slime Boss","floor":16,"turns":6},{"damage":11,"enemies":"Spheric Guardian","floor":18,"turns":3},{"damage":34,"enemies":"Masked Bandits","floor":19,"turns":3},{"damage":9,"enemies":"Shell Parasite","floor":22,"turns":3},{"damage":10,"enemies":"Book of Stabbing","floor":24,"turns":3},{"damage":21,"enemies":"3 Cultists","floor":25,"turns":4},{"damage":0,"enemies":"Chosen and Byrds","floor":28,"turns":3},{"damage":5,"enemies":"Gremlin Leader","floor":29,"turns":3},{"damage":12,"enemies":"Centurion and Healer","floor":30,"turns":3},{"damage":0,"enemies":"Cultist and Chosen","floor":31,"turns":3},{"damage":73,"enemies":"Champ","floor":33,"turns":8}],"seed_played":"5391192543292764207","potions_obtained":[{"floor":1,"key":"Explosive Potion"},{"floor":4,"key":"Swift Potion"},{"floor":11,"key":"Ancient Potion"},{"floor":13,"key":"Explosive Potion"},{"floor":16,"key":"FocusPotion"},{"floor":18,"key":"Regen Potion"},{"floor":22,"key":"Energy Potion"},{"floor":25,"key":"FocusPotion"},{"floor":28,"key":"GamblersBrew"},{"floor":29,"key":"Ancient Potion"},{"floor":31,"key":"Block Potion"}],"is_trial":false,"path_per_floor":["M","?","M","M","?","E","R","E","T","E","M","R","M","$","R","B",null,"M","?","$","?","M","R","E","M","T","R","M","E","M","M","R","B"],"character_chosen":"DEFECT","items_purchased":["All For One","PrismaticShard"],"campfire_rested":5,"item_purchase_floors":[14,14],"current_hp_per_floor":[68,57,50,50,50,34,56,45,45,22,22,44,44,44,44,44,67,56,27,27,13,4,28,32,11,11,39,39,34,22,22,50,0],"gold":187,"neow_bonus":"ONE_RANDOM_RARE_CARD","is_prod":false,"is_daily":false,"chose_seed":false,"campfire_upgraded":1,"win_rate":0,"timestamp":1557834302,"path_taken":["M","?","M","M","?","E","R","E","T","E","M","R","M","$","R","BOSS","M","?","$","?","M","R","E","M","T","R","M","E","M","M","R","BOSS"],"build_version":"2019-01-23","purchased_purges":2,"victory":false,"max_hp_per_floor":[75,75,75,75,75,75,75,75,75,75,75,75,75,75,75,75,75,75,75,75,80,80,80,94,94,94,94,94,94,94,94,94,94],"card_choices":[{"not_picked":["Gash","Recycle"],"picked":"FTL","floor":1},{"not_picked":["Turbo","Scrape"],"picked":"Beam Cell","floor":3},{"not_picked":["Compile Driver","Fusion"],"picked":"Coolheaded","floor":4},{"not_picked":["Skim","Barrage"],"picked":"Core Surge","floor":6},{"not_picked":["Compile Driver","Heatsinks"],"picked":"Streamline","floor":8},{"not_picked":["Go for the Eyes","Ball Lightning"],"picked":"Electrodynamics","floor":10},{"not_picked":["Coolheaded","Streamline"],"picked":"Defragment","floor":11},{"not_picked":["Streamline","Barrage"],"picked":"Sweeping Beam","floor":13},{"not_picked":["Chaos","Pommel Strike+1"],"picked":"Flex","floor":18},{"not_picked":["Barrage","Corpse Explosion"],"picked":"Flash of Steel","floor":19},{"not_picked":["Heel Hook+1","Metallicize+1"],"picked":"Headbutt+1","floor":22},{"not_picked":["Noxious Fumes+1","Backflip"],"picked":"Pommel Strike+1","floor":24},{"not_picked":["Enlightenment","Distraction"],"picked":"Armaments","floor":25},{"not_picked":["Warcry","Body Slam"],"picked":"Anger+1","floor":28},{"not_picked":["Fusion","Flying Knee"],"picked":"Auto Shields","floor":29},{"not_picked":["Stack","Perfected Strike"],"picked":"Beam Cell","floor":30},{"not_picked":["Terror","Cold Snap"],"picked":"Deflect","floor":31}],"player_experience":319392,"relics_obtained":[{"floor":6,"key":"Bronze Scales"},{"floor":8,"key":"PreservedInsect"},{"floor":9,"key":"Anchor"},{"floor":10,"key":"Happy Flower"},{"floor":19,"key":"Red Mask"},{"floor":24,"key":"Mango"},{"floor":26,"key":"Dead Branch"},{"floor":29,"key":"Shuriken"}],"event_choices":[{"damage_healed":0,"gold_gain":75,"player_choice":"Gather Gold","damage_taken":11,"max_hp_gain":0,"max_hp_loss":0,"event_name":"World of Goop","floor":2,"gold_loss":0},{"damage_healed":0,"gold_gain":0,"cards_transformed":["Fission"],"player_choice":"Transformed","damage_taken":0,"max_hp_gain":0,"max_hp_loss":0,"event_name":"Transmorgrifier","floor":5,"gold_loss":0,"cards_obtained":["Go for the Eyes"]},{"damage_healed":0,"gold_gain":0,"player_choice":"Fought Bandits","damage_taken":0,"max_hp_gain":0,"max_hp_loss":0,"event_name":"Masked Bandits","floor":19,"gold_loss":0},{"damage_healed":0,"gold_gain":0,"player_choice":"Shed Blood","damage_taken":19,"max_hp_gain":5,"max_hp_loss":0,"event_name":"Forgotten Altar","floor":21,"gold_loss":0}],"is_beta":false,"boss_relics":[{"not_picked":["White Beast Statue","Velvet Choker"],"picked":"Inserter"}],"items_purged_floors":[14,20],"is_endless":false,"potions_floor_spawned":[1,4,11,13,16,18,22,25,28,29,31],"killed_by":"Champ","ascension_level":11}