{"gold_per_floor":[109,127,52,52,52,85,85,111,111,16,36,36,36,52,52,52],"floor_reached":16,"playtime":505,"items_purged":["Strike_R"],"score":266,"play_id":"a12b6174-5771-419b-bec6-9b333b287f12","local_time":"20181103111044","is_ascension_mode":true,"campfire_choices":[{"data":"Bash","floor":7,"key":"SMITH"},{"data":"Sword Boomerang","floor":13,"key":"SMITH"},{"data":"Infernal Blade","floor":15,"key":"SMITH"}],"neow_cost":"NONE","seed_source_timestamp":1350368258035064,"circlet_count":0,"master_deck":["AscendersBane","Strike_R","Strike_R","Strike_R","Strike_R+1","Defend_R+1","Defend_R","Defend_R","Defend_R","Bash+1","Shrug It Off","Anger","Sword Boomerang+1","Dramatic Entrance","Headbutt","Infernal Blade+1"],"relics":["Burning Blood","NeowsBlessing","Mango","Blood Vial","Kunai"],"potions_floor_usage":[8,16],"damage_taken":[{"damage":0,"enemies":"Cultist","floor":1,"turns":1},{"damage":0,"enemies":"Small Slimes","floor":2,"turns":2},{"damage":0,"enemies":"3 Sentries","floor":6,"turns":2},{"damage":31,"enemies":"Lagavulin","floor":8,"turns":7},{"damage":6,"enemies":"Jaw Worm","floor":11,"turns":3},{"damage":6,"enemies":"2 Fungi Beasts","floor":14,"turns":3},{"damage":57,"enemies":"The Guardian","floor":16,"turns":12}],"seed_played":"-6951624099792541245","potions_obtained":[{"floor":6,"key":"SteroidPotion"},{"floor":11,"key":"Fire Potion"}],"is_trial":false,"path_per_floor":["M","M","$","?","?","E","R","E","T","$","M","$","R","M","R","B"],"character_chosen":"IRONCLAD","items_purchased":["Dramatic Entrance"],"campfire_rested":0,"item_purchase_floors":[10],"current_hp_per_floor":[74,75,75,80,56,76,76,51,51,51,53,53,53,55,55,0],"gold":52,"neow_bonus":"THREE_ENEMY_KILL","is_prod":false,"is_daily":false,"chose_seed":false,"campfire_upgraded":3,"win_rate":0,"timestamp":1541257844,"path_taken":["M","M","$","?","?","E","R","E","T","$","M","?","R","M","R","BOSS"],"build_version":"2018-11-01","purchased_purges":1,"victory":false,"max_hp_per_floor":[75,75,75,80,80,94,94,94,94,94,94,94,94,94,94,94],"card_choices":[{"not_picked":["Perfected Strike","True Grit"],"picked":"Shrug It Off","floor":1},{"not_picked":["Metallicize","Sword Boomerang"],"picked":"Anger","floor":2},{"not_picked":["Power Through","Bloodletting","Sword Boomerang"],"picked":"SKIP","floor":6},{"not_picked":["Power Through","Bloodletting"],"picked":"Sword Boomerang","floor":6},{"not_picked":["Heavy Blade","Perfected Strike","Iron Wave"],"picked":"SKIP","floor":8},{"not_picked":["Flame Barrier","Wild Strike"],"picked":"Headbutt","floor":11},{"not_picked":["Ghostly Armor","Wild Strike"],"picked":"Infernal Blade","floor":14}],"player_experience":1039084,"relics_obtained":[{"floor":6,"key":"Mango"},{"floor":8,"key":"Blood Vial"},{"floor":9,"key":"Kunai"}],"event_choices":[{"damage_healed":0,"gold_gain":0,"player_choice":"Donut","damage_taken":0,"max_hp_gain":5,"max_hp_loss":0,"event_name":"Big Fish","floor":4,"gold_loss":0},{"damage_healed":0,"gold_gain":0,"player_choice":"Entered Light","damage_taken":24,"max_hp_gain":0,"max_hp_loss":0,"event_name":"Shining Light","floor":5,"gold_loss":0,"cards_upgraded":["Defend_R","Strike_R"]}],"is_beta":false,"boss_relics":[],"items_purged_floors":[3],"is_endless":false,"potions_floor_spawned":[6,11],"killed_by":"The Guardian","ascension_level":20}