{"gold_per_floor":[118,43,58,74,74,74,101,101,101,130,148,176,176,211,211,289,289,303,303,21,35,48,48,79,79,129,129,129,129,155,166,166,245,245,263,263,48,59,59,59,59,59,59,71,71,89,107,140,140,140],"floor_reached":51,"playtime":2100,"items_purged":["Decay"],"score":1353,"play_id":"fd9b2426-f61a-4499-bc7b-78ce0d5f0343","local_time":"20181019145737","is_ascension_mode":true,"campfire_choices":[{"data":"Bash","floor":6,"key":"SMITH"},{"data":"Good Instincts","floor":8,"key":"SMITH"},{"data":"True Grit","floor":13,"key":"SMITH"},{"data":"Rampage","floor":15,"key":"SMITH"},{"floor":23,"key":"REST"},{"data":"Clothesline","floor":25,"key":"SMITH"},{"data":"Double Tap","floor":27,"key":"SMITH"},{"data":"Bludgeon","floor":29,"key":"SMITH"},{"floor":32,"key":"REST"},{"data":"Rupture","floor":40,"key":"SMITH"},{"data":"Limit Break","floor":42,"key":"SMITH"},{"data":"Immolate","floor":45,"key":"SMITH"},{"floor":49,"key":"REST"}],"neow_cost":"CURSE","seed_source_timestamp":66261422053656,"circlet_count":0,"master_deck":["Strike_R","Strike_R","Strike_R","Strike_R+1","Strike_R","Defend_R","Defend_R","Defend_R","Defend_R+1","Bash+1","AscendersBane","Master of Strategy+1","Good Instincts+1","Clothesline+1","Dropkick","Thunderclap+1","Headbutt","Double Tap+1","Rampage+1","True Grit+1","Bludgeon+1","Pommel Strike+1","Ghostly Armor","Shrug It Off+1","Iron Wave+1","Brutality","Necronomicurse","Spot Weakness","Limit Break+1","Shrug It Off","Shrug It Off","Body Slam+1","Immolate+1","Battle Trance","Rupture+1","Master of Strategy+1","Shrug It Off+1","Warcry","Juggernaut"],"relics":["Burning Blood","Whetstone","Pocketwatch","Self Forming Clay","Ornamental Fan","Sundial","War Paint","Sozu","Letter Opener","Paper Frog","Oddly Smooth Stone","Necronomicon","Blood Vial","Orrery","Pear","Bottled Flame"],"potions_floor_usage":[7,10,16,16,24],"damage_taken":[{"damage":3,"enemies":"Cultist","floor":1,"turns":4},{"damage":1,"enemies":"2 Louse","floor":3,"turns":3},{"damage":8,"enemies":"Small Slimes","floor":4,"turns":4},{"damage":20,"enemies":"Gremlin Nob","floor":7,"turns":4},{"damage":15,"enemies":"3 Sentries","floor":10,"turns":6},{"damage":7,"enemies":"3 Louse","floor":11,"turns":3},{"damage":7,"enemies":"Gremlin Nob","floor":12,"turns":3},{"damage":12,"enemies":"3 Sentries","floor":14,"turns":7},{"damage":1,"enemies":"Hexaghost","floor":16,"turns":5},{"damage":14,"enemies":"Shell Parasite","floor":18,"turns":3},{"damage":18,"enemies":"Spheric Guardian","floor":21,"turns":4},{"damage":10,"enemies":"Centurion and Healer","floor":22,"turns":5},{"damage":0,"enemies":"Gremlin Leader","floor":24,"turns":6},{"damage":6,"enemies":"Slavers","floor":30,"turns":5},{"damage":0,"enemies":"Cultist and Chosen","floor":31,"turns":3},{"damage":59,"enemies":"Champ","floor":33,"turns":10},{"damage":13,"enemies":"3 Shapes","floor":35,"turns":3},{"damage":14,"enemies":"3 Darklings","floor":38,"turns":4},{"damage":0,"enemies":"Jaw Worm Horde","floor":44,"turns":2},{"damage":2,"enemies":"Transient","floor":46,"turns":5},{"damage":4,"enemies":"3 Darklings","floor":47,"turns":4},{"damage":51,"enemies":"Reptomancer","floor":48,"turns":5},{"damage":44,"enemies":"Time Eater","floor":50,"turns":11}],"seed_played":"8641054204262216010","potions_obtained":[{"floor":1,"key":"AttackPotion"},{"floor":3,"key":"Regen Potion"},{"floor":12,"key":"FearPotion"},{"floor":14,"key":"Strength Potion"},{"floor":16,"key":"Strength Potion"}],"is_trial":false,"path_per_floor":["M","$","M","M","T","R","E","R","T","E","M","E","R","E","R","B",null,"M","?","$","M","M","R","E","R","T","R","?","R","E","M","R","B",null,"M","?","$","M","?","R","?","R","T","M","R","M","M","E","R","B"],"character_chosen":"IRONCLAD","items_purchased":["Letter Opener","Ghostly Armor","Immolate","Battle Trance"],"campfire_rested":3,"item_purchase_floors":[20,20,37,37],"current_hp_per_floor":[71,71,75,73,73,73,59,59,59,65,64,63,63,57,57,62,72,64,43,43,31,27,51,57,57,57,57,36,36,36,44,68,17,64,59,59,59,53,53,53,53,53,63,71,71,77,81,38,63,27],"gold":140,"neow_bonus":"RANDOM_COLORLESS_2","is_prod":false,"is_daily":false,"chose_seed":false,"campfire_upgraded":10,"win_rate":0,"timestamp":1539975457,"path_taken":["M","$","M","M","?","R","E","R","T","E","M","E","R","E","R","BOSS","M","?","$","M","M","R","E","R","T","R","?","R","E","M","R","BOSS","M","?","$","M","?","R","?","R","T","M","R","M","M","E","R","BOSS"],"build_version":"2018-10-18","purchased_purges":1,"victory":true,"max_hp_per_floor":[75,75,75,75,75,75,75,75,75,75,75,75,75,75,75,75,75,75,80,80,80,80,80,80,80,80,80,80,80,80,80,80,80,80,80,80,80,80,80,80,76,76,86,86,86,86,86,86,86,86],"card_choices":[{"not_picked":["Twin Strike","Metallicize"],"picked":"Clothesline","floor":1},{"not_picked":["Wild Strike","Sentinel"],"picked":"Dropkick","floor":3},{"not_picked":["Sentinel","Iron Wave"],"picked":"Thunderclap","floor":4},{"not_picked":["Thunderclap","Dual Wield"],"picked":"Headbutt","floor":7},{"not_picked":["Combust","Perfected Strike"],"picked":"Double Tap","floor":10},{"not_picked":["Heavy Blade","Sentinel"],"picked":"Rampage","floor":11},{"not_picked":["Uppercut","Intimidate"],"picked":"True Grit","floor":12},{"not_picked":["Pummel","Twin Strike","Rupture"],"picked":"SKIP","floor":14},{"not_picked":["Juggernaut","Brutality"],"picked":"Bludgeon","floor":16},{"not_picked":["Perfected Strike+1","True Grit"],"picked":"Pommel Strike+1","floor":18},{"not_picked":["Anger","Flex"],"picked":"Shrug It Off+1","floor":21},{"not_picked":["Havoc","Carnage"],"picked":"Iron Wave+1","floor":22},{"not_picked":["Twin Strike","Metallicize"],"picked":"Brutality","floor":24},{"not_picked":["Evolve","Havoc"],"picked":"Spot Weakness","floor":30},{"not_picked":["Clash+1","Iron Wave","Cleave"],"picked":"SKIP","floor":31},{"not_picked":["Bludgeon","Brutality"],"picked":"Limit Break","floor":33},{"not_picked":["Uppercut","Blood for Blood"],"picked":"Shrug It Off","floor":34},{"not_picked":["Cleave+1","Headbutt"],"picked":"Shrug It Off","floor":34},{"not_picked":["Cleave","Whirlwind"],"picked":"Body Slam+1","floor":34},{"not_picked":["Iron Wave","Perfected Strike","Thunderclap"],"picked":"SKIP","floor":35},{"not_picked":["Sword Boomerang","Fiend Fire"],"picked":"Rupture","floor":38},{"not_picked":["Havoc","Anger","Blood for Blood"],"picked":"SKIP","floor":44},{"not_picked":["Inflame+1","Flex"],"picked":"Shrug It Off+1","floor":46},{"not_picked":["Flex","Sentinel"],"picked":"Warcry","floor":47},{"not_picked":["Power Through+1","Warcry"],"picked":"Juggernaut","floor":48}],"player_experience":930861,"relics_obtained":[{"floor":5,"key":"Whetstone"},{"floor":7,"key":"Pocketwatch"},{"floor":9,"key":"Self Forming Clay"},{"floor":10,"key":"Ornamental Fan"},{"floor":12,"key":"Sundial"},{"floor":14,"key":"War Paint"},{"floor":24,"key":"Paper Frog"},{"floor":26,"key":"Oddly Smooth Stone"},{"floor":28,"key":"Necronomicon"},{"floor":30,"key":"Blood Vial"},{"floor":43,"key":"Pear"},{"floor":48,"key":"Bottled Flame"}],"event_choices":[{"damage_healed":0,"gold_gain":0,"player_choice":"Shed Blood","damage_taken":26,"max_hp_gain":5,"max_hp_loss":0,"event_name":"Forgotten Altar","floor":19,"gold_loss":0},{"damage_healed":0,"gold_gain":0,"player_choice":"Obtained Book","damage_taken":21,"max_hp_gain":0,"max_hp_loss":0,"event_name":"Cursed Tome","floor":28,"gold_loss":0},{"damage_healed":0,"gold_gain":0,"player_choice":"Ignored","damage_taken":0,"max_hp_gain":0,"max_hp_loss":0,"event_name":"Tomb of Lord Red Mask","floor":36,"gold_loss":0},{"damage_healed":0,"gold_gain":0,"player_choice":"Copied","damage_taken":0,"max_hp_gain":0,"max_hp_loss":0,"event_name":"Duplicator","floor":39,"gold_loss":0,"cards_obtained":["Master of Strategy"]},{"damage_healed":0,"gold_gain":0,"player_choice":"Max HP","damage_taken":0,"max_hp_gain":0,"max_hp_loss":4,"event_name":"Winding Halls","floor":41,"gold_loss":0}],"is_beta":false,"boss_relics":[{"not_picked":["Philosopher\u0027s Stone","Busted Crown"],"picked":"Sozu"},{"not_picked":["Velvet Choker","Runic Pyramid"],"picked":"Orrery"}],"items_purged_floors":[2],"is_endless":false,"potions_floor_spawned":[1,3,12,14,16,21,22,30,35,38,46],"ascension_level":15}