{"gold_per_floor":[366,366,366,366,366,366,407,87,87,87,87,122,122,146,146,241,241,261,281,281,281],"floor_reached":21,"playtime":683,"items_purged":["Strike_B"],"score":366,"play_id":"4f14fdea-c073-4793-a3b3-16f896d33d85","local_time":"20181201222304","is_ascension_mode":true,"campfire_choices":[{"floor":6,"key":"REST"},{"floor":10,"key":"REST"},{"data":"Defragment","floor":11,"key":"SMITH"},{"data":"Loop","floor":13,"key":"SMITH"},{"data":"Coolheaded","floor":15,"key":"SMITH"}],"neow_cost":"PERCENT_DAMAGE","seed_source_timestamp":552035184926710,"circlet_count":0,"master_deck":["AscendersBane","Strike_B","Strike_B+1","Strike_B","Defend_B","Defend_B","Defend_B","Defend_B","Zap+1","Dualcast","Reinforced Body+1","Loop+1","Defragment+1","Panacea","Sweeping Beam","Compile Driver","Coolheaded+1","Buffer","Consume","Barrage","Coolheaded+1"],"relics":["Cracked Core","Art of War","Golden Idol","Cables","WingedGreaves","Bottled Tornado","Inserter"],"potions_floor_usage":[7,19,21],"damage_taken":[{"damage":0,"enemies":"Cultist","floor":1,"turns":3},{"damage":19,"enemies":"Lagavulin","floor":7,"turns":9},{"damage":10,"enemies":"3 Sentries","floor":12,"turns":6},{"damage":2,"enemies":"Small Slimes","floor":14,"turns":3},{"damage":1,"enemies":"The Guardian","floor":16,"turns":10},{"damage":8,"enemies":"Spheric Guardian","floor":18,"turns":4},{"damage":29,"enemies":"2 Thieves","floor":19,"turns":4},{"damage":22,"enemies":"Snake Plant","floor":21,"turns":3}],"seed_played":"-271729258099927303","potions_obtained":[{"floor":1,"key":"SpeedPotion"},{"floor":14,"key":"SpeedPotion"},{"floor":16,"key":"Swift Potion"},{"floor":18,"key":"PowerPotion"}],"is_trial":false,"path_per_floor":["M","?","?","?","?","R","E","$","T","R","R","E","R","M","R","B",null,"M","M","?","M"],"character_chosen":"DEFECT","items_purchased":["Defragment","Panacea","Sweeping Beam"],"campfire_rested":2,"item_purchase_floors":[8,8,8],"current_hp_per_floor":[46,35,14,14,14,33,14,14,14,33,33,23,23,21,21,20,53,45,16,16,0],"gold":281,"neow_bonus":"TWO_FIFTY_GOLD","is_prod":false,"is_daily":false,"chose_seed":false,"campfire_upgraded":3,"win_rate":0,"timestamp":1543720984,"path_taken":["M","?","?","?","?","R","E","$","T","R","R","E","R","?","R","BOSS","M","M","?","?"],"build_version":"2018-11-15","purchased_purges":1,"victory":false,"max_hp_per_floor":[71,71,71,71,64,64,64,64,64,64,64,64,64,64,64,64,64,64,64,64,64],"card_choices":[{"not_picked":["Chill","Redo"],"picked":"Reinforced Body","floor":1},{"not_picked":["Leap","Scrape"],"picked":"Loop","floor":7},{"not_picked":["Reboot","Hello World"],"picked":"Compile Driver","floor":12},{"not_picked":["Streamline","Fusion"],"picked":"Coolheaded","floor":14},{"not_picked":["Rainbow","Reboot"],"picked":"Buffer","floor":16},{"not_picked":["Hologram","Barrage"],"picked":"Consume","floor":18},{"not_picked":["Steam","Rebound"],"picked":"Barrage","floor":19}],"player_experience":1219484,"relics_obtained":[{"floor":7,"key":"Cables"},{"floor":9,"key":"WingedGreaves"},{"floor":12,"key":"Bottled Tornado"}],"event_choices":[{"damage_healed":0,"gold_gain":0,"player_choice":"Success","damage_taken":11,"relics_obtained":["Art of War"],"max_hp_gain":0,"max_hp_loss":0,"event_name":"Scrap Ooze","floor":2,"gold_loss":0},{"damage_healed":0,"gold_gain":0,"player_choice":"Entered Light","damage_taken":21,"max_hp_gain":0,"max_hp_loss":0,"event_name":"Shining Light","floor":3,"gold_loss":0,"cards_upgraded":["Strike_B","Reinforced Body"]},{"damage_healed":0,"gold_gain":0,"player_choice":"Grow","damage_taken":0,"max_hp_gain":0,"max_hp_loss":0,"event_name":"Living Wall","floor":4,"gold_loss":0,"cards_upgraded":["Zap"]},{"damage_healed":0,"gold_gain":0,"player_choice":"Lose Max HP","damage_taken":0,"relics_obtained":["Golden Idol"],"max_hp_gain":0,"max_hp_loss":7,"event_name":"Golden Idol","floor":5,"gold_loss":0},{"damage_healed":0,"gold_gain":0,"player_choice":"Copied","damage_taken":0,"max_hp_gain":0,"max_hp_loss":0,"event_name":"Duplicator","floor":20,"gold_loss":0,"cards_obtained":["Coolheaded"]}],"is_beta":false,"boss_relics":[{"not_picked":["Calling Bell","Snecko Eye"],"picked":"Inserter"}],"items_purged_floors":[8],"is_endless":false,"potions_floor_spawned":[1,14,16,18],"killed_by":"Snake Plant","ascension_level":20}