{"gold_per_floor":[118,133,150,6,6,6,34,34,34,34,34,34,64,14,14,115,115,130,130,147,147,172,172,42,53,53,53,53,71,84,94,94,193,193,213,213,233,249,51,51,82,82,82,82,92,92,109,127,127,127],"floor_reached":51,"playtime":1241,"items_purged":["Strike_R"],"score":710,"play_id":"757dbb60-2861-4a95-9bb4-8d699beb7bff","local_time":"20180821192642","is_ascension_mode":false,"campfire_choices":[{"data":"Whirlwind","floor":6,"key":"SMITH"},{"data":"Clash","floor":8,"key":"SMITH"},{"data":"1","floor":11,"key":"LIFT"},{"data":"2","floor":15,"key":"LIFT"},{"data":"3","floor":23,"key":"LIFT"},{"data":"Inflame","floor":28,"key":"SMITH"},{"floor":32,"key":"REST"},{"floor":40,"key":"REST"},{"floor":44,"key":"REST"},{"floor":46,"key":"REST"},{"floor":49,"key":"REST"}],"neow_cost":"NONE","seed_source_timestamp":108411952794973,"circlet_count":0,"master_deck":["Strike_R","Strike_R","Defend_R","Defend_R","Defend_R","Defend_R","Bash+1","Cleave","Clash+1","Shrug It Off","Whirlwind+1","Disarm","Dramatic Entrance","Bash+1","Clash","Offering","Clothesline+1","Thunderclap","Intimidate+1","Clash","Inflame+1","Inflame+1","Thunderclap","Warcry","Double Tap","Flex+1","Madness","Madness","Warcry+1","Reaper","True Grit+1","Panache","Bloodletting+1","Clash"],"relics":["Burning Blood","Letter Opener","Girya","Potion Belt","Runic Dome","Red Mask","Art of War","Question Card","Mark of Pain","Frozen Eye","Dodecahedron","Ornamental Fan"],"potions_floor_usage":[13,33,33,41,41,50,50,50,50],"damage_taken":[{"damage":6,"enemies":"Cultist","floor":1,"turns":3},{"damage":0,"enemies":"Small Slimes","floor":2,"turns":3},{"damage":7,"enemies":"2 Louse","floor":3,"turns":2},{"damage":21,"enemies":"Lagavulin","floor":7,"turns":6},{"damage":8,"enemies":"3 Sentries","floor":13,"turns":3},{"damage":42,"enemies":"Hexaghost","floor":16,"turns":6},{"damage":6,"enemies":"3 Byrds","floor":18,"turns":3},{"damage":17,"enemies":"Spheric Guardian","floor":20,"turns":4},{"damage":6,"floor":22,"turns":1},{"damage":13,"enemies":"Centurion and Healer","floor":25,"turns":3},{"damage":0,"enemies":"3 Cultists","floor":29,"turns":3},{"damage":5,"enemies":"Snake Plant","floor":30,"turns":2},{"damage":12,"enemies":"Chosen and Byrds","floor":31,"turns":2},{"damage":60,"enemies":"Automaton","floor":33,"turns":7},{"damage":13,"enemies":"Orb Walker","floor":35,"turns":3},{"damage":15,"enemies":"Flame Bruiser 1 Orb","floor":37,"turns":5},{"damage":18,"enemies":"Spire Growth","floor":38,"turns":3},{"damage":45,"enemies":"Nemesis","floor":41,"turns":3},{"damage":31,"enemies":"4 Shapes","floor":45,"turns":6},{"damage":32,"enemies":"Flame Bruiser 2 Orb","floor":47,"turns":3},{"damage":41,"enemies":"Maw","floor":48,"turns":6},{"damage":80,"enemies":"Donu and Deca","floor":50,"turns":7}],"seed_played":"6454589593187780620","potions_obtained":[{"floor":7,"key":"SpeedPotion"},{"floor":13,"key":"Explosive Potion"},{"floor":16,"key":"Ancient Potion"},{"floor":18,"key":"BloodPotion"},{"floor":20,"key":"SpeedPotion"},{"floor":31,"key":"GamblersBrew"},{"floor":33,"key":"Dexterity Potion"},{"floor":35,"key":"AttackPotion"},{"floor":45,"key":"BloodPotion"}],"is_trial":false,"path_per_floor":["M","M","M","$","$","R","E","R","T","?","R","?","E","?","R","B",null,"M","?","M","?","?","R","$","M","T","?","R","M","M","M","R","B",null,"M","?","M","M","$","R","E","?","T","R","M","R","M","M","R","B"],"character_chosen":"IRONCLAD","items_purchased":["Whirlwind","Clash","Inflame","Frozen Eye"],"campfire_rested":5,"item_purchase_floors":[4,24,24,39],"current_hp_per_floor":[80,80,79,79,79,79,64,64,64,64,64,64,62,62,62,26,80,80,65,54,54,54,54,54,47,47,47,47,53,54,48,73,27,85,78,67,58,46,46,71,32,32,32,57,58,83,57,36,61,9],"gold":127,"neow_bonus":"UPGRADE_CARD","is_prod":false,"is_daily":false,"chose_seed":false,"campfire_upgraded":3,"win_rate":0,"timestamp":1534894002,"path_taken":["M","M","M","?","$","R","E","R","T","?","R","?","E","?","R","BOSS","M","?","M","?","?","R","$","M","T","?","R","M","M","M","R","BOSS","M","?","M","M","$","R","E","?","T","R","M","R","M","M","R","BOSS"],"build_version":"2018-08-16","purchased_purges":1,"victory":true,"max_hp_per_floor":[80,80,80,80,80,80,80,80,80,80,80,80,80,80,80,80,80,80,85,85,85,85,85,85,85,85,85,85,85,85,85,85,85,85,85,85,85,85,85,85,85,85,85,85,85,85,85,85,85,85],"card_choices":[{"not_picked":["True Grit","Sword Boomerang"],"picked":"Cleave","floor":1},{"not_picked":["Pommel Strike","Armaments"],"picked":"Clash","floor":2},{"not_picked":["Metallicize","Body Slam"],"picked":"Shrug It Off","floor":3},{"not_picked":["True Grit","Heavy Blade"],"picked":"Disarm","floor":7},{"not_picked":["Searing Blow","Armaments"],"picked":"Clash","floor":13},{"not_picked":["Impervious","Barricade"],"picked":"Offering","floor":16},{"not_picked":["Metallicize","Dropkick"],"picked":"Clothesline+1","floor":18},{"not_picked":["Sword Boomerang","Perfected Strike+1"],"picked":"Thunderclap","floor":20},{"not_picked":["Cleave+1","Pommel Strike"],"picked":"Intimidate+1","floor":22},{"not_picked":["Iron Wave","Heavy Blade","Combust"],"picked":"SKIP","floor":25},{"not_picked":["Dropkick","Sword Boomerang+1","Anger"],"picked":"Inflame+1","floor":29},{"not_picked":["Pommel Strike","Havoc","Anger+1"],"picked":"Thunderclap","floor":30},{"not_picked":["Bloodletting","Perfected Strike+1","Burning Pact+1"],"picked":"Warcry","floor":31},{"not_picked":["Reaper","Exhume","Dark Embrace"],"picked":"Double Tap","floor":33},{"not_picked":["Pommel Strike","Twin Strike+1","Havoc+1"],"picked":"Flex+1","floor":35},{"not_picked":["Wild Strike","Body Slam+1","Anger"],"picked":"Warcry+1","floor":37},{"not_picked":["Reckless Charge","Sentinel+1","True Grit+1"],"picked":"Reaper","floor":38},{"not_picked":["Heavy Blade","Juggernaut","Rupture+1"],"picked":"True Grit+1","floor":41},{"not_picked":["HandOfGreed","Deep Breath","Violence"],"picked":"Panache","floor":42},{"not_picked":["Power Through","Twin Strike","Iron Wave+1"],"picked":"Bloodletting+1","floor":45},{"not_picked":["Whirlwind","Hemokinesis+1","Battle Trance+1"],"picked":"Clash","floor":47},{"not_picked":["Iron Wave","Armaments","Uppercut+1","Body Slam"],"picked":"SKIP","floor":48}],"player_experience":530180,"relics_obtained":[{"floor":7,"key":"Letter Opener"},{"floor":9,"key":"Girya"},{"floor":13,"key":"Potion Belt"},{"floor":22,"key":"Red Mask"},{"floor":26,"key":"Art of War"},{"floor":41,"key":"Dodecahedron"},{"floor":43,"key":"Ornamental Fan"}],"event_choices":[{"event_name":"Purifier","player_choice":"One Purge","floor":10,"damage_taken":0},{"event_name":"Match and Keep!","player_choice":"2 cards matched","floor":12,"damage_taken":0},{"event_name":"The Cleric","player_choice":"Card Removal","floor":14,"damage_taken":0},{"event_name":"Forgotten Altar","player_choice":"Shed Blood","floor":19,"damage_taken":0},{"event_name":"Upgrade Shrine","player_choice":"Upgraded","floor":21,"damage_taken":0},{"event_name":"Masked Bandits","player_choice":"Fought Bandits","floor":22,"damage_taken":0},{"event_name":"The Mausoleum","player_choice":"Yes","floor":27,"damage_taken":0},{"event_name":"Winding Halls","player_choice":"Embrace Madness","floor":36,"damage_taken":0},{"event_name":"SensoryStone","player_choice":"Memory 1","floor":42,"damage_taken":0}],"is_beta":false,"boss_relics":[{"not_picked":["White Beast Statue","Empty Cage"],"picked":"Runic Dome"},{"not_picked":["Snecko Eye","Eternal Feather"],"picked":"Mark of Pain"}],"items_purged_floors":[4],"is_endless":false,"potions_floor_spawned":[7,13,16,18,20,31,33,35,38,45],"ascension_level":0}