{"gold_per_floor":[112,26,26,37,53,80,80,111,111,111,125,125,151,164,164,242,242,254,268,169,169,219,248,248,248,248,248,0,34,46,46,46,119,119,132,132,142,157,172,172,207,207,261,292,292,311,361,371,371,371,371,371,371,61,61],"floor_reached":55,"playtime":2929,"items_purged":["Strike_R","Writhe"],"score":2041,"play_id":"0deac089-9baf-4fd4-a957-35a3278d8336","local_time":"20181214191008","is_ascension_mode":true,"campfire_choices":[{"data":"Bash","floor":7,"key":"SMITH"},{"floor":12,"key":"REST"},{"data":"Inflame","floor":15,"key":"SMITH"},{"data":"Corruption","floor":24,"key":"SMITH"},{"data":"Feed","floor":27,"key":"SMITH"},{"floor":32,"key":"REST"},{"data":"Armaments","floor":40,"key":"SMITH"},{"floor":42,"key":"RECALL"},{"data":"Limit Break","floor":45,"key":"SMITH"},{"data":"True Grit","floor":49,"key":"SMITH"},{"data":"Dark Shackles","floor":53,"key":"SMITH"}],"neow_cost":"NONE","seed_source_timestamp":156927675360131,"circlet_count":0,"master_deck":["AscendersBane","Strike_R+1","Strike_R+1","Strike_R+1","Strike_R+1","Defend_R+1","Defend_R+1","Defend_R+1","Defend_R+1","Bash+1","Corruption+1","Combust+1","Inflame","Anger","Inflame+1","Reaper","Sword Boomerang","Headbutt","Feed+1","Shockwave","Cleave+1","Shrug It Off","Uppercut+1","Armaments+1","Pommel Strike+1","True Grit+1","Limit Break+1","Whirlwind+1","Secret Technique","Discovery","Dark Shackles+1","Shrug It Off+1","Feel No Pain","Reaper+1","True Grit+1","Armaments+1","Dark Shackles"],"relics":["Burning Blood","PreservedInsect","Matryoshka","Centennial Puzzle","Orichalcum","Bag of Marbles","Sozu","Pantograph","Molten Egg 2","Enchiridion","Art of War","Regal Pillow","Strange Spoon","Lantern","Philosopher\u0027s Stone","Smiling Mask","Bottled Tornado","Vajra"],"potions_floor_usage":[6,23,29],"damage_taken":[{"damage":14,"enemies":"Jaw Worm","floor":1,"turns":4},{"damage":5,"enemies":"Cultist","floor":4,"turns":4},{"damage":18,"enemies":"2 Louse","floor":5,"turns":4},{"damage":27,"enemies":"Lagavulin","floor":6,"turns":6},{"damage":11,"enemies":"Gremlin Nob","floor":8,"turns":3},{"damage":24,"enemies":"Large Slime","floor":11,"turns":6},{"damage":16,"enemies":"3 Sentries","floor":13,"turns":4},{"damage":9,"enemies":"3 Louse","floor":14,"turns":3},{"damage":5,"enemies":"Slime Boss","floor":16,"turns":6},{"damage":29,"enemies":"3 Byrds","floor":18,"turns":5},{"damage":18,"enemies":"2 Thieves","floor":19,"turns":4},{"damage":16,"enemies":"Slavers","floor":23,"turns":3},{"damage":48,"enemies":"Gremlin Leader","floor":29,"turns":7},{"damage":28,"enemies":"Shelled Parasite and Fungi","floor":30,"turns":4},{"damage":58,"enemies":"Champ","floor":33,"turns":12},{"damage":6,"enemies":"3 Shapes","floor":35,"turns":6},{"damage":0,"enemies":"3 Darklings","floor":37,"turns":1},{"damage":21,"enemies":"Maw","floor":38,"turns":8},{"damage":25,"enemies":"Writhing Mass","floor":39,"turns":9},{"damage":59,"enemies":"Giant Head","floor":41,"turns":6},{"damage":39,"enemies":"Nemesis","floor":44,"turns":5},{"damage":3,"enemies":"Transient","floor":46,"turns":6},{"damage":54,"enemies":"Jaw Worm Horde","floor":48,"turns":6},{"damage":70,"enemies":"Donu and Deca","floor":50,"turns":9},{"damage":122,"enemies":"Awakened One","floor":51,"turns":11},{"damage":113,"enemies":"Shield and Spear","floor":55,"turns":6}],"seed_played":"5187105239831839119","potions_obtained":[{"floor":1,"key":"EssenceOfSteel"},{"floor":11,"key":"Swift Potion"},{"floor":13,"key":"GamblersBrew"},{"floor":16,"key":"Fire Potion"}],"is_trial":false,"path_per_floor":["M","$","?","M","M","E","R","E","T","?","M","R","E","M","R","B",null,"M","M","$","?","?","E","R","?","T","R","$","E","M","?","R","B",null,"M","?","M","M","M","R","E","R","T","E","R","M","?","M","R","B","B",null,"R","$","E"],"character_chosen":"IRONCLAD","items_purchased":["Combust","Shrug It Off","Strange Spoon","Armaments","Vajra","Dark Shackles"],"campfire_rested":2,"item_purchase_floors":[2,20,28,28,54,54],"current_hp_per_floor":[67,67,67,68,56,35,35,30,30,30,19,43,57,66,66,82,82,72,73,73,73,73,88,88,67,67,67,67,30,28,28,70,54,86,100,90,96,104,89,89,106,106,106,108,108,108,98,107,107,83,62,103,103,103,0],"gold":61,"neow_bonus":"TEN_PERCENT_HP_BONUS","is_prod":false,"is_daily":false,"chose_seed":false,"campfire_upgraded":8,"win_rate":0,"timestamp":1544832608,"path_taken":["M","$","?","?","M","E","R","E","T","?","M","R","E","M","R","BOSS","M","M","$","?","?","E","R","?","T","R","?","E","?","?","R","BOSS","M","?","M","M","M","R","E","R","T","E","R","M","?","?","R","BOSS","BOSS","R","$","E"],"build_version":"2018-12-13","purchased_purges":2,"victory":false,"max_hp_per_floor":[82,82,82,82,82,82,82,82,82,82,82,82,82,82,82,82,82,82,85,85,85,85,88,88,88,88,88,88,88,92,92,92,96,96,100,100,100,104,108,108,108,108,108,108,108,108,108,112,112,112,116,116,116,116,116],"card_choices":[{"not_picked":["Headbutt","Rage"],"picked":"Corruption","floor":1},{"not_picked":["Clash","Headbutt"],"picked":"Inflame","floor":4},{"not_picked":["Warcry","Pummel"],"picked":"Anger","floor":5},{"not_picked":["Thunderclap","Twin Strike"],"picked":"Inflame","floor":6},{"not_picked":["Sentinel","Flame Barrier"],"picked":"Reaper","floor":8},{"not_picked":["Seeing Red","Flex","Clash"],"picked":"SKIP","floor":11},{"not_picked":["Blood for Blood","Perfected Strike"],"picked":"Sword Boomerang","floor":13},{"not_picked":["Thunderclap","Barricade"],"picked":"Headbutt","floor":14},{"not_picked":["Brutality","Barricade"],"picked":"Feed","floor":16},{"not_picked":["Sword Boomerang","Twin Strike"],"picked":"Shockwave","floor":18},{"not_picked":["Clash","Warcry"],"picked":"Cleave+1","floor":19},{"not_picked":["Perfected Strike","Headbutt"],"picked":"Uppercut+1","floor":23},{"not_picked":["Clothesline+1","Flex"],"picked":"Pommel Strike+1","floor":29},{"not_picked":["Clothesline+1","Perfected Strike+1"],"picked":"True Grit","floor":30},{"not_picked":["Immolate+1","Reaper+1"],"picked":"Limit Break","floor":33},{"not_picked":["Thunderclap+1","Havoc"],"picked":"Whirlwind+1","floor":35},{"not_picked":["Finesse","Madness"],"picked":"Secret Technique","floor":36},{"not_picked":["Mayhem","Swift Strike+1"],"picked":"Discovery","floor":36},{"not_picked":["Deep Breath","Mind Blast+1"],"picked":"Dark Shackles","floor":36},{"not_picked":["Hemokinesis+1","Cleave+1"],"picked":"Shrug It Off+1","floor":37},{"not_picked":["Armaments","Perfected Strike+1","Clothesline+1"],"picked":"SKIP","floor":38},{"not_picked":["Sword Boomerang+1","Evolve"],"picked":"Feel No Pain","floor":39},{"not_picked":["Burning Pact+1","Rupture"],"picked":"Reaper+1","floor":41},{"not_picked":["Headbutt+1","Heavy Blade+1"],"picked":"True Grit+1","floor":44},{"not_picked":["Evolve","Intimidate"],"picked":"Armaments+1","floor":46},{"not_picked":["Clothesline+1","Thunderclap+1","Spot Weakness"],"picked":"SKIP","floor":48}],"player_experience":1278433,"relics_obtained":[{"floor":6,"key":"PreservedInsect"},{"floor":8,"key":"Matryoshka"},{"floor":9,"key":"Centennial Puzzle"},{"floor":9,"key":"Orichalcum"},{"floor":13,"key":"Bag of Marbles"},{"floor":23,"key":"Molten Egg 2"},{"floor":25,"key":"Enchiridion"},{"floor":26,"key":"Art of War"},{"floor":26,"key":"Regal Pillow"},{"floor":29,"key":"Lantern"},{"floor":41,"key":"Smiling Mask"},{"floor":44,"key":"Bottled Tornado"}],"event_choices":[{"damage_healed":0,"gold_gain":0,"player_choice":"Forge","damage_taken":0,"max_hp_gain":0,"max_hp_loss":0,"event_name":"Accursed Blacksmith","floor":3,"gold_loss":0,"cards_upgraded":["Combust"]},{"damage_healed":0,"gold_gain":0,"player_choice":"Ignored","damage_taken":0,"max_hp_gain":0,"max_hp_loss":0,"event_name":"Liars Game","floor":10,"gold_loss":0},{"damage_healed":0,"gold_gain":0,"player_choice":"Opened","damage_taken":0,"relics_obtained":["Pantograph"],"max_hp_gain":0,"max_hp_loss":0,"event_name":"The Mausoleum","floor":21,"gold_loss":0,"cards_obtained":["Writhe"]},{"damage_healed":0,"gold_gain":50,"player_choice":"Stole From Cult","damage_taken":0,"max_hp_gain":0,"max_hp_loss":0,"event_name":"Nest","floor":22,"gold_loss":0},{"damage_healed":0,"gold_gain":0,"player_choice":"Obtained Book","damage_taken":21,"max_hp_gain":0,"max_hp_loss":0,"event_name":"Cursed Tome","floor":25,"gold_loss":0},{"damage_healed":0,"gold_gain":0,"player_choice":"Simplicity","damage_taken":0,"max_hp_gain":0,"max_hp_loss":0,"event_name":"Back to Basics","floor":31,"gold_loss":0,"cards_upgraded":["Strike_R","Strike_R","Strike_R","Strike_R","Defend_R","Defend_R","Defend_R","Defend_R"]},{"damage_healed":0,"gold_gain":0,"player_choice":"Memory 3","damage_taken":10,"max_hp_gain":0,"max_hp_loss":0,"event_name":"SensoryStone","floor":36,"gold_loss":0},{"damage_healed":0,"gold_gain":50,"player_choice":"Touch","damage_taken":10,"max_hp_gain":0,"max_hp_loss":0,"event_name":"FaceTrader","floor":47,"gold_loss":0}],"is_beta":false,"boss_relics":[{"not_picked":["Black Blood","Runic Cube"],"picked":"Sozu"},{"not_picked":["Runic Dome","Tiny House"],"picked":"Philosopher\u0027s Stone"}],"items_purged_floors":[20,54],"is_endless":false,"potions_floor_spawned":[1,11,13,14,16,19,35,38,39,46],"killed_by":"Shield and Spear","ascension_level":20}