{"gold_per_floor":[116,127,127,52,63,63,79,110,136,36,36,36,36,52,52,52],"floor_reached":16,"playtime":2096,"items_purged":["Strike_R","Strike_R"],"score":190,"play_id":"018b0522-d427-4af5-928a-f7190811a7cc","local_time":"20190721212655","is_ascension_mode":true,"campfire_choices":[{"data":"True Grit","floor":6,"key":"SMITH"},{"data":"Shrug It Off","floor":11,"key":"SMITH"},{"floor":15,"key":"REST"}],"neow_cost":"NONE","seed_source_timestamp":5245204379631,"circlet_count":0,"master_deck":["AscendersBane","Strike_R","Strike_R","Defend_R","Defend_R","Defend_R","Defend_R","Bash","Shrug It Off+1","Twin Strike","Headbutt","True Grit+1","Battle Trance","Ghostly Armor"],"relics":["Burning Blood","Lantern","Bronze Scales","Omamori","Bottled Lightning"],"potions_floor_usage":[8,16],"damage_taken":[{"damage":4,"enemies":"Jaw Worm","floor":1,"turns":5},{"damage":5,"enemies":"2 Louse","floor":2,"turns":3},{"damage":7,"enemies":"Small Slimes","floor":5,"turns":4},{"damage":3,"enemies":"Blue Slaver","floor":7,"turns":6},{"damage":29,"enemies":"3 Sentries","floor":8,"turns":10},{"damage":3,"enemies":"Large Slime","floor":14,"turns":6},{"damage":69,"enemies":"Slime Boss","floor":16,"turns":10}],"seed_played":"4931218956061145405","potions_obtained":[{"floor":2,"key":"Fire Potion"},{"floor":8,"key":"Fire Potion"}],"is_trial":false,"path_per_floor":["M","M","?","$","M","R","M","E","T","$","R","T","?","M","R","B"],"character_chosen":"IRONCLAD","items_purchased":[],"campfire_rested":1,"item_purchase_floors":[],"current_hp_per_floor":[70,71,60,60,59,59,62,39,39,39,39,39,39,42,64,0],"gold":52,"neow_bonus":"THREE_CARDS","is_prod":false,"is_daily":false,"chose_seed":false,"campfire_upgraded":2,"win_rate":0,"timestamp":1563758815,"path_taken":["M","M","?","$","M","R","M","E","T","$","R","?","?","M","R","BOSS"],"build_version":"2019-07-17","purchased_purges":2,"victory":false,"max_hp_per_floor":[75,75,75,75,75,75,75,75,75,75,75,75,75,75,75,75],"card_choices":[{"not_picked":["Wild Strike","Intimidate"],"picked":"Shrug It Off","floor":0},{"not_picked":["Flex","Reckless Charge"],"picked":"Twin Strike","floor":1},{"not_picked":["Clash","Evolve"],"picked":"Headbutt","floor":2},{"not_picked":["Hemokinesis","Armaments"],"picked":"True Grit","floor":5},{"not_picked":["Clash","Exhume","Corruption"],"picked":"SKIP","floor":7},{"not_picked":["Cleave","Pommel Strike"],"picked":"Battle Trance","floor":8},{"not_picked":["Headbutt","Rupture","Perfected Strike"],"picked":"SKIP","floor":14}],"player_experience":577361,"relics_obtained":[{"floor":8,"key":"Bronze Scales"},{"floor":9,"key":"Omamori"},{"floor":12,"key":"Bottled Lightning"}],"event_choices":[{"damage_healed":0,"gold_gain":0,"player_choice":"Success","damage_taken":11,"relics_obtained":["Lantern"],"max_hp_gain":0,"max_hp_loss":0,"event_name":"Scrap Ooze","floor":3,"gold_loss":0},{"damage_healed":0,"gold_gain":0,"cards_transformed":["Strike_R"],"player_choice":"Change","damage_taken":0,"max_hp_gain":0,"max_hp_loss":0,"event_name":"Living Wall","floor":13,"gold_loss":0,"cards_obtained":["Ghostly Armor"]}],"is_beta":false,"boss_relics":[],"items_purged_floors":[4,10],"is_endless":false,"potions_floor_spawned":[2,8],"killed_by":"Slime Boss","ascension_level":18}