{"gold_per_floor":[112,262,262,262,278,311,311,342,368,368,368,378,378,406,406,406],"floor_reached":16,"playtime":477,"items_purged":[],"score":282,"play_id":"10629716-92e9-4a3e-a3f6-88fd5bb3a223","local_time":"20190531172747","is_ascension_mode":true,"campfire_choices":[{"data":"Bash","floor":7,"key":"SMITH"},{"data":"Inflame","floor":10,"key":"SMITH"},{"data":"Clothesline","floor":15,"key":"SMITH"}],"neow_cost":"NONE","seed_source_timestamp":79922981853513,"circlet_count":0,"master_deck":["AscendersBane","Strike_R+1","Strike_R","Strike_R","Strike_R","Strike_R","Defend_R+1","Defend_R","Defend_R","Defend_R","Bash+1","Shrug It Off","Pain","Perfected Strike","Flame Barrier","Inflame+1","Clothesline+1"],"relics":["Burning Blood","NeowsBlessing","WarpedTongs","Bag of Preparation","Meat on the Bone","PreservedInsect","Ancient Tea Set"],"potions_floor_usage":[8,14,16],"damage_taken":[{"damage":0,"enemies":"Small Slimes","floor":1,"turns":2},{"damage":0,"enemies":"2 Louse","floor":5,"turns":1},{"damage":0,"enemies":"3 Sentries","floor":6,"turns":1},{"damage":14,"enemies":"Lagavulin","floor":8,"turns":6},{"damage":0,"enemies":"Cultist","floor":12,"turns":2},{"damage":7,"enemies":"3 Sentries","floor":14,"turns":5},{"damage":56,"enemies":"Hexaghost","floor":16,"turns":10}],"seed_played":"4574339118620814756","potions_obtained":[{"floor":1,"key":"Fire Potion"},{"floor":6,"key":"SkillPotion"},{"floor":12,"key":"Fire Potion"},{"floor":14,"key":"Ancient Potion"}],"is_trial":false,"path_per_floor":["M","?","?","?","M","E","R","E","T","R","?","M","?","E","R","B"],"character_chosen":"IRONCLAD","items_purchased":[],"campfire_rested":0,"item_purchase_floors":[],"current_hp_per_floor":[74,74,67,67,73,75,75,67,67,67,72,78,54,53,53,0],"gold":406,"neow_bonus":"THREE_ENEMY_KILL","is_prod":false,"is_daily":false,"chose_seed":false,"campfire_upgraded":3,"win_rate":0,"timestamp":1559338067,"path_taken":["M","?","?","?","?","E","R","E","T","R","?","M","?","E","R","BOSS"],"build_version":"2019-01-23","purchased_purges":0,"victory":false,"max_hp_per_floor":[75,75,75,75,75,75,75,75,75,75,80,80,80,80,80,80],"card_choices":[{"not_picked":["Fire Breathing","Sword Boomerang"],"picked":"Shrug It Off","floor":1},{"not_picked":["Power Through","Warcry"],"picked":"Perfected Strike","floor":5},{"not_picked":["Entrench","Shrug It Off"],"picked":"Flame Barrier","floor":6},{"not_picked":["Dark Embrace","Carnage"],"picked":"Inflame","floor":8},{"not_picked":["Searing Blow","Heavy Blade"],"picked":"Clothesline","floor":12},{"not_picked":["Sentinel","Heavy Blade","Dual Wield"],"picked":"SKIP","floor":14}],"player_experience":1442395,"relics_obtained":[{"floor":6,"key":"Bag of Preparation"},{"floor":8,"key":"Meat on the Bone"},{"floor":9,"key":"PreservedInsect"},{"floor":14,"key":"Ancient Tea Set"}],"event_choices":[{"damage_healed":0,"gold_gain":150,"player_choice":"AGREE","damage_taken":0,"max_hp_gain":0,"max_hp_loss":0,"event_name":"Liars Game","floor":2,"gold_loss":0,"cards_obtained":["Doubt"]},{"cards_removed":["Doubt"],"damage_healed":0,"gold_gain":0,"player_choice":"Card Removal","damage_taken":7,"max_hp_gain":0,"max_hp_loss":0,"event_name":"Golden Wing","floor":3,"gold_loss":0},{"damage_healed":0,"gold_gain":0,"player_choice":"Rummage","damage_taken":0,"relics_obtained":["WarpedTongs"],"max_hp_gain":0,"max_hp_loss":0,"event_name":"Accursed Blacksmith","floor":4,"gold_loss":0,"cards_obtained":["Pain"]},{"damage_healed":0,"gold_gain":0,"player_choice":"Donut","damage_taken":0,"max_hp_gain":5,"max_hp_loss":0,"event_name":"Big Fish","floor":11,"gold_loss":0},{"damage_healed":0,"gold_gain":0,"player_choice":"Entered Light","damage_taken":24,"max_hp_gain":0,"max_hp_loss":0,"event_name":"Shining Light","floor":13,"gold_loss":0,"cards_upgraded":["Defend_R","Strike_R"]}],"is_beta":false,"boss_relics":[],"items_purged_floors":[],"is_endless":false,"potions_floor_spawned":[1,6,12,14],"killed_by":"Hexaghost","ascension_level":20}