{"gold_per_floor":[112,123,139,139,149,149,179,179,179,179,198,25,40,73,73,73],"floor_reached":16,"playtime":499,"items_purged":[],"score":224,"play_id":"a4fdf524-93ce-45f6-bd10-abbc538d420e","local_time":"20181024212136","is_ascension_mode":true,"campfire_choices":[{"data":"Neutralize","floor":6,"key":"SMITH"},{"data":"Bullet Time","floor":8,"key":"SMITH"},{"data":"Deadly Poison","floor":10,"key":"SMITH"},{"data":"Caltrops","floor":15,"key":"SMITH"}],"neow_cost":"NONE","seed_source_timestamp":522957441674887,"circlet_count":0,"master_deck":["Defend_G","Defend_G","Defend_G","Defend_G","Defend_G","Strike_G","Strike_G","Strike_G","Strike_G+1","Strike_G+1","Survivor","Neutralize+1","AscendersBane","Slice","All Out Attack","Caltrops+1","Deadly Poison+1","Bullet Time+1","Cloak And Dagger","Poisoned Stab+1"],"relics":["Ring of the Snake","Snake Skull","Tough Bandages","The Specimen","Molten Egg 2","Bag of Preparation","Whetstone"],"potions_floor_usage":[7,14,16],"damage_taken":[{"damage":2,"enemies":"Cultist","floor":1,"turns":6},{"damage":4,"enemies":"2 Louse","floor":2,"turns":4},{"damage":4,"enemies":"Small Slimes","floor":3,"turns":3},{"damage":3,"enemies":"Blue Slaver","floor":5,"turns":6},{"damage":7,"enemies":"Lagavulin","floor":7,"turns":6},{"damage":4,"enemies":"3 Louse","floor":11,"turns":2},{"damage":1,"enemies":"Looter","floor":13,"turns":3},{"damage":8,"enemies":"Gremlin Nob","floor":14,"turns":4},{"damage":32,"enemies":"Slime Boss","floor":16,"turns":8}],"seed_played":"-8887846671206545449","potions_obtained":[{"floor":2,"key":"Weak Potion"},{"floor":5,"key":"SkillPotion"},{"floor":7,"key":"AttackPotion"},{"floor":11,"key":"GhostInAJar"}],"is_trial":false,"path_per_floor":["M","M","M","T","M","R","E","R","T","R","M","$","M","E","R"],"character_chosen":"THE_SILENT","items_purchased":["Bag of Preparation"],"campfire_rested":0,"item_purchase_floors":[12],"current_hp_per_floor":[57,53,49,49,46,46,39,39,39,39,35,35,34,26,26,0],"gold":73,"neow_bonus":"RANDOM_COMMON_RELIC","is_prod":false,"is_daily":false,"chose_seed":false,"campfire_upgraded":4,"win_rate":0,"timestamp":1540430496,"path_taken":["M","M","?","?","M","R","E","R","T","R","M","$","M","E","R","BOSS"],"build_version":"2018-10-18","purchased_purges":0,"victory":false,"max_hp_per_floor":[66,66,66,66,66,66,66,66,66,66,66,66,66,66,66,66],"card_choices":[{"not_picked":["Dodge and Roll","Acrobatics"],"picked":"Slice","floor":1},{"not_picked":["Flying Knee","Dagger Spray"],"picked":"All Out Attack","floor":2},{"not_picked":["Catalyst","Deflect"],"picked":"Caltrops","floor":3},{"not_picked":["Caltrops","Underhanded Strike"],"picked":"Deadly Poison","floor":5},{"not_picked":["Caltrops","Sucker Punch"],"picked":"Bullet Time","floor":7},{"not_picked":["Eviscerate+1","Reflex","Underhanded Strike+1"],"picked":"SKIP","floor":11},{"not_picked":["Underhanded Strike+1","Dagger Spray+1"],"picked":"Cloak And Dagger","floor":13},{"not_picked":["Expertise","Escape Plan"],"picked":"Poisoned Stab+1","floor":14}],"player_experience":973676,"relics_obtained":[{"floor":4,"key":"Tough Bandages"},{"floor":7,"key":"The Specimen"},{"floor":9,"key":"Molten Egg 2"},{"floor":14,"key":"Whetstone"}],"event_choices":[],"is_beta":false,"boss_relics":[],"items_purged_floors":[],"is_endless":false,"potions_floor_spawned":[2,5,7,11,13],"killed_by":"Slime Boss","ascension_level":20}