{"gold_per_floor":[110,210,221,221,100,100,23,53,53,80,96,109,109,122,122,227,227,244,63,63,74,85,85,85],"floor_reached":24,"playtime":1444,"items_purged":["Strike_B","Strike_B"],"score":358,"play_id":"3041cdeb-0c67-4ca7-854c-12d3cd3a8709","local_time":"20190514081714","is_ascension_mode":true,"campfire_choices":[{"data":"Zap","floor":6,"key":"SMITH"},{"data":"Doom and Gloom","floor":13,"key":"SMITH"},{"data":"Redo","floor":15,"key":"SMITH"},{"data":"Dualcast","floor":23,"key":"SMITH"}],"neow_cost":"NONE","seed_source_timestamp":2257582742133,"circlet_count":0,"master_deck":["AscendersBane","Strike_B","Strike_B","Defend_B","Defend_B","Defend_B","Defend_B","Zap+1","Dualcast+1","Conserve Battery","Streamline","Ball Lightning","Doom and Gloom+1","Multi-Cast","Glacier","Redo+1","Reinforced Body","Machine Learning","Self Repair","Loop","Steam+1"],"relics":["Cracked Core","NeowsBlessing","Sundial","Centennial Puzzle","Kunai","Bronze Scales","Philosopher\u0027s Stone"],"potions_floor_usage":[8,14,16,16,18,24,24,24],"damage_taken":[{"damage":0,"enemies":"Cultist","floor":1,"turns":1},{"damage":0,"enemies":"2 Louse","floor":3,"turns":1},{"damage":0,"enemies":"Lagavulin","floor":8,"turns":1},{"damage":23,"enemies":"3 Sentries","floor":10,"turns":4},{"damage":0,"enemies":"Jaw Worm","floor":11,"turns":2},{"damage":11,"enemies":"Lots of Slimes","floor":12,"turns":2},{"damage":3,"enemies":"Large Slime","floor":14,"turns":3},{"damage":10,"enemies":"Slime Boss","floor":16,"turns":8},{"damage":7,"enemies":"2 Thieves","floor":18,"turns":3},{"damage":11,"enemies":"3 Byrds","floor":21,"turns":3},{"damage":14,"enemies":"Cultist and Chosen","floor":22,"turns":4},{"damage":53,"enemies":"Slavers","floor":24,"turns":3}],"seed_played":"-5520779548573509254","potions_obtained":[{"floor":3,"key":"Ancient Potion"},{"floor":8,"key":"Fruit Juice"},{"floor":10,"key":"AttackPotion"},{"floor":11,"key":"EntropicBrew"},{"floor":20,"key":"EntropicBrew"},{"floor":20,"key":"Swift Potion"}],"is_trial":false,"path_per_floor":["M","?","M","?","$","R","$","E","T","E","M","M","R","M","R","B",null,"M","$","?","M","M","R","E"],"character_chosen":"DEFECT","items_purchased":["Ball Lightning","Doom and Gloom","Loop"],"campfire_rested":0,"item_purchase_floors":[5,7,19],"current_hp_per_floor":[68,68,68,68,68,68,68,73,73,50,50,39,39,36,36,26,67,60,60,60,56,49,49,0],"gold":85,"neow_bonus":"THREE_ENEMY_KILL","is_prod":false,"is_daily":false,"chose_seed":false,"campfire_upgraded":4,"win_rate":0,"timestamp":1557836234,"path_taken":["M","?","?","?","$","R","?","E","T","E","M","M","R","M","R","BOSS","M","?","?","M","M","R","E"],"build_version":"2019-01-23","purchased_purges":2,"victory":false,"max_hp_per_floor":[75,75,75,75,75,75,75,80,80,80,80,80,80,80,80,80,80,80,80,80,80,80,80,80],"card_choices":[{"not_picked":["Sweeping Beam","Rebound"],"picked":"Conserve Battery","floor":1},{"not_picked":["Stack","Gash"],"picked":"Streamline","floor":3},{"not_picked":["Chaos","Beam Cell"],"picked":"Multi-Cast","floor":8},{"not_picked":["Go for the Eyes","Force Field"],"picked":"Glacier","floor":10},{"not_picked":["Turbo","Sweeping Beam","Cold Snap"],"picked":"SKIP","floor":11},{"not_picked":["Rebound","Stack"],"picked":"Redo","floor":12},{"not_picked":["Leap","FTL"],"picked":"Reinforced Body","floor":14},{"not_picked":["Buffer","Meteor Strike"],"picked":"Machine Learning","floor":16},{"not_picked":["Conserve Battery+1","BootSequence"],"picked":"Self Repair","floor":18},{"not_picked":["Cold Snap","FTL","Rebound"],"picked":"SKIP","floor":21},{"not_picked":["Chill","Aggregate"],"picked":"Steam+1","floor":22}],"player_experience":321392,"relics_obtained":[{"floor":8,"key":"Centennial Puzzle"},{"floor":9,"key":"Kunai"},{"floor":10,"key":"Bronze Scales"}],"event_choices":[{"damage_healed":0,"gold_gain":100,"player_choice":"Pray","damage_taken":0,"max_hp_gain":0,"max_hp_loss":0,"event_name":"Golden Shrine","floor":2,"gold_loss":0},{"damage_healed":0,"gold_gain":0,"player_choice":"Gave Potion","damage_taken":0,"relics_obtained":["Sundial"],"max_hp_gain":0,"max_hp_loss":0,"event_name":"WeMeetAgain","floor":4,"gold_loss":0},{"damage_healed":0,"gold_gain":0,"player_choice":"Got Potions","damage_taken":0,"max_hp_gain":0,"max_hp_loss":0,"event_name":"Lab","floor":20,"gold_loss":0}],"is_beta":false,"boss_relics":[{"not_picked":["Snecko Eye","Black Star"],"picked":"Philosopher\u0027s Stone"}],"items_purged_floors":[5,19],"is_endless":false,"potions_floor_spawned":[3,8,10,11,22],"killed_by":"Slavers","ascension_level":11}