{"gold_per_floor":[112,112,112,112,37,37,48,83,83,83,114,130,149,125,125,223,223,235,315,333,258,271,302,312,346,346,346,356,356],"floor_reached":29,"playtime":1836,"items_purged":["Regret"],"score":383,"play_id":"201fe828-6edb-4bac-8d92-74e3dfdbdc06","local_time":"20190721151907","is_ascension_mode":true,"campfire_choices":[{"data":"Clash","floor":6,"key":"SMITH"},{"data":"Defend_R","floor":10,"key":"PURGE"},{"floor":15,"key":"REST"},{"data":"Dual Wield","floor":27,"key":"SMITH"}],"neow_cost":"NONE","seed_source_timestamp":681230601759753,"circlet_count":0,"master_deck":["Bash+1","Clash+1","Thunderclap","Dual Wield+1","Pommel Strike","Battle Trance","Flex","Feed","True Grit","Double Tap","Clash","Feel No Pain+1","Hemokinesis","Intimidate","Combust+1","Flex","Flex"],"relics":["Burning Blood","Frozen Egg 2","Bottled Flame","Peace Pipe","Vajra","Pandora\u0027s Box","Matryoshka","Red Skull","Regal Pillow","Kunai","Happy Flower"],"potions_floor_usage":[22,23,23,23,28,29],"damage_taken":[{"damage":3,"enemies":"2 Louse","floor":1,"turns":3},{"damage":2,"enemies":"Small Slimes","floor":7,"turns":4},{"damage":25,"enemies":"3 Sentries","floor":8,"turns":7},{"damage":29,"enemies":"Lagavulin","floor":11,"turns":5},{"damage":2,"enemies":"Jaw Worm","floor":12,"turns":2},{"damage":8,"enemies":"Blue Slaver","floor":13,"turns":2},{"damage":8,"enemies":"Slime Boss","floor":16,"turns":6},{"damage":11,"enemies":"2 Thieves","floor":18,"turns":3},{"damage":0,"enemies":"Spheric Guardian","floor":20,"turns":2},{"damage":22,"enemies":"Snake Plant","floor":22,"turns":3},{"damage":49,"enemies":"Slavers","floor":23,"turns":4},{"damage":0,"enemies":"Sentry and Sphere","floor":24,"turns":3},{"damage":4,"enemies":"Gremlin Leader","floor":25,"turns":3},{"damage":38,"enemies":"Cultist and Chosen","floor":28,"turns":7},{"damage":41,"enemies":"Book of Stabbing","floor":29,"turns":3}],"seed_played":"7331393161699406392","potions_obtained":[{"floor":7,"key":"Swift Potion"},{"floor":8,"key":"Regen Potion"},{"floor":11,"key":"SkillPotion"},{"floor":13,"key":"Block Potion"},{"floor":22,"key":"GamblersBrew"},{"floor":24,"key":"Regen Potion"},{"floor":25,"key":"LiquidBronze"}],"is_trial":false,"path_per_floor":["M","?","?","T","$","R","M","E","T","R","E","M","M","$","R","B",null,"M","T","M","?","M","E","M","E","T","R","M","E"],"character_chosen":"IRONCLAD","items_purchased":["Flex"],"campfire_rested":1,"item_purchase_floors":[14],"current_hp_per_floor":[88,88,88,88,88,88,88,69,69,69,46,50,48,48,74,72,88,86,86,91,91,75,47,56,58,58,58,41,0],"gold":356,"neow_bonus":"TEN_PERCENT_HP_BONUS","is_prod":false,"is_daily":false,"chose_seed":false,"campfire_upgraded":2,"win_rate":0,"timestamp":1563715147,"path_taken":["M","?","?","?","$","R","M","E","T","R","E","M","M","?","R","BOSS","M","?","M","?","M","E","M","E","T","R","M","E"],"build_version":"2019-07-17","purchased_purges":1,"victory":false,"max_hp_per_floor":[88,88,88,88,88,88,88,88,88,88,88,88,88,88,88,88,88,91,91,91,91,91,94,97,97,97,97,97,97],"card_choices":[{"not_picked":["Pommel Strike","Clothesline"],"picked":"Clash","floor":1},{"not_picked":["Corruption+1","Burning Pact"],"picked":"Thunderclap","floor":7},{"not_picked":["Body Slam","Second Wind","Sword Boomerang"],"picked":"SKIP","floor":8},{"not_picked":["Twin Strike","Evolve+1"],"picked":"Dual Wield","floor":11},{"not_picked":["Anger","Reckless Charge"],"picked":"Pommel Strike","floor":12},{"not_picked":["Feel No Pain+1","True Grit"],"picked":"Battle Trance","floor":13},{"not_picked":["Barricade+1","Offering"],"picked":"Feed","floor":16},{"not_picked":["Warcry+1","Blood for Blood+1","Twin Strike+1"],"picked":"SKIP","floor":18},{"not_picked":["Heavy Blade","Wild Strike"],"picked":"Flex","floor":20},{"not_picked":["Rampage+1","Pommel Strike","Thunderclap+1"],"picked":"SKIP","floor":22},{"not_picked":["Limit Break","Evolve+1","Dual Wield"],"picked":"SKIP","floor":23},{"not_picked":["Warcry","Iron Wave+1","Anger"],"picked":"SKIP","floor":24},{"not_picked":["Perfected Strike+1","Clothesline","Feel No Pain+1"],"picked":"SKIP","floor":25},{"not_picked":["Headbutt","Perfected Strike"],"picked":"Flex","floor":28}],"player_experience":267482,"relics_obtained":[{"floor":4,"key":"Bottled Flame"},{"floor":8,"key":"Peace Pipe"},{"floor":11,"key":"Vajra"},{"floor":19,"key":"Matryoshka"},{"floor":23,"key":"Red Skull"},{"floor":25,"key":"Regal Pillow"},{"floor":26,"key":"Kunai"},{"floor":26,"key":"Happy Flower"}],"event_choices":[{"damage_healed":0,"gold_gain":0,"player_choice":"Grow","damage_taken":0,"max_hp_gain":0,"max_hp_loss":0,"event_name":"Living Wall","floor":2,"gold_loss":0,"cards_upgraded":["Bash"]},{"damage_healed":0,"gold_gain":0,"player_choice":"Box","damage_taken":0,"relics_obtained":["Frozen Egg 2"],"max_hp_gain":0,"max_hp_loss":0,"event_name":"Big Fish","floor":3,"gold_loss":0,"cards_obtained":["Regret"]},{"cards_removed":["Wild Strike"],"damage_healed":0,"gold_gain":0,"player_choice":"Gave Gold","damage_taken":0,"max_hp_gain":0,"max_hp_loss":0,"event_name":"Beggar","floor":21,"gold_loss":75}],"is_beta":false,"boss_relics":[{"not_picked":["Cursed Key","Sozu"],"picked":"Pandora\u0027s Box"}],"items_purged_floors":[5],"is_endless":false,"potions_floor_spawned":[7,8,11,13,22,24,25],"killed_by":"Book of Stabbing","ascension_level":4}