{"gold_per_floor":[115,129,129,146,146,146,174,174,244,277,277,337,337,347,347,420,420,431,431,39,49,62,89,89,118,118,118,144,144,160,185,185,261,261,276,1275,1275,294,294,294],"floor_reached":40,"playtime":1621,"items_purged":["Strike_B","Normality"],"score":1131,"play_id":"b4d9d037-c07c-40bf-b2f4-3efb99db1e01","local_time":"20190118182202","is_ascension_mode":true,"campfire_choices":[{"data":"Defragment","floor":6,"key":"SMITH"},{"data":"Zap","floor":8,"key":"SMITH"},{"floor":11,"key":"REST"},{"floor":13,"key":"REST"},{"data":"Creative AI","floor":15,"key":"SMITH"},{"floor":24,"key":"REST"},{"data":"Coolheaded","floor":27,"key":"SMITH"},{"floor":29,"key":"REST"},{"data":"Electrodynamics","floor":32,"key":"SMITH"}],"neow_cost":"NONE","seed_source_timestamp":184767816647517,"circlet_count":0,"master_deck":["AscendersBane","Strike_B","Defend_B","Defend_B","Defend_B","Defend_B","Zap+1","Dualcast","Cold Snap","Ball Lightning","Defragment+1","Coolheaded+1","Streamline+1","Cold Snap+1","Creative AI+1","Electrodynamics+1","Compile Driver+1","Hyperbeam+1","Turbo","Leap","Ball Lightning+1","Blizzard+1","Self Repair+1","Recycle+1","Compile Driver+1","Normality","Apotheosis","Defragment+1","Seek"],"relics":["Cracked Core","Blood Vial","Bronze Scales","Mummified Hand","Molten Egg 2","Gremlin Horn","Tiny Chest","Inserter","FossilizedHelix","Bird Faced Urn","Frozen Egg 2","Symbiotic Virus","Ancient Tea Set","Meat on the Bone","Sozu","Torii","Ice Cream","DollysMirror"],"potions_floor_usage":[10,16,16,23,31,31,33,40],"damage_taken":[{"damage":1,"enemies":"2 Louse","floor":1,"turns":3},{"damage":2,"enemies":"Small Slimes","floor":2,"turns":3},{"damage":12,"enemies":"Jaw Worm","floor":4,"turns":3},{"damage":21,"enemies":"3 Sentries","floor":7,"turns":5},{"damage":21,"enemies":"Gremlin Nob","floor":10,"turns":4},{"damage":13,"enemies":"3 Sentries","floor":12,"turns":5},{"damage":7,"enemies":"Exordium Wildlife","floor":14,"turns":3},{"damage":0,"enemies":"Slime Boss","floor":16,"turns":5},{"damage":25,"enemies":"Shell Parasite","floor":18,"turns":3},{"damage":11,"enemies":"2 Thieves","floor":21,"turns":3},{"damage":0,"enemies":"Snecko","floor":22,"turns":5},{"damage":35,"enemies":"Slavers","floor":23,"turns":3},{"damage":0,"enemies":"Gremlin Leader","floor":25,"turns":6},{"damage":46,"enemies":"Book of Stabbing","floor":28,"turns":5},{"damage":8,"enemies":"Snake Plant","floor":30,"turns":3},{"damage":3,"enemies":"Gremlin Leader","floor":31,"turns":6},{"damage":43,"enemies":"Collector","floor":33,"turns":7},{"damage":0,"enemies":"3 Shapes","floor":35,"turns":2},{"damage":99,"enemies":"Giant Head","floor":40,"turns":7}],"seed_played":"-7450770199339641285","potions_obtained":[{"floor":2,"key":"LiquidBronze"},{"floor":4,"key":"Dexterity Potion"},{"floor":12,"key":"FocusPotion"},{"floor":14,"key":"Fire Potion"},{"floor":18,"key":"Swift Potion"},{"floor":28,"key":"EntropicBrew"},{"floor":31,"key":"Swift Potion"},{"floor":33,"key":"PowerPotion"}],"is_trial":false,"path_per_floor":["M","M","?","M","?","R","E","R","T","E","R","E","R","M","R","B",null,"M","?","$","M","M","E","R","E","T","R","E","R","M","E","R","B",null,"M","?","T","$","?","E"],"character_chosen":"DEFECT","items_purchased":["FossilizedHelix","Apotheosis","Ice Cream","DollysMirror","Seek"],"campfire_rested":4,"item_purchase_floors":[20,38,38,38,38],"current_hp_per_floor":[65,65,47,37,42,42,23,23,23,4,26,15,37,32,32,34,66,43,43,43,34,36,3,25,37,37,37,3,25,35,50,50,45,68,72,72,72,72,72,0],"gold":294,"neow_bonus":"RANDOM_COMMON_RELIC","is_prod":false,"is_daily":false,"chose_seed":false,"campfire_upgraded":5,"win_rate":0,"timestamp":1547853722,"path_taken":["M","M","?","M","?","R","E","R","T","E","R","E","R","M","R","BOSS","M","?","$","M","M","E","R","E","T","R","E","R","M","E","R","BOSS","M","?","?","$","?","E"],"build_version":"2019-01-17v2","purchased_purges":2,"victory":false,"max_hp_per_floor":[71,71,71,71,76,76,76,76,76,76,76,76,76,76,76,76,76,76,76,76,76,76,76,76,76,76,76,76,76,76,76,76,76,76,76,76,76,76,76,76],"card_choices":[{"not_picked":["Beam Cell","Ball Lightning"],"picked":"Cold Snap","floor":1},{"not_picked":["Darkness","Recycle"],"picked":"Ball Lightning","floor":2},{"not_picked":["Self Repair","Compile Driver"],"picked":"Defragment","floor":4},{"not_picked":["Compile Driver","Storm"],"picked":"Coolheaded","floor":7},{"not_picked":["Hello World","Reprogram"],"picked":"Streamline+1","floor":10},{"not_picked":["Melter+1","Rebound+1"],"picked":"Cold Snap+1","floor":12},{"not_picked":["Gash+1","Hologram"],"picked":"Creative AI","floor":14},{"not_picked":["Hyperbeam+1","Multi-Cast"],"picked":"Electrodynamics","floor":16},{"not_picked":["Coolheaded","Cold Snap+1"],"picked":"Compile Driver+1","floor":18},{"not_picked":["Doom and Gloom+1","Steam"],"picked":"Leap","floor":21},{"not_picked":["Aggregate+1","Auto Shields"],"picked":"Ball Lightning+1","floor":22},{"not_picked":["Cold Snap+1","Steam+1","Sweeping Beam+1"],"picked":"SKIP","floor":23},{"not_picked":["Steam","Static Discharge"],"picked":"Blizzard+1","floor":25},{"not_picked":["Doom and Gloom+1","Fusion"],"picked":"Self Repair+1","floor":28},{"not_picked":["Conserve Battery","Reboot"],"picked":"Recycle+1","floor":30},{"not_picked":["Redo","BootSequence","Scrape+1"],"picked":"SKIP","floor":31},{"not_picked":["Barrage+1","Doom and Gloom+1"],"picked":"Compile Driver+1","floor":35}],"player_experience":1329900,"relics_obtained":[{"floor":7,"key":"Mummified Hand"},{"floor":9,"key":"Molten Egg 2"},{"floor":10,"key":"Gremlin Horn"},{"floor":12,"key":"Tiny Chest"},{"floor":23,"key":"Bird Faced Urn"},{"floor":25,"key":"Frozen Egg 2"},{"floor":26,"key":"Symbiotic Virus"},{"floor":28,"key":"Ancient Tea Set"},{"floor":31,"key":"Meat on the Bone"},{"floor":37,"key":"Torii"}],"event_choices":[{"damage_healed":0,"gold_gain":0,"player_choice":"Success","damage_taken":18,"relics_obtained":["Bronze Scales"],"max_hp_gain":0,"max_hp_loss":0,"event_name":"Scrap Ooze","floor":3,"gold_loss":0},{"damage_healed":0,"gold_gain":0,"player_choice":"Donut","damage_taken":0,"max_hp_gain":5,"max_hp_loss":0,"event_name":"Big Fish","floor":5,"gold_loss":0},{"damage_healed":0,"gold_gain":0,"cards_transformed":["Strike_B","Strike_B"],"player_choice":"Became Test Subject","damage_taken":0,"max_hp_gain":0,"max_hp_loss":0,"event_name":"Drug Dealer","floor":19,"gold_loss":0,"cards_obtained":["Hyperbeam","Turbo"]},{"damage_healed":0,"gold_gain":999,"player_choice":"Gold","damage_taken":0,"max_hp_gain":0,"max_hp_loss":0,"event_name":"MindBloom","floor":36,"gold_loss":0,"cards_obtained":["Normality","Normality"]},{"damage_healed":0,"gold_gain":0,"player_choice":"Got Potions","damage_taken":0,"max_hp_gain":0,"max_hp_loss":0,"event_name":"Lab","floor":39,"gold_loss":0}],"is_beta":false,"boss_relics":[{"not_picked":["Snecko Eye","Pandora\u0027s Box"],"picked":"Inserter"},{"not_picked":["FrozenCore","Velvet Choker"],"picked":"Sozu"}],"items_purged_floors":[20,38],"is_endless":false,"potions_floor_spawned":[2,4,12,14,18,28,31,33,35],"killed_by":"Giant Head","ascension_level":20}