{"gold_per_floor":[116,132,143,160,160,195,195,212,212,228,259,269,269,285,285,389,389,407,420,420,420,420,436,436],"floor_reached":24,"playtime":2079,"items_purged":[],"score":318,"play_id":"cb9a48e3-16c4-416d-9567-cb307d33b620","local_time":"20190512183705","is_ascension_mode":true,"campfire_choices":[{"floor":7,"key":"REST"},{"floor":13,"key":"REST"},{"floor":15,"key":"REST"}],"neow_cost":"NONE","seed_source_timestamp":16235558777002,"circlet_count":0,"master_deck":["AscendersBane","Strike_B","Strike_B","Defend_B","Defend_B","Defend_B","Defend_B","Zap","Dualcast","Gash","Chill","Streamline","Go for the Eyes","Hologram","Reinforced Body","Defragment","Hologram","Leap","Glacier","Seek","Steam","Beam Cell+1"],"relics":["Fusion Hammer","Omamori","Smiling Mask","Dream Catcher","Empty Cage","Letter Opener"],"potions_floor_usage":[6,6,10,16,16],"damage_taken":[{"damage":0,"enemies":"Cultist","floor":1,"turns":4},{"damage":2,"enemies":"2 Louse","floor":2,"turns":2},{"damage":8,"enemies":"Jaw Worm","floor":3,"turns":4},{"damage":7,"enemies":"2 Fungi Beasts","floor":4,"turns":5},{"damage":39,"enemies":"Gremlin Nob","floor":6,"turns":5},{"damage":5,"enemies":"3 Louse","floor":8,"turns":4},{"damage":10,"enemies":"Blue Slaver","floor":10,"turns":5},{"damage":17,"enemies":"Lagavulin","floor":11,"turns":9},{"damage":9,"enemies":"2 Fungi Beasts","floor":12,"turns":3},{"damage":7,"enemies":"3 Louse","floor":14,"turns":3},{"damage":5,"enemies":"The Guardian","floor":16,"turns":14},{"damage":8,"enemies":"Spheric Guardian","floor":18,"turns":6},{"damage":27,"enemies":"3 Byrds","floor":19,"turns":9},{"damage":0,"enemies":"Colosseum Slavers","floor":22,"turns":8},{"damage":5,"enemies":"Centurion and Healer","floor":23,"turns":15},{"damage":17,"enemies":"3 Cultists","floor":24,"turns":5}],"seed_played":"3274537299244344278","potions_obtained":[{"floor":2,"key":"SteroidPotion"},{"floor":3,"key":"LiquidBronze"},{"floor":5,"key":"GamblersBrew"},{"floor":5,"key":"PowerPotion"},{"floor":6,"key":"Regen Potion"},{"floor":14,"key":"FocusPotion"},{"floor":18,"key":"AttackPotion"}],"is_trial":false,"path_per_floor":["M","M","M","M","?","E","R","M","T","M","E","M","R","M","R","B",null,"M","M","T","?","?","M","M"],"character_chosen":"DEFECT","items_purchased":[],"campfire_rested":3,"item_purchase_floors":[],"current_hp_per_floor":[68,66,58,51,51,12,34,29,29,31,14,5,27,20,42,37,66,58,31,31,22,22,17,0],"gold":436,"neow_bonus":"BOSS_RELIC","is_prod":false,"is_daily":false,"chose_seed":false,"campfire_upgraded":0,"win_rate":0,"timestamp":1557700625,"path_taken":["M","M","M","?","?","E","R","M","T","M","E","M","R","M","R","BOSS","M","M","?","?","?","M","M"],"build_version":"2019-01-23","purchased_purges":0,"victory":false,"max_hp_per_floor":[75,75,75,75,75,75,75,75,75,75,75,75,75,75,75,75,75,75,75,75,75,75,75,75],"card_choices":[{"not_picked":["Stack","Capacitor","Hologram"],"picked":"SKIP","floor":1},{"not_picked":["Steam","Ball Lightning"],"picked":"Gash","floor":2},{"not_picked":["Rebound","Steam"],"picked":"Chill","floor":3},{"not_picked":["Steam","Compile Driver"],"picked":"Streamline","floor":4},{"not_picked":["Chill","Rip and Tear"],"picked":"Go for the Eyes","floor":6},{"not_picked":["Consume","Compile Driver"],"picked":"Hologram","floor":8},{"not_picked":["Stack","Steam"],"picked":"Reinforced Body","floor":10},{"not_picked":["Steam Power","Streamline"],"picked":"Defragment","floor":11},{"not_picked":["Sunder","Rebound","Chaos"],"picked":"SKIP","floor":12},{"not_picked":["Steam Power","Streamline"],"picked":"Hologram","floor":13},{"not_picked":["Thunder Strike","Beam Cell"],"picked":"Leap","floor":14},{"not_picked":["Darkness","Static Discharge"],"picked":"Glacier","floor":15},{"not_picked":["Echo Form","Electrodynamics"],"picked":"Seek","floor":16},{"not_picked":["Beam Cell","Streamline","Coolheaded"],"picked":"SKIP","floor":18},{"not_picked":["Turbo","Redo"],"picked":"Steam","floor":19},{"not_picked":["Leap+1","Fission"],"picked":"Beam Cell+1","floor":23}],"player_experience":304148,"relics_obtained":[{"floor":6,"key":"Omamori"},{"floor":9,"key":"Smiling Mask"},{"floor":11,"key":"Dream Catcher"},{"floor":20,"key":"Letter Opener"}],"event_choices":[{"damage_healed":0,"gold_gain":0,"player_choice":"Got Potions","damage_taken":0,"max_hp_gain":0,"max_hp_loss":0,"event_name":"Lab","floor":5,"gold_loss":0},{"damage_healed":0,"gold_gain":0,"player_choice":"Stopped","damage_taken":9,"max_hp_gain":0,"max_hp_loss":0,"event_name":"Cursed Tome","floor":21,"gold_loss":0},{"damage_healed":0,"gold_gain":0,"player_choice":"Fight","damage_taken":0,"max_hp_gain":0,"max_hp_loss":0,"event_name":"Colosseum","floor":22,"gold_loss":0},{"damage_healed":0,"gold_gain":0,"player_choice":"Fled From Nobs","damage_taken":0,"max_hp_gain":0,"max_hp_loss":0,"event_name":"Colosseum","floor":22,"gold_loss":0}],"is_beta":false,"boss_relics":[{"not_picked":["Runic Dome","Velvet Choker"],"picked":"Empty Cage"}],"items_purged_floors":[],"is_endless":false,"potions_floor_spawned":[2,3,6,14,18,22],"killed_by":"3 Cultists","ascension_level":10}