{"gold_per_floor":[112,112,82,100,113,113,138,138,193,224,242,254,329,342,342,342],"floor_reached":16,"playtime":473,"items_purged":[],"score":224,"play_id":"f1422069-7dc0-4b77-8e27-c1ef292eee7e","local_time":"20181119175504","is_ascension_mode":true,"campfire_choices":[{"data":"Body Slam","floor":6,"key":"SMITH"},{"data":"Entrench","floor":8,"key":"SMITH"},{"floor":15,"key":"REST"}],"neow_cost":"NONE","seed_source_timestamp":453569667080161,"circlet_count":0,"master_deck":["AscendersBane","Strike_R","Strike_R","Strike_R","Strike_R","Strike_R","Defend_R","Defend_R","Defend_R","Defend_R","Bash","Body Slam+1","Power Through","Anger","Entrench+1","Exhume","Rage","Pommel Strike"],"relics":["Burning Blood","NeowsBlessing","Bag of Preparation","Anchor","Potion Belt","Dream Catcher"],"potions_floor_usage":[7,10,10,16,16],"damage_taken":[{"damage":0,"enemies":"Jaw Worm","floor":1,"turns":1},{"damage":0,"enemies":"Cultist","floor":4,"turns":1},{"damage":0,"enemies":"2 Louse","floor":5,"turns":1},{"damage":25,"enemies":"3 Sentries","floor":7,"turns":12},{"damage":25,"enemies":"Lagavulin","floor":10,"turns":6},{"damage":1,"enemies":"Looter","floor":11,"turns":3},{"damage":21,"enemies":"Gremlin Gang","floor":12,"turns":9},{"damage":0,"enemies":"2 Fungi Beasts","floor":14,"turns":3},{"damage":0,"enemies":"Slime Boss","floor":16,"turns":3}],"seed_played":"3398696493214839165","potions_obtained":[{"floor":3,"key":"FearPotion"},{"floor":3,"key":"SkillPotion"},{"floor":7,"key":"Swift Potion"},{"floor":10,"key":"FearPotion"},{"floor":12,"key":"EssenceOfSteel"},{"floor":14,"key":"GamblersBrew"}],"is_trial":false,"path_per_floor":["M","?","?","M","M","R","E","R","T","E","M","M","?","M","R","B"],"character_chosen":"IRONCLAD","items_purchased":[],"campfire_rested":1,"item_purchase_floors":[],"current_hp_per_floor":[74,56,56,62,68,68,49,49,49,30,35,20,9,15,37,37],"gold":342,"neow_bonus":"THREE_ENEMY_KILL","is_prod":false,"is_daily":false,"chose_seed":false,"campfire_upgraded":2,"win_rate":0,"timestamp":1542668104,"path_taken":["M","?","?","?","M","R","E","R","T","E","M","M","?","M","R","BOSS"],"build_version":"2018-11-15","purchased_purges":0,"victory":false,"max_hp_per_floor":[75,75,75,75,75,75,75,75,75,75,75,75,75,75,75,75],"card_choices":[{"not_picked":["Havoc","Entrench"],"picked":"Body Slam","floor":1},{"not_picked":["Sever Soul","Sentinel"],"picked":"Power Through","floor":4},{"not_picked":["Cleave","Clash"],"picked":"Anger","floor":5},{"not_picked":["Uppercut","Heavy Blade"],"picked":"Entrench","floor":7},{"not_picked":["Clash","Flex"],"picked":"Exhume","floor":10},{"not_picked":["Seeing Red","Perfected Strike","Sword Boomerang"],"picked":"SKIP","floor":11},{"not_picked":["Berserk","Metallicize"],"picked":"Rage","floor":12},{"not_picked":["Sword Boomerang","Clash","Twin Strike"],"picked":"SKIP","floor":14},{"not_picked":["Intimidate","Perfected Strike"],"picked":"Pommel Strike","floor":15}],"player_experience":1119183,"relics_obtained":[{"floor":7,"key":"Anchor"},{"floor":9,"key":"Potion Belt"},{"floor":10,"key":"Dream Catcher"}],"event_choices":[{"damage_healed":0,"gold_gain":0,"player_choice":"Success","damage_taken":18,"relics_obtained":["Bag of Preparation"],"max_hp_gain":0,"max_hp_loss":0,"event_name":"Scrap Ooze","floor":2,"gold_loss":0},{"damage_healed":0,"gold_gain":0,"player_choice":"Bought 2 Potions","damage_taken":0,"max_hp_gain":0,"max_hp_loss":0,"event_name":"The Woman in Blue","floor":3,"gold_loss":0},{"damage_healed":0,"gold_gain":75,"player_choice":"Gather Gold","damage_taken":11,"max_hp_gain":0,"max_hp_loss":0,"event_name":"World of Goop","floor":13,"gold_loss":0}],"is_beta":false,"boss_relics":[],"items_purged_floors":[],"is_endless":false,"potions_floor_spawned":[7,10,12,14],"killed_by":"Slime Boss","ascension_level":20}