{"gold_per_floor":[112,122,122,140,140,140,175,175,175,175],"floor_reached":10,"playtime":337,"items_purged":[],"score":132,"play_id":"08c4a92f-14ae-41e6-9919-614bef12cb87","local_time":"20181122110640","is_ascension_mode":true,"campfire_choices":[{"data":"Neutralize","floor":6,"key":"SMITH"},{"floor":8,"key":"REST"}],"neow_cost":"NONE","seed_source_timestamp":129651044122923,"circlet_count":0,"master_deck":["AscendersBane","Defend_G","Defend_G","Defend_G","Defend_G","Defend_G","Strike_G","Strike_G","Strike_G","Strike_G","Strike_G","Survivor","Neutralize+1","Crippling Poison","Flying Knee","Backflip","Caltrops"],"relics":["Ring of the Snake","Gambling Chip","Art of War","Bottled Tornado"],"potions_floor_usage":[7,7,10],"damage_taken":[{"damage":5,"enemies":"Jaw Worm","floor":1,"turns":5},{"damage":0,"enemies":"Small Slimes","floor":2,"turns":4},{"damage":1,"enemies":"2 Louse","floor":4,"turns":3},{"damage":46,"enemies":"Gremlin Nob","floor":7,"turns":6},{"damage":49,"enemies":"Lagavulin","floor":10,"turns":9}],"seed_played":"-715985809278748476","potions_obtained":[{"floor":1,"key":"Dexterity Potion"},{"floor":2,"key":"Dexterity Potion"},{"floor":7,"key":"Regen Potion"}],"is_trial":false,"path_per_floor":["M","M","?","M","?","R","E","R","T","E"],"character_chosen":"THE_SILENT","items_purchased":[],"campfire_rested":1,"item_purchase_floors":[],"current_hp_per_floor":[60,60,25,24,48,48,2,23,23,0],"gold":175,"neow_bonus":"TEN_PERCENT_HP_BONUS","is_prod":false,"is_daily":false,"chose_seed":false,"campfire_upgraded":1,"win_rate":0,"timestamp":1542902800,"path_taken":["M","M","?","M","?","R","E","R","T","E"],"build_version":"2018-11-15","purchased_purges":0,"victory":false,"max_hp_per_floor":[72,72,72,72,72,72,72,72,72,72],"card_choices":[{"not_picked":["Riddle With Holes","Outmaneuver"],"picked":"Crippling Poison","floor":1},{"not_picked":["Masterful Stab","Distraction"],"picked":"Flying Knee","floor":2},{"not_picked":["Prepared","Deflect"],"picked":"Backflip","floor":4},{"not_picked":["Doppelganger","Deflect"],"picked":"Caltrops","floor":7}],"player_experience":1133989,"relics_obtained":[{"floor":7,"key":"Art of War"},{"floor":9,"key":"Bottled Tornado"}],"event_choices":[{"damage_healed":0,"gold_gain":0,"player_choice":"Success","damage_taken":35,"relics_obtained":["Gambling Chip"],"max_hp_gain":0,"max_hp_loss":0,"event_name":"Scrap Ooze","floor":3,"gold_loss":0},{"damage_healed":24,"gold_gain":0,"player_choice":"Banana","damage_taken":0,"max_hp_gain":0,"max_hp_loss":0,"event_name":"Big Fish","floor":5,"gold_loss":0}],"is_beta":false,"boss_relics":[],"items_purged_floors":[],"is_endless":false,"potions_floor_spawned":[1,2,7],"killed_by":"Lagavulin","ascension_level":20}