{"gold_per_floor":[112,34,50,8,8,8,25,43,98,108,108,108,108,33,33,110,110,121,41,60,35,51,51,51],"floor_reached":24,"playtime":1084,"items_purged":["Strike_B"],"score":425,"play_id":"52975955-3dc0-4393-be0e-a49d46bf133e","local_time":"20190721101412","is_ascension_mode":true,"campfire_choices":[{"floor":6.0,"key":"REST"},{"floor":11,"key":"REST"},{"data":"Hologram","floor":13,"key":"SMITH"},{"data":"Hyperbeam","floor":15,"key":"SMITH"},{"floor":23,"key":"REST"}],"neow_cost":"PERCENT_DAMAGE","seed_source_timestamp":0,"circlet_count":0,"master_deck":["AscendersBane","Strike_B","Strike_B","Strike_B","Defend_B","Defend_B","Defend_B","Defend_B","Zap","Dualcast","Hyperbeam+1","Conserve Battery","FTL","Doom and Gloom","Hologram","Hologram+1","Fission","Meteor Strike","Glacier","Self Repair","Hologram","Sweeping Beam"],"special_seed":0,"relics":["Cracked Core","Ancient Tea Set","Sozu"],"potions_floor_usage":[10,16],"damage_taken":[{"damage":10.0,"enemies":"2 Louse","floor":1.0,"turns":2.0},{"damage":0.0,"enemies":"Jaw Worm","floor":3.0,"turns":1.0},{"damage":0.0,"enemies":"Small Slimes","floor":7.0,"turns":1.0},{"damage":26,"enemies":"Gremlin Gang","floor":8,"turns":2},{"damage":0,"enemies":"3 Louse","floor":10,"turns":2},{"damage":0,"enemies":"Slime Boss","floor":16,"turns":5},{"damage":29,"enemies":"2 Thieves","floor":18,"turns":3},{"damage":22,"enemies":"Spheric Guardian","floor":20,"turns":5},{"damage":19,"enemies":"Snake Plant","floor":22,"turns":3},{"damage":35,"enemies":"Gremlin Leader","floor":24,"turns":7}],"seed_played":"2935296631313748278","potions_obtained":[{"floor":3.0,"key":"PowerPotion"},{"floor":8,"key":"FocusPotion"},{"floor":10,"key":"Fruit Juice"}],"is_trial":false,"path_per_floor":["M","$","M","?","$","R","M","M","T","M","R","?","R","$","R","B",null,"M","$","M","$","M","R","E"],"character_chosen":"DEFECT","items_purchased":["FTL","Self Repair","Sweeping Beam"],"campfire_rested":3,"item_purchase_floors":[2,19,21],"current_hp_per_floor":[36,36,36,36,36,57,57,31,31,36,58,76,76,76,76,76,76,47,47,32,32,13,35,0],"gold":51,"neow_bonus":"THREE_RARE_CARDS","is_prod":false,"is_daily":false,"chose_seed":false,"campfire_upgraded":2,"win_rate":0,"timestamp":1563718452,"path_taken":["M","$","M","?","?","R","M","M","T","M","R","?","R","$","R","BOSS","M","$","M","?","?","R","E"],"build_version":"2019-07-17","purchased_purges":1,"victory":false,"max_hp_per_floor":[71,71,71,71,71,71,71,71,71,76,76,76,76,76,76,76,76,76,76,76,76,76,76,76],"card_choices":[{"not_picked":["Amplify","Rainbow"],"picked":"Hyperbeam","floor":0.0},{"not_picked":["Barrage","Stack"],"picked":"Conserve Battery","floor":1.0},{"not_picked":["Recycle","Sweeping Beam"],"picked":"Doom and Gloom","floor":3.0},{"not_picked":["Lockon","Blizzard"],"picked":"Hologram","floor":7},{"not_picked":["Consume","Streamline"],"picked":"Hologram","floor":8},{"not_picked":["Sweeping Beam","Aggregate"],"picked":"Fission","floor":10},{"not_picked":["Machine Learning","Echo Form"],"picked":"Meteor Strike","floor":16},{"not_picked":["Stack","Ball Lightning"],"picked":"Glacier","floor":18},{"not_picked":["Turbo","Gash"],"picked":"Hologram","floor":20},{"not_picked":["Double Energy","Turbo","Rebound"],"picked":"SKIP","floor":22}],"player_experience":562310,"relics_obtained":[{"floor":9,"key":"Ancient Tea Set"}],"event_choices":[{"damage_healed":0.0,"max_hp_gain":0.0,"max_hp_loss":0.0,"gold_gain":0.0,"event_name":"World of Goop","player_choice":"Left Gold","floor":4.0,"gold_loss":42.0,"damage_taken":0.0},{"damage_healed":18,"gold_gain":0,"player_choice":"Full Heal","damage_taken":0,"max_hp_gain":0,"max_hp_loss":0,"event_name":"Wheel of Change","floor":12,"gold_loss":0}],"is_beta":false,"boss_relics":[{"not_picked":["Orrery","FrozenCore"],"picked":"Sozu"}],"items_purged_floors":[14],"is_endless":false,"potions_floor_spawned":[3,8,10,22],"killed_by":"Gremlin Leader","ascension_level":16}