{"gold_per_floor":[119,119,119,95,95,129,129,143,143,143,174,25,25,98,98,197,197,215,228,238,256,47,47,61,61,61,16,16,26,57,71,71,172,172,192,202,212,137,184,184,184,203,203,220,28,41,54,54,54,54],"floor_reached":50,"playtime":5200,"items_purged":["Defend_G"],"score":497,"play_id":"c1119b9a-b88a-4326-89c1-1801478a7c1b","local_time":"20190706214144","is_ascension_mode":false,"campfire_choices":[{"floor":7.0,"key":"REST"},{"data":"Bane","floor":10.0,"key":"SMITH"},{"floor":13.0,"key":"REST"},{"data":"Noxious Fumes","floor":15.0,"key":"SMITH"},{"floor":23,"key":"REST"},{"floor":25,"key":"REST"},{"floor":28,"key":"REST"},{"data":"Infinite Blades","floor":32,"key":"SMITH"},{"floor":40,"key":"REST"},{"floor":41,"key":"REST"},{"data":"Crippling Poison","floor":49,"key":"SMITH"}],"neow_cost":"PERCENT_DAMAGE","seed_source_timestamp":0,"circlet_count":0,"master_deck":["Strike_G","Strike_G","Strike_G","Strike_G","Strike_G","Defend_G","Defend_G","Defend_G","Survivor","Neutralize","Bane+1","Bane","Distraction","Quick Slash","Predator","Noxious Fumes+1","After Image","Crippling Poison+1","Infinite Blades+1","Caltrops+1","Poisoned Stab","Blade Dance","Unload","Blade Dance","Tools of the Trade","Infinite Blades+1","Dash","Poisoned Stab+1","Finisher+1","Poisoned Stab+1","Masterful Stab+1","HandOfGreed","Dodge and Roll","Blur+1","Bane"],"special_seed":0,"relics":["Ring of the Snake","Omamori","Gremlin Horn","WingedGreaves","Mummified Hand","WristBlade","TwistedFunnel","Mercury Hourglass","Lantern","Sozu","Incense Burner","Meat on the Bone"],"potions_floor_usage":[33,50],"damage_taken":[{"damage":0.0,"enemies":"Small Slimes","floor":1.0,"turns":3.0},{"damage":14.0,"enemies":"3 Sentries","floor":6.0,"turns":3.0},{"damage":2.0,"enemies":"Jaw Worm","floor":8.0,"turns":4.0},{"damage":14.0,"enemies":"Lagavulin","floor":11.0,"turns":8.0},{"damage":55.0,"enemies":"The Guardian","floor":16.0,"turns":9.0},{"damage":8.0,"enemies":"Shell Parasite","floor":18.0,"turns":5.0},{"damage":18.0,"enemies":"3 Byrds","floor":19.0,"turns":4.0},{"damage":3.0,"enemies":"Centurion and Healer","floor":20.0,"turns":7.0},{"damage":38.0,"enemies":"Snake Plant","floor":21.0,"turns":6.0},{"damage":19,"enemies":"Sentry and Sphere","floor":24,"turns":5},{"damage":8,"enemies":"Snecko","floor":29,"turns":5},{"damage":3,"enemies":"Gremlin Leader","floor":30,"turns":4},{"damage":0,"enemies":"Centurion and Healer","floor":31,"turns":3},{"damage":73,"enemies":"Automaton","floor":33,"turns":9},{"damage":13,"enemies":"3 Shapes","floor":35,"turns":2},{"damage":0,"enemies":"3 Darklings","floor":36,"turns":3},{"damage":0,"enemies":"Transient","floor":37,"turns":5},{"damage":34,"enemies":"2 Orb Walkers","floor":39,"turns":4},{"damage":26,"enemies":"Maw","floor":42,"turns":5},{"damage":7,"enemies":"Jaw Worm Horde","floor":44,"turns":3},{"damage":0,"enemies":"Sphere and 2 Shapes","floor":46,"turns":3},{"damage":0,"enemies":"3 Darklings","floor":47,"turns":3},{"damage":83,"enemies":"Donu and Deca","floor":50,"turns":6}],"seed_played":"-7449420638076684253","potions_obtained":[{"floor":1.0,"key":"SkillPotion"},{"floor":16.0,"key":"EntropicBrew"},{"floor":18.0,"key":"SkillPotion"},{"floor":20.0,"key":"SpeedPotion"},{"floor":29,"key":"Explosive Potion"}],"is_trial":false,"path_per_floor":["M","?","?","$","?","E","R","M","T","R","E","$","R","T","R","B",null,"M","M","M","M","$","R","M","R","T","$","R","M","E","M","R","B",null,"M","M","M","$","?","R","R","M","T","M","$","M","M","?","R","B"],"character_chosen":"THE_SILENT","items_purchased":["Bane","Noxious Fumes","Regen Potion","TwistedFunnel","Poisoned Stab","HandOfGreed","Dodge and Roll"],"campfire_rested":7,"item_purchase_floors":[4,12,12,22,27,45,45],"current_hp_per_floor":[63,63,63,63,63,49,74,72,72,72,58,58,83,83,83,28,84,76,58,70,32,32,57,38,63,63,63,84,76,73,73,73,8,84,71,71,71,71,37,62,84,58,58,51,51,51,51,72,72,0],"gold":54,"neow_bonus":"TWENTY_PERCENT_HP_BONUS","is_prod":false,"is_daily":false,"chose_seed":false,"campfire_upgraded":4,"win_rate":0.0,"timestamp":1562467304,"path_taken":["M","?","?","$","?","E","R","?","T","R","E","?","R","?","R","BOSS","M","M","M","M","$","R","M","R","T","$","R","M","E","M","R","BOSS","M","M","?","$","?","R","R","M","T","M","$","M","M","?","R","BOSS"],"build_version":"2019-07-05","purchased_purges":1,"victory":false,"max_hp_per_floor":[84,84,84,84,84,84,84,84,84,84,84,84,84,84,84,84,84,84,84,84,84,84,84,84,84,84,84,84,84,84,84,84,84,84,84,84,84,84,84,84,84,84,84,84,84,84,84,84,84,84],"card_choices":[{"not_picked":["All Out Attack","Prepared"],"picked":"Bane","floor":1.0},{"not_picked":["Blade Dance","PiercingWail"],"picked":"Distraction","floor":6.0},{"not_picked":["Outmaneuver","Sucker Punch"],"picked":"Quick Slash","floor":8.0},{"not_picked":["Blade Dance","Footwork"],"picked":"Predator","floor":11.0},{"not_picked":["Glass Knife","Venomology"],"picked":"After Image","floor":16.0},{"not_picked":["Backflip+1","Slice","Sucker Punch"],"picked":"SKIP","floor":18.0},{"not_picked":["Sucker Punch","Deadly Poison"],"picked":"Crippling Poison","floor":19.0},{"not_picked":["Escape Plan+1","Deadly Poison","Underhanded Strike+1"],"picked":"SKIP","floor":20.0},{"not_picked":["Prepared","Deflect+1"],"picked":"Infinite Blades","floor":21.0},{"not_picked":["Outmaneuver","PiercingWail"],"picked":"Caltrops+1","floor":24},{"not_picked":["Sucker Punch","Crippling Poison+1"],"picked":"Blade Dance","floor":29},{"not_picked":["Predator","Dagger Throw+1"],"picked":"Unload","floor":30},{"not_picked":["Deadly Poison+1","Deflect"],"picked":"Blade Dance","floor":31},{"not_picked":["Unload","Die Die Die"],"picked":"Tools of the Trade","floor":33},{"not_picked":["Escape Plan","Dash"],"picked":"Infinite Blades+1","floor":35},{"not_picked":["Dodge and Roll","Escape Plan+1"],"picked":"Dash","floor":36},{"not_picked":["Dagger Spray+1","Riddle With Holes+1"],"picked":"Poisoned Stab+1","floor":37},{"not_picked":["Deflect+1","Dagger Throw"],"picked":"Finisher+1","floor":39},{"not_picked":["Endless Agony","Skewer"],"picked":"Poisoned Stab+1","floor":42},{"not_picked":["Bane","Finisher"],"picked":"Masterful Stab+1","floor":44},{"not_picked":["Dagger Spray+1","Endless Agony"],"picked":"Blur+1","floor":46},{"not_picked":["Deadly Poison","Riddle With Holes+1"],"picked":"Bane","floor":47}],"player_experience":21693,"relics_obtained":[{"floor":6.0,"key":"Omamori"},{"floor":9.0,"key":"Gremlin Horn"},{"floor":11.0,"key":"WingedGreaves"},{"floor":14.0,"key":"Mummified Hand"},{"floor":26,"key":"Mercury Hourglass"},{"floor":30,"key":"Lantern"},{"floor":39,"key":"Incense Burner"},{"floor":43,"key":"Meat on the Bone"}],"event_choices":[{"damage_healed":0.0,"max_hp_gain":0.0,"max_hp_loss":0.0,"gold_gain":0.0,"event_name":"Shining Light","player_choice":"Ignored","floor":2.0,"gold_loss":0.0,"damage_taken":0.0},{"damage_healed":0.0,"max_hp_gain":0.0,"max_hp_loss":0.0,"gold_gain":0.0,"event_name":"Liars Game","player_choice":"Ignored","floor":3.0,"gold_loss":0.0,"damage_taken":0.0},{"cards_removed":["Defend_G"],"damage_healed":0.0,"max_hp_gain":0.0,"max_hp_loss":0.0,"gold_gain":0.0,"event_name":"Bonfire Elementals","player_choice":"Offered Basic","floor":5.0,"gold_loss":0.0,"damage_taken":0.0},{"damage_healed":0,"gold_gain":0,"player_choice":"Fight","damage_taken":0,"max_hp_gain":0,"max_hp_loss":0,"event_name":"Mysterious Sphere","floor":39,"gold_loss":0},{"damage_healed":21,"gold_gain":0,"player_choice":"Writhe","damage_taken":0,"max_hp_gain":0,"max_hp_loss":0,"event_name":"Winding Halls","floor":48,"gold_loss":0,"cards_obtained":["Writhe"]}],"is_beta":false,"boss_relics":[{"not_picked":["HoveringKite","Lizard Tail"],"picked":"WristBlade"},{"not_picked":["Runic Dome","Orrery"],"picked":"Sozu"}],"items_purged_floors":[38],"is_endless":false,"potions_floor_spawned":[1,16,18,20,29,30,36,39,42],"killed_by":"Donu and Deca","ascension_level":0}