{"gold_per_floor":[119,44,44,44,61,89,89,38,38,57,91,91,91,91,91,189,189,203,103,103,119,44,44,72,82,82,82,94,94,108,108,108,210,210,222,97,97,111,130,60,60,60,60,89,89,49,75,95,95,95],"floor_reached":51,"playtime":4961,"items_purged":["Strike_G","Strike_G","Strike_G"],"score":713,"play_id":"e0a9f50e-698a-48e5-90f2-f140204f780e","local_time":"20180701143948","is_ascension_mode":true,"campfire_choices":[{"floor":7.0,"key":"REST"},{"floor":12.0,"key":"REST"},{"floor":15.0,"key":"REST"},{"data":"Doppelganger","floor":23,"key":"SMITH"},{"floor":27,"key":"REST"},{"floor":29,"key":"REST"},{"data":"Malaise","floor":32,"key":"SMITH"},{"floor":42,"key":"REST"},{"floor":49,"key":"REST"}],"neow_cost":"","seed_source_timestamp":0,"circlet_count":0,"master_deck":["Defend_G","Defend_G","Defend_G+1","Defend_G","Strike_G","Survivor+1","Neutralize","Cloak And Dagger","Flying Knee","Dagger Throw","Doppelganger+1","Distraction+1","Acrobatics+1","Underhanded Strike","Underhanded Strike","Acrobatics+1","Predator","Flying Knee+1","Prepared","Writhe","Predator+1","Adrenaline"],"special_seed":17711,"relics":["Busted Crown","Gremlin Horn","Ginger","Anchor","Question Card","Snecko Eye","Bag of Preparation","Ornamental Fan","Fusion Hammer","The Specimen","Bottled Lightning","The Courier","Potion Belt"],"potions_floor_usage":[24,33,38,50,50,50,50],"damage_taken":[{"damage":0.0,"enemies":"Cultist","floor":1.0,"turns":4.0},{"damage":4.0,"enemies":"Small Slimes","floor":5.0,"turns":6.0},{"damage":34.0,"enemies":"3 Sentries","floor":6.0,"turns":14.0},{"damage":0.0,"enemies":"2 Louse","floor":10.0,"turns":2.0},{"damage":14.0,"enemies":"Lagavulin","floor":11.0,"turns":10.0},{"damage":6.0,"enemies":"The Guardian","floor":16.0,"turns":10.0},{"damage":15,"enemies":"Spheric Guardian","floor":18,"turns":6},{"damage":0,"enemies":"Shell Parasite","floor":21,"turns":10},{"damage":24,"enemies":"Slavers","floor":24,"turns":11},{"damage":6,"enemies":"Snake Plant","floor":25,"turns":6},{"damage":0,"enemies":"Cultist and Chosen","floor":28,"turns":9},{"damage":5,"enemies":"3 Cultists","floor":30,"turns":6},{"damage":21,"enemies":"Automaton","floor":33,"turns":11},{"damage":0,"enemies":"Orb Walker","floor":35,"turns":3},{"damage":0,"enemies":"3 Darklings","floor":38,"turns":7},{"damage":0,"enemies":"4 Shapes","floor":39,"turns":5},{"damage":0,"floor":41,"turns":3},{"damage":19,"enemies":"2 Orb Walkers","floor":44,"turns":5},{"damage":2,"enemies":"Nemesis","floor":47,"turns":9},{"damage":0,"enemies":"Sphere and 2 Shapes","floor":48,"turns":3},{"damage":38,"enemies":"Donu and Deca","floor":50,"turns":7}],"seed_played":"-1489361658218446859","potions_obtained":[{"floor":1.0,"key":"FairyPotion"},{"floor":13.0,"key":"PowerPotion"},{"floor":13.0,"key":"PowerPotion"},{"floor":16.0,"key":"Strength Potion"},{"floor":21,"key":"Block Potion"},{"floor":33,"key":"SneckoOil"},{"floor":41,"key":"Strength Potion"},{"floor":47,"key":"Weak Potion"},{"floor":48,"key":"Strength Potion"}],"is_trial":false,"path_per_floor":["M","$","?","?","M","E","R","$","T","M","E","R","?","T","R","B",null,"M","$","?","M","?","R","E","M","T","R","M","R","M","?","R","B",null,"M","$","?","M","M","$","?","R","T","E","?","$","E","M","R","B"],"character_chosen":"THE_SILENT","items_purchased":["Flying Knee","Predator","Swift Potion"],"campfire_rested":7,"item_purchase_floors":[],"current_hp_per_floor":[70,70,56,49,45,11,32,32,32,32,18,39,39,39,60,54,70,55,55,55,55,55,55,31,25,25,46,46,67,62,62,62,41,70,70,70,70,70,70,70,70,70,70,51,69,69,67,67,70,32],"gold":95,"neow_bonus":"","is_prod":false,"is_daily":false,"chose_seed":false,"campfire_upgraded":2,"win_rate":0,"timestamp":1530473988,"path_taken":["M","$","?","?","M","E","R","?","T","M","E","R","?","?","R","BOSS","M","$","?","M","?","R","E","M","T","R","M","R","M","?","R","BOSS","M","$","?","M","M","$","?","R","T","E","?","?","E","M","R","BOSS"],"build_version":"2018-06-28","purchased_purges":3,"victory":true,"max_hp_per_floor":[70,70,70,70,70,70,70,70,70,70,70,70,70,70,70,70,70,70,70,70,70,70,70,70,70,70,70,70,70,70,70,70,70,70,70,70,70,70,70,70,70,70,70,70,70,70,70,70,70,70],"card_choices":[{"not_picked":[],"picked":"Malaise","floor":1.0},{"not_picked":["Dagger Spray"],"picked":"SKIP","floor":5.0},{"not_picked":[],"picked":"Cloak And Dagger","floor":6.0},{"not_picked":[],"picked":"Dagger Throw","floor":10.0},{"not_picked":["Sucker Punch"],"picked":"SKIP","floor":11.0},{"not_picked":["Unload"],"picked":"Doppelganger","floor":16.0},{"not_picked":["Sucker Punch"],"picked":"Distraction+1","floor":18},{"not_picked":["Bane"],"picked":"Acrobatics+1","floor":21},{"not_picked":["Sucker Punch+1","PiercingWail"],"picked":"SKIP","floor":24},{"not_picked":["Deadly Poison+1","Noxious Fumes"],"picked":"SKIP","floor":25},{"not_picked":["After Image","PiercingWail"],"picked":"SKIP","floor":28},{"not_picked":["Catalyst"],"picked":"Underhanded Strike","floor":30},{"not_picked":["Backflip"],"picked":"Acrobatics+1","floor":35},{"not_picked":["Escape Plan","Acrobatics+1"],"picked":"SKIP","floor":38},{"not_picked":["Crippling Poison+1","Heel Hook"],"picked":"SKIP","floor":39},{"not_picked":["Expertise+1"],"picked":"Flying Knee+1","floor":41},{"not_picked":["Heel Hook+1"],"picked":"Prepared","floor":44},{"not_picked":["Outmaneuver"],"picked":"Predator+1","floor":47},{"not_picked":["Deflect"],"picked":"Adrenaline","floor":48}],"player_experience":114808,"relics_obtained":[{"floor":6.0,"key":"Gremlin Horn"},{"floor":9.0,"key":"Ginger"},{"floor":11.0,"key":"Anchor"},{"floor":14.0,"key":"Question Card"},{"floor":24,"key":"Bag of Preparation"},{"floor":26,"key":"Ornamental Fan"},{"floor":41,"key":"The Specimen"},{"floor":43,"key":"Bottled Lightning"},{"floor":44,"key":"The Courier"},{"floor":47,"key":"Potion Belt"}],"event_choices":[{"event_name":"Shining Light","player_choice":"Entered Light","floor":3.0,"damage_taken":0.0},{"event_name":"Golden Wing","player_choice":"Card Removal","floor":4.0,"damage_taken":0.0},{"event_name":"The Lab","player_choice":"Got Potions","floor":13.0,"damage_taken":0.0},{"event_name":"Ghosts","player_choice":"Ignored","floor":20,"damage_taken":0},{"event_name":"Beggar","player_choice":"Gave Gold","floor":22,"damage_taken":0},{"event_name":"The Library","player_choice":"Read","floor":31,"damage_taken":0},{"event_name":"Falling","player_choice":"Removed Skill","floor":37,"damage_taken":0},{"event_name":"MindBloom","player_choice":"Fight","floor":41,"damage_taken":0},{"event_name":"Winding Halls","player_choice":"Writhe","floor":45,"damage_taken":0}],"boss_relics":[{"not_picked":["Orrery","Lizard Tail"],"picked":"Snecko Eye"},{"not_picked":["White Beast Statue","Empty Cage"],"picked":"Fusion Hammer"}],"items_purged_floors":[],"is_endless":false,"potions_floor_spawned":[1,16,21,33,41,47,48],"ascension_level":1}