{"gold_per_floor":[116,66,86,99,99,99,125,140,140,155,165,165],"floor_reached":12,"playtime":774,"items_purged":[],"score":82,"play_id":"2f5e83c0-8a5d-4253-95d2-d178f7d5bd3c","local_time":"20190628195503","is_ascension_mode":false,"campfire_choices":[{"data":"Inflame","floor":6,"key":"SMITH"}],"neow_cost":"NONE","seed_source_timestamp":538647051690916,"circlet_count":0,"master_deck":["Strike_R","Strike_R","Strike_R","Strike_R","Defend_R","Defend_R","Defend_R","Defend_R","Bash","Flex","Inflame+1","Warcry","Seeing Red","Inflame","Metallicize","Anger"],"relics":["Velvet Choker","Incense Burner","Darkstone Periapt","Sundial"],"potions_floor_usage":[8,10],"damage_taken":[{"damage":0,"enemies":"Cultist","floor":1,"turns":3},{"damage":0,"enemies":"2 Louse","floor":3,"turns":2},{"damage":0,"enemies":"Small Slimes","floor":4,"turns":3},{"damage":26,"enemies":"3 Sentries","floor":7,"turns":9},{"damage":6,"enemies":"Gremlin Gang","floor":8,"turns":6},{"damage":7,"enemies":"Blue Slaver","floor":10,"turns":4},{"damage":10,"enemies":"Looter","floor":11,"turns":3},{"damage":19,"enemies":"Gremlin Gang","floor":12,"turns":1}],"seed_played":"-4403831079027787052","potions_obtained":[{"floor":1,"key":"Block Potion"},{"floor":3,"key":"Block Potion"},{"floor":10,"key":"Swift Potion"}],"is_trial":false,"path_per_floor":["M","?","M","M","?","R","E","M","T","M","M","M"],"character_chosen":"IRONCLAD","items_purchased":[],"campfire_rested":0,"item_purchase_floors":[],"current_hp_per_floor":[80,80,80,80,68,68,42,36,36,29,19,0],"gold":165,"neow_bonus":"BOSS_RELIC","is_prod":false,"is_daily":false,"chose_seed":false,"campfire_upgraded":1,"win_rate":0.0,"timestamp":1561776903,"path_taken":["M","?","M","M","?","R","E","M","T","M","M","M"],"build_version":"2019-01-23","purchased_purges":0,"victory":false,"max_hp_per_floor":[80,80,80,80,80,80,80,80,80,80,80,80],"card_choices":[{"not_picked":["Whirlwind","Clothesline"],"picked":"Flex","floor":1},{"not_picked":["Reckless Charge","Clothesline"],"picked":"Inflame","floor":3},{"not_picked":["Sword Boomerang","Pummel"],"picked":"Warcry","floor":4},{"not_picked":["Armaments","Anger"],"picked":"Seeing Red","floor":7},{"not_picked":["Body Slam","Perfected Strike"],"picked":"Inflame","floor":8},{"not_picked":["Armaments","Headbutt"],"picked":"Metallicize","floor":10},{"not_picked":["Cleave","Twin Strike"],"picked":"Anger","floor":11}],"player_experience":7008,"relics_obtained":[{"floor":7,"key":"Darkstone Periapt"},{"floor":9,"key":"Sundial"}],"event_choices":[{"cards_removed":["Strike_R"],"damage_healed":0,"gold_gain":0,"player_choice":"Card Removal","damage_taken":0,"max_hp_gain":0,"max_hp_loss":0,"event_name":"The Cleric","floor":2,"gold_loss":50},{"damage_healed":0,"gold_gain":0,"player_choice":"Success","damage_taken":12,"relics_obtained":["Incense Burner"],"max_hp_gain":0,"max_hp_loss":0,"event_name":"Scrap Ooze","floor":5,"gold_loss":0}],"is_beta":false,"boss_relics":[],"items_purged_floors":[],"is_endless":false,"potions_floor_spawned":[1,3,10],"killed_by":"Gremlin Gang","ascension_level":0}