{"gold_per_floor":[116,116,130,130,130,163,176,176,246,23,55,67,41,57,57,162,162,181,81,93,93,45,45,60,60,60,60,92,105,133,148,148,250,300,313,60,80,80,97,97,113,127,204,223,243,243,38,53,53,53],"floor_reached":50,"playtime":3666,"items_purged":["Bash","Defend_R","Writhe"],"score":685,"play_id":"27af84d2-cb3f-40e3-ad24-83c94a889fac","local_time":"20190507220720","is_ascension_mode":true,"campfire_choices":[{"floor":8,"key":"RECALL"},{"floor":15,"key":"REST"},{"data":"Pommel Strike","floor":23,"key":"SMITH"},{"data":"Whirlwind","floor":25,"key":"SMITH"},{"data":"Uppercut","floor":27,"key":"SMITH"},{"floor":32,"key":"REST"},{"data":"Demon Form","floor":40,"key":"SMITH"},{"floor":49,"key":"REST"}],"neow_cost":"TEN_PERCENT_HP_LOSS","seed_source_timestamp":0,"circlet_count":0,"master_deck":["Strike_R","Strike_R+1","Strike_R","Strike_R","Strike_R","Defend_R","Defend_R","Defend_R","Perfected Strike","Uppercut+1","Good Instincts","Pommel Strike+1","Flash of Steel","Whirlwind+1","Twin Strike","Impervious","Shockwave+1","Ghostly Armor+1","Spot Weakness","Demon Form+1","Warcry","Double Tap+1","Body Slam+1","Warcry+1","Clothesline+1","Wild Strike+1","Uppercut+1","Inflame","Barricade","Perfected Strike"],"special_seed":0,"relics":["Burning Blood","Pocketwatch","Art of War","Gambling Chip","Sundial","Snecko Eye","Oddly Smooth Stone","Dream Catcher","Ancient Tea Set","Tiny House","Gremlin Horn","Self Forming Clay"],"potions_floor_usage":[11,16,16,16,31,33,33,48,50,50],"damage_taken":[{"damage":5.0,"enemies":"Small Slimes","floor":1.0,"turns":3.0},{"damage":0,"enemies":"Cultist","floor":3,"turns":3},{"damage":25,"enemies":"3 Sentries","floor":6,"turns":9},{"damage":1,"enemies":"2 Louse","floor":7,"turns":3},{"damage":25,"enemies":"Lagavulin","floor":11,"turns":4},{"damage":0,"enemies":"2 Fungi Beasts","floor":12,"turns":3},{"damage":0,"enemies":"3 Louse","floor":14,"turns":2},{"damage":39,"enemies":"The Guardian","floor":16,"turns":11},{"damage":0,"enemies":"Chosen","floor":18,"turns":4},{"damage":0,"enemies":"Shell Parasite","floor":20,"turns":4},{"damage":14,"enemies":"Centurion and Healer","floor":24,"turns":4},{"damage":26,"enemies":"Slavers","floor":28,"turns":4},{"damage":8,"enemies":"Shelled Parasite and Fungi","floor":29,"turns":2},{"damage":0,"enemies":"Book of Stabbing","floor":30,"turns":3},{"damage":0,"enemies":"Snake Plant","floor":31,"turns":2},{"damage":0,"enemies":"Champ","floor":33,"turns":6},{"damage":43,"enemies":"3 Darklings","floor":35,"turns":3},{"damage":0,"enemies":"3 Shapes","floor":37,"turns":2},{"damage":12,"enemies":"Maw","floor":39,"turns":6},{"damage":4,"enemies":"4 Shapes","floor":41,"turns":3},{"damage":11,"enemies":"3 Darklings","floor":42,"turns":5},{"damage":11,"enemies":"Sphere and 2 Shapes","floor":44,"turns":3},{"damage":18,"enemies":"4 Shapes","floor":45,"turns":2},{"damage":27,"enemies":"Spire Growth","floor":48,"turns":4},{"damage":43,"enemies":"Donu and Deca","floor":50,"turns":5}],"seed_played":"8829594500022228542","potions_obtained":[{"floor":1.0,"key":"FearPotion"},{"floor":7,"key":"SpeedPotion"},{"floor":12,"key":"Dexterity Potion"},{"floor":20,"key":"Swift Potion"},{"floor":29,"key":"EssenceOfSteel"},{"floor":30,"key":"GamblersBrew"},{"floor":34,"key":"Weak Potion"},{"floor":37,"key":"Strength Potion"},{"floor":42,"key":"Poison Potion"},{"floor":45,"key":"FearPotion"},{"floor":48,"key":"Ancient Potion"}],"is_trial":false,"path_per_floor":["M","?","M","?","?","E","M","R","T","$","E","M","?","M","R","B",null,"M","$","M","?","$","R","M","R","T","R","E","M","E","M","R","B",null,"M","$","M","?","M","R","M","M","T","M","M","?","$","M","R","B"],"character_chosen":"IRONCLAD","items_purchased":["Flash of Steel","Dexterity Potion","PowerPotion","Gremlin Horn","Inflame"],"campfire_rested":3,"item_purchase_floors":[10,10,22,36,47],"current_hp_per_floor":[72,72,72,72,65,46,51,51,51,51,32,38,38,44,65,32,72,72,72,72,72,72,72,64,64,64,64,44,42,48,54,72,72,77,40,40,46,65,59,59,61,56,56,51,39,39,39,18,41,0],"gold":53,"neow_bonus":"ONE_RARE_RELIC","is_prod":false,"is_daily":false,"chose_seed":false,"campfire_upgraded":4,"win_rate":0,"timestamp":1557281240,"path_taken":["M","?","?","?","?","E","M","R","T","$","E","M","?","M","R","BOSS","M","$","M","?","$","R","?","R","T","R","E","M","E","M","R","BOSS","M","$","M","?","M","R","M","M","T","M","M","?","$","?","R","BOSS"],"build_version":"2019-01-23","purchased_purges":3,"victory":false,"max_hp_per_floor":[72,72,72,72,72,72,72,72,72,72,72,72,72,72,72,72,72,72,72,72,72,72,72,72,72,72,72,72,72,72,72,72,72,77,77,77,77,77,77,77,77,77,77,77,77,77,77,77,77,77],"card_choices":[{"not_picked":["Dropkick","Heavy Blade"],"picked":"Perfected Strike","floor":1.0},{"not_picked":["Feel No Pain","Heavy Blade","Rampage"],"picked":"SKIP","floor":3},{"not_picked":["Headbutt","Perfected Strike"],"picked":"Pommel Strike","floor":6},{"not_picked":["True Grit","Fire Breathing","Berserk"],"picked":"SKIP","floor":7},{"not_picked":["Cleave","True Grit","Dual Wield"],"picked":"SKIP","floor":11},{"not_picked":["Iron Wave","Sword Boomerang"],"picked":"Whirlwind","floor":12},{"not_picked":["Searing Blow","Clothesline"],"picked":"Twin Strike","floor":14},{"not_picked":["Barricade","Reaper"],"picked":"Impervious","floor":16},{"not_picked":["Dual Wield","Power Through+1"],"picked":"Shockwave+1","floor":18},{"not_picked":["Evolve","Feel No Pain","Flex"],"picked":"SKIP","floor":20},{"not_picked":["Heavy Blade","Evolve","Anger"],"picked":"SKIP","floor":24},{"not_picked":["Havoc","Feel No Pain"],"picked":"Ghostly Armor+1","floor":28},{"not_picked":["Burning Pact+1","Flex"],"picked":"Spot Weakness","floor":29},{"not_picked":["Sentinel","Clash","Disarm"],"picked":"SKIP","floor":30},{"not_picked":["Headbutt","Twin Strike+1"],"picked":"Demon Form","floor":31},{"not_picked":["Evolve+1","Cleave+1"],"picked":"Warcry","floor":32},{"not_picked":["Juggernaut","Reaper"],"picked":"Double Tap","floor":33},{"not_picked":["Clash","Metallicize"],"picked":"Body Slam+1","floor":34},{"not_picked":["Havoc","Body Slam"],"picked":"Warcry+1","floor":35},{"not_picked":["Pummel","Headbutt+1"],"picked":"Clothesline+1","floor":37},{"not_picked":["Disarm","Infernal Blade","Combust"],"picked":"SKIP","floor":39},{"not_picked":["Body Slam","Sentinel"],"picked":"Wild Strike+1","floor":41},{"not_picked":["Sword Boomerang","Corruption","Shockwave+1"],"picked":"SKIP","floor":42},{"not_picked":["Heavy Blade","Searing Blow","Pummel+1"],"picked":"SKIP","floor":44},{"not_picked":["Warcry+1","True Grit+1"],"picked":"Uppercut+1","floor":45},{"not_picked":["Headbutt+1","Pommel Strike+1"],"picked":"Barricade","floor":48},{"not_picked":["Havoc+1","Flex"],"picked":"Perfected Strike","floor":49}],"player_experience":230423,"relics_obtained":[{"floor":6,"key":"Gambling Chip"},{"floor":11,"key":"Sundial"},{"floor":26,"key":"Oddly Smooth Stone"},{"floor":28,"key":"Dream Catcher"},{"floor":30,"key":"Ancient Tea Set"},{"floor":43,"key":"Self Forming Clay"}],"event_choices":[{"damage_healed":0,"gold_gain":0,"player_choice":"3 cards matched","damage_taken":0,"max_hp_gain":0,"max_hp_loss":0,"event_name":"Match and Keep!","floor":2,"gold_loss":0,"cards_obtained":["Uppercut","Good Instincts","Bash"]},{"cards_removed":["Bash"],"damage_healed":0,"gold_gain":0,"player_choice":"Forget","damage_taken":0,"max_hp_gain":0,"max_hp_loss":0,"event_name":"Living Wall","floor":4,"gold_loss":0},{"damage_healed":0,"gold_gain":0,"player_choice":"Success","damage_taken":7,"relics_obtained":["Art of War"],"max_hp_gain":0,"max_hp_loss":0,"event_name":"Scrap Ooze","floor":5,"gold_loss":0},{"damage_healed":0,"gold_gain":0,"player_choice":"Left Gold","damage_taken":0,"max_hp_gain":0,"max_hp_loss":0,"event_name":"World of Goop","floor":13,"gold_loss":26},{"damage_healed":0,"gold_gain":0,"player_choice":"0 cards matched","damage_taken":0,"max_hp_gain":0,"max_hp_loss":0,"event_name":"Match and Keep!","floor":21,"gold_loss":0,"cards_obtained":[]},{"damage_healed":19,"gold_gain":0,"player_choice":"Writhe","damage_taken":0,"max_hp_gain":0,"max_hp_loss":0,"event_name":"Winding Halls","floor":38,"gold_loss":0,"cards_obtained":["Writhe"]},{"damage_healed":0,"gold_gain":0,"player_choice":"Forge","damage_taken":0,"max_hp_gain":0,"max_hp_loss":0,"event_name":"Accursed Blacksmith","floor":46,"gold_loss":0,"cards_upgraded":["Double Tap"]}],"is_beta":false,"boss_relics":[{"not_picked":["Cursed Key","Ectoplasm"],"picked":"Snecko Eye"},{"not_picked":["Orrery","White Beast Statue"],"picked":"Tiny House"}],"items_purged_floors":[10,19,47],"is_endless":false,"potions_floor_spawned":[1,7,12,20,29,30,37,42,45,48],"killed_by":"Donu and Deca","ascension_level":4}