{"gold_per_floor":[119,133,133,152,169,199,199,234,234,234,124,151,125,125,125,229,229,239,265,265,285,18,48,66,66,66,66,82,116,31,63,63,185,235,270,335,373,97,97,129,147,201,201,201,229,241,253,280,292,304,316,328,48,73,93],"floor_reached":56,"playtime":3305,"items_purged":["Strike_G","Distraction","Strike_G"],"score":1733,"play_id":"ea2ed581-cfc3-4636-b00d-d8973f05c388","local_time":"20190601143604","is_ascension_mode":true,"campfire_choices":[{"floor":7,"key":"REST"},{"floor":10,"key":"REST"},{"floor":15,"key":"REST"},{"data":"Predator","floor":27,"key":"SMITH"},{"floor":32,"key":"RECALL"},{"floor":44,"key":"REST"},{"floor":46,"key":"REST"},{"floor":47,"key":"REST"},{"data":"Footwork","floor":49,"key":"SMITH"},{"floor":52,"key":"REST"}],"neow_cost":"NONE","seed_source_timestamp":89506851089872,"circlet_count":0,"master_deck":["Defend_G","Defend_G","Defend_G","Defend_G+1","Defend_G","Strike_G+1","Strike_G+1","Strike_G+1","Survivor","Neutralize+1","Footwork+1","Quick Slash","Deflect","Backflip","Predator+1","Deflect","Storm of Steel","Dagger Spray+1","Deflect","HandOfGreed","Dagger Spray+1","After Image","Blade Dance+1","Malaise+1","Noxious Fumes+1","Infinite Blades","Cloak And Dagger+1","Panacea+1","Terror+1"],"relics":["Black Star","Mercury Hourglass","Oddly Smooth Stone","Ninja Scroll","Boot","Bag of Marbles","Happy Flower","Shuriken","Busted Crown","Red Mask","Lantern","Singing Bowl","Blood Vial","The Specimen","PreservedInsect","Tiny House","WingedGreaves","Whetstone","Gambling Chip","Toxic Egg 2","Dream Catcher","Dead Branch","Strawberry","MawBank","Letter Opener","Ornamental Fan","Snake Skull"],"potions_floor_usage":[3,6,6,8,29,33,33,40,55,55,55],"damage_taken":[{"damage":10,"enemies":"Jaw Worm","floor":1,"turns":7},{"damage":1,"enemies":"Cultist","floor":2,"turns":6},{"damage":12,"enemies":"Small Slimes","floor":4,"turns":5},{"damage":1,"enemies":"2 Fungi Beasts","floor":5,"turns":5},{"damage":25,"enemies":"Gremlin Nob","floor":6,"turns":6},{"damage":31,"enemies":"Lagavulin","floor":8,"turns":14},{"damage":12,"enemies":"Gremlin Nob","floor":12,"turns":3},{"damage":13,"enemies":"Slime Boss","floor":16,"turns":9},{"damage":0,"enemies":"2 Thieves","floor":18,"turns":4},{"damage":2,"enemies":"Masked Bandits","floor":19,"turns":3},{"damage":1,"enemies":"Shell Parasite","floor":21,"turns":3},{"damage":0,"enemies":"Book of Stabbing","floor":23,"turns":6},{"damage":4,"enemies":"Chosen and Byrds","floor":24,"turns":6},{"damage":0,"enemies":"Sentry and Sphere","floor":28,"turns":3},{"damage":11,"enemies":"Slavers","floor":29,"turns":3},{"damage":2,"enemies":"Cultist and Chosen","floor":31,"turns":3},{"damage":34,"enemies":"Collector","floor":33,"turns":10},{"damage":6,"enemies":"3 Shapes","floor":35,"turns":7},{"damage":33,"enemies":"2 Orb Walkers","floor":36,"turns":5},{"damage":0,"enemies":"Orb Walker","floor":37,"turns":4},{"damage":12,"enemies":"Giant Head","floor":40,"turns":7},{"damage":0,"enemies":"Jaw Worm Horde","floor":41,"turns":3},{"damage":0,"enemies":"Reptomancer","floor":42,"turns":3},{"damage":7,"enemies":"Giant Head","floor":45,"turns":6},{"damage":0,"enemies":"3 Darklings","floor":48,"turns":3},{"damage":47,"enemies":"Donu and Deca","floor":50,"turns":10},{"damage":0,"enemies":"Shield and Spear","floor":54,"turns":2},{"damage":57,"enemies":"The Heart","floor":55,"turns":6}],"seed_played":"-353006939544848473","potions_obtained":[{"floor":1,"key":"Swift Potion"},{"floor":3,"key":"Fruit Juice"},{"floor":3,"key":"Dexterity Potion"},{"floor":3,"key":"Ancient Potion"},{"floor":5,"key":"Weak Potion"},{"floor":12,"key":"Weak Potion"},{"floor":18,"key":"Dexterity Potion"},{"floor":23,"key":"Explosive Potion"},{"floor":24,"key":"Block Potion"},{"floor":34,"key":"Dexterity Potion"},{"floor":36,"key":"Energy Potion"},{"floor":40,"key":"LiquidBronze"},{"floor":45,"key":"Ancient Potion"},{"floor":48,"key":"SpeedPotion"}],"is_trial":false,"path_per_floor":["M","M","?","M","M","E","R","E","T","R","$","E","?","?","R","B",null,"M","?","?","M","$","E","M","?","T","R","M","E","?","M","R","B",null,"M","?","M","$","?","E","M","E","T","R","E","R","R","M","R","B",null,"R","$","E","B",null],"character_chosen":"THE_SILENT","items_purchased":["Predator","HandOfGreed","Whetstone","Infinite Blades","Cloak And Dagger+1","Panacea+1","LiquidBronze"],"campfire_rested":7,"item_purchase_floors":[11,22,38,53,53,53,53],"current_hp_per_floor":[60,59,64,52,51,26,48,17,17,39,39,27,27,12,34,21,62,62,60,75,74,74,76,72,72,72,72,74,65,65,67,67,35,78,74,45,49,49,49,41,45,49,56,88,85,111,113,113,113,66,101,115,115,115,58],"gold":93,"neow_bonus":"BOSS_RELIC","is_prod":false,"is_daily":false,"chose_seed":false,"campfire_upgraded":2,"win_rate":0,"timestamp":1559414164,"path_taken":["M","M","?","?","M","E","R","E","T","R","$","E","?","?","R","BOSS","M","?","?","M","$","E","M","?","T","R","?","E","?","M","R","BOSS","M","?","M","$","?","E","M","E","T","R","E","R","R","M","R","BOSS","R","$","E","BOSS"],"build_version":"2019-01-23","purchased_purges":3,"victory":true,"max_hp_per_floor":[70,70,75,75,75,75,75,75,75,75,75,75,75,75,75,75,75,75,75,75,75,75,77,77,77,77,77,79,81,81,83,83,83,90,90,92,94,94,94,96,98,100,107,107,109,111,113,113,113,113,113,115,115,115,115],"card_choices":[{"not_picked":["Flechettes","Dodge and Roll"],"picked":"Footwork","floor":1},{"not_picked":["Bane","Choke"],"picked":"Distraction","floor":2},{"not_picked":["Poisoned Stab","Distraction","Quick Slash"],"picked":"SKIP","floor":4},{"not_picked":["Poisoned Stab","Distraction"],"picked":"Quick Slash","floor":4},{"not_picked":["Crippling Poison","Acrobatics"],"picked":"Deflect","floor":5},{"not_picked":["PiercingWail","Slice"],"picked":"Backflip","floor":6},{"not_picked":["Masterful Stab","Catalyst"],"picked":"Malaise","floor":8},{"not_picked":["Quick Slash","Reflex"],"picked":"Deflect","floor":12},{"not_picked":["Doppelganger","Unload"],"picked":"Storm of Steel","floor":16},{"not_picked":[],"picked":"Dagger Spray+1","floor":18},{"not_picked":[],"picked":"Deflect","floor":19},{"not_picked":["Masterful Stab"],"picked":"SKIP","floor":21},{"not_picked":["Prepared"],"picked":"Singing Bowl","floor":23},{"not_picked":[],"picked":"Dagger Spray+1","floor":24},{"not_picked":["Quick Slash"],"picked":"Singing Bowl","floor":28},{"not_picked":["Predator"],"picked":"Singing Bowl","floor":29},{"not_picked":["Expertise+1"],"picked":"Singing Bowl","floor":31},{"not_picked":[],"picked":"After Image","floor":33},{"not_picked":["Expertise"],"picked":"Singing Bowl","floor":34},{"not_picked":[],"picked":"Blade Dance+1","floor":35},{"not_picked":["Reflex+1"],"picked":"Singing Bowl","floor":36},{"not_picked":["Poisoned Stab"],"picked":"Singing Bowl","floor":37},{"not_picked":["Dagger Throw+1"],"picked":"Singing Bowl","floor":40},{"not_picked":["Prepared+1"],"picked":"Singing Bowl","floor":41},{"not_picked":["Outmaneuver+1"],"picked":"Singing Bowl","floor":42},{"not_picked":[],"picked":"Malaise+1","floor":44},{"not_picked":["PiercingWail+1"],"picked":"Singing Bowl","floor":45},{"not_picked":["Poisoned Stab"],"picked":"Singing Bowl","floor":46},{"not_picked":["Prepared+1"],"picked":"Singing Bowl","floor":47},{"not_picked":[],"picked":"Noxious Fumes+1","floor":48},{"not_picked":["Heel Hook+1"],"picked":"Singing Bowl","floor":52},{"not_picked":[],"picked":"Terror+1","floor":54}],"player_experience":347477,"relics_obtained":[{"floor":6,"key":"Mercury Hourglass"},{"floor":6,"key":"Oddly Smooth Stone"},{"floor":8,"key":"Ninja Scroll"},{"floor":8,"key":"Boot"},{"floor":9,"key":"Bag of Marbles"},{"floor":12,"key":"Happy Flower"},{"floor":12,"key":"Shuriken"},{"floor":19,"key":"Red Mask"},{"floor":23,"key":"Lantern"},{"floor":23,"key":"Singing Bowl"},{"floor":29,"key":"Blood Vial"},{"floor":29,"key":"The Specimen"},{"floor":36,"key":"WingedGreaves"},{"floor":40,"key":"Gambling Chip"},{"floor":40,"key":"Toxic Egg 2"},{"floor":42,"key":"Dream Catcher"},{"floor":42,"key":"Dead Branch"},{"floor":43,"key":"Strawberry"},{"floor":45,"key":"MawBank"},{"floor":45,"key":"Letter Opener"},{"floor":54,"key":"Ornamental Fan"},{"floor":54,"key":"Snake Skull"}],"event_choices":[{"damage_healed":0,"gold_gain":0,"player_choice":"Got Potions","damage_taken":0,"max_hp_gain":0,"max_hp_loss":0,"event_name":"Lab","floor":3,"gold_loss":0},{"damage_healed":0,"gold_gain":0,"player_choice":"Left Gold","damage_taken":0,"max_hp_gain":0,"max_hp_loss":0,"event_name":"World of Goop","floor":13,"gold_loss":26},{"damage_healed":0,"gold_gain":0,"player_choice":"Entered Light","damage_taken":15,"max_hp_gain":0,"max_hp_loss":0,"event_name":"Shining Light","floor":14,"gold_loss":0,"cards_upgraded":["Strike_G","Defend_G"]},{"damage_healed":0,"gold_gain":0,"player_choice":"Fought Bandits","damage_taken":0,"max_hp_gain":0,"max_hp_loss":0,"event_name":"Masked Bandits","floor":19,"gold_loss":0},{"damage_healed":25,"gold_gain":0,"player_choice":"Heal","damage_taken":0,"max_hp_gain":0,"max_hp_loss":0,"event_name":"The Library","floor":20,"gold_loss":0},{"damage_healed":0,"gold_gain":0,"player_choice":"Ignored","damage_taken":0,"max_hp_gain":0,"max_hp_loss":0,"event_name":"Beggar","floor":25,"gold_loss":0},{"damage_healed":0,"gold_gain":0,"player_choice":"Obtained Relic","damage_taken":0,"relics_obtained":["PreservedInsect"],"max_hp_gain":0,"max_hp_loss":0,"event_name":"Addict","floor":30,"gold_loss":85},{"damage_healed":0,"gold_gain":0,"player_choice":"Fight","damage_taken":0,"max_hp_gain":0,"max_hp_loss":0,"event_name":"Mysterious Sphere","floor":36,"gold_loss":0},{"cards_removed":["Malaise"],"damage_healed":0,"gold_gain":0,"player_choice":"Card Removal","damage_taken":0,"max_hp_gain":0,"max_hp_loss":0,"event_name":"Wheel of Change","floor":39,"gold_loss":0}],"is_beta":false,"boss_relics":[{"not_picked":["Runic Pyramid","Runic Dome"],"picked":"Busted Crown"},{"not_picked":["Snecko Eye","Astrolabe"],"picked":"Tiny House"}],"items_purged_floors":[11,22,38],"is_endless":false,"potions_floor_spawned":[1,5,12,18,23,24,28,36,40,45,48,54],"ascension_level":5}