{"gold_per_floor":[18,37,57,76,90,122,122,122,122,122,133,106,133,58,58,161,161,173,186,204,404,419,446,460,487,513,527,23,122,139,139,139,243,243,263,273,119,119,70,70,103,156,183,194,213,232,250,264,264,264],"floor_reached":50,"playtime":4534,"items_purged":["Defend_R","Defend_R"],"score":630,"play_id":"4680a8b7-9422-48ee-a10b-24dcaec9d691","local_time":"20180624193047","is_ascension_mode":false,"campfire_choices":[{"data":"Flex","floor":7,"key":"SMITH"},{"data":"Anger","floor":10,"key":"SMITH"},{"data":"Limit Break","floor":15,"key":"SMITH"},{"floor":32,"key":"REST"},{"floor":40,"key":"REST"},{"floor":49,"key":"REST"}],"neow_cost":"NO_GOLD","seed_source_timestamp":616180387356108,"circlet_count":0,"master_deck":["Strike_R","Strike_R","Strike_R","Strike_R","Strike_R","Bash","Burning Pact","Pummel","Shrug It Off","Flex+1","Anger+1","Heavy Blade","Pommel Strike","Headbutt","Decay","Flex","Warcry","Limit Break+1","Impervious","Anger+1","Flex","Pommel Strike","Bludgeon","Burning Pact+1","Headbutt+1","Heavy Blade+1","Secret Technique","Cleave","Flex+1","Anger","Offering","Writhe","Headbutt+1","Fire Breathing","Pommel Strike+1","Anger+1","Thunderclap+1"],"relics":["Burning Blood","Orichalcum","Shuriken","Juzu Bracelet","Black Star","Bird Faced Urn","Torii","Self Forming Clay","Centennial Puzzle","Dream Catcher","Anchor","Fusion Hammer","Mercury Hourglass","Kunai","Sundial","Bronze Scales"],"potions_floor_usage":[24,25,25,25,33,33,46,46,47,47],"damage_taken":[{"damage":2,"enemies":"Small Slimes","floor":1,"turns":3},{"damage":1,"enemies":"Cultist","floor":2,"turns":4},{"damage":1,"enemies":"Jaw Worm","floor":3,"turns":3},{"damage":11,"enemies":"2 Fungi Beasts","floor":4,"turns":3},{"damage":8,"enemies":"Gremlin Gang","floor":5,"turns":5},{"damage":12,"enemies":"Gremlin Nob","floor":6,"turns":4},{"damage":4,"enemies":"Looter","floor":11,"turns":2},{"damage":10,"enemies":"3 Sentries","floor":13,"turns":4},{"damage":10,"enemies":"Slime Boss","floor":16,"turns":5},{"damage":16,"enemies":"Shell Parasite","floor":18,"turns":4},{"damage":0,"enemies":"Chosen","floor":19,"turns":4},{"damage":25,"enemies":"Centurion and Healer","floor":20,"turns":6},{"damage":4,"enemies":"Cultist and Chosen","floor":22,"turns":4},{"damage":21,"enemies":"Gremlin Leader","floor":23,"turns":5},{"damage":13,"enemies":"Slaver and Parasite","floor":24,"turns":5},{"damage":33,"enemies":"Slavers","floor":25,"turns":5},{"damage":1,"enemies":"Centurion and Healer","floor":27,"turns":5},{"damage":1,"enemies":"3 Cultists","floor":30,"turns":5},{"damage":21,"enemies":"Collector","floor":33,"turns":7},{"damage":9,"enemies":"3 Shapes","floor":35,"turns":3},{"damage":13,"enemies":"Orb Walker","floor":36,"turns":3},{"damage":33,"enemies":"2 Orb Walkers","floor":41,"turns":3},{"damage":18,"floor":42,"turns":3},{"damage":17,"enemies":"Sphere and 2 Shapes","floor":44,"turns":4},{"damage":17,"enemies":"4 Shapes","floor":45,"turns":3},{"damage":19,"enemies":"Maw","floor":46,"turns":6},{"damage":9,"enemies":"3 Darklings","floor":47,"turns":3},{"damage":6,"enemies":"Sphere and 2 Shapes","floor":48,"turns":2},{"damage":51,"enemies":"Donu and Deca","floor":50,"turns":3}],"seed_played":"1757848940982540072","potions_obtained":[{"floor":1,"key":"SneckoOil"},{"floor":4,"key":"FairyPotion"},{"floor":11,"key":"PowerPotion"},{"floor":13,"key":"SkillPotion"},{"floor":22,"key":"Fire Potion"},{"floor":24,"key":"EssenceOfSteel"},{"floor":30,"key":"FearPotion"},{"floor":35,"key":"LiquidBronze"},{"floor":36,"key":"SpeedPotion"},{"floor":46,"key":"Regen Potion"}],"is_trial":false,"path_per_floor":["M","M","M","M","M","E","R","?","T","R","M","$","E","$","R","B",null,"M","M","M","?","M","E","M","E","T","M","$","?","M","?","R","B",null,"M","M","$","?","$","R","E","?","T","M","M","M","M","M","R"],"character_chosen":"IRONCLAD","items_purchased":["Warcry","Secret Technique","SteroidPotion","Anchor","Offering","SteroidPotion"],"campfire_rested":3,"item_purchase_floors":[12,28,28,28,37,39],"current_hp_per_floor":[80,80,80,75,73,67,67,67,67,67,69,69,65,65,65,61,80,70,76,57,57,59,44,37,12,12,17,17,17,22,22,46,31,80,77,70,70,80,80,80,53,43,43,32,21,10,21,23,47,0],"gold":264,"neow_bonus":"TRANSFORM_TWO_CARDS","is_prod":false,"is_daily":false,"chose_seed":false,"campfire_upgraded":3,"win_rate":0.0,"timestamp":1529883047,"path_taken":["M","M","M","M","M","E","R","?","T","R","M","$","E","$","R","BOSS","M","M","M","?","M","E","M","E","T","M","$","?","M","?","R","BOSS","M","M","$","?","$","R","E","?","T","M","M","M","M","M","R","BOSS"],"build_version":"2018-06-21v2","purchased_purges":2,"victory":false,"max_hp_per_floor":[80,80,80,80,80,80,80,80,80,80,80,80,80,80,80,80,80,80,80,80,80,80,80,80,80,80,80,80,80,80,80,80,80,80,80,80,80,80,80,80,80,80,80,80,80,80,80,80,80,80],"card_choices":[{"not_picked":["Entrench","Armaments"],"picked":"Shrug It Off","floor":1},{"not_picked":["Iron Wave","Pummel"],"picked":"Flex","floor":2},{"not_picked":["Headbutt","Uppercut"],"picked":"Anger","floor":3},{"not_picked":["Thunderclap","Bloodletting"],"picked":"Heavy Blade","floor":4},{"not_picked":["Clothesline","Heavy Blade"],"picked":"Pommel Strike","floor":5},{"not_picked":["Iron Wave","Dropkick"],"picked":"Headbutt","floor":6},{"not_picked":["Disarm","True Grit"],"picked":"Flex","floor":11},{"not_picked":["Second Wind","Twin Strike"],"picked":"Limit Break","floor":13},{"not_picked":["Fiend Fire","Dark Embrace"],"picked":"Impervious","floor":16},{"not_picked":["Thunderclap","Clothesline+1"],"picked":"Anger+1","floor":18},{"not_picked":["Shockwave+1","Armaments"],"picked":"Flex","floor":19},{"not_picked":["Iron Wave","Thunderclap+1"],"picked":"Pommel Strike","floor":20},{"not_picked":["Dual Wield","Dropkick","Iron Wave"],"picked":"SKIP","floor":22},{"not_picked":["Sword Boomerang","Dropkick"],"picked":"Bludgeon","floor":23},{"not_picked":["Armaments+1","Heavy Blade"],"picked":"Burning Pact+1","floor":24},{"not_picked":["Sever Soul","Brutality"],"picked":"Headbutt+1","floor":25},{"not_picked":["Uppercut","Thunderclap"],"picked":"Heavy Blade+1","floor":27},{"not_picked":["Sword Boomerang","Heavy Blade"],"picked":"Cleave","floor":30},{"not_picked":["Sword Boomerang","Intimidate"],"picked":"Flex+1","floor":32},{"not_picked":["Feel No Pain+1","Body Slam","Armaments+1"],"picked":"SKIP","floor":35},{"not_picked":["Heavy Blade","Thunderclap"],"picked":"Anger","floor":36},{"not_picked":["Sword Boomerang","Shrug It Off+1"],"picked":"Headbutt+1","floor":40},{"not_picked":["Cleave+1","Rampage"],"picked":"Fire Breathing","floor":41},{"not_picked":["Metallicize+1","Combust","Perfected Strike"],"picked":"SKIP","floor":44},{"not_picked":["Twin Strike","Clothesline"],"picked":"Pommel Strike+1","floor":45},{"not_picked":["Entrench","True Grit+1","Perfected Strike+1"],"picked":"SKIP","floor":46},{"not_picked":["Clothesline","Perfected Strike+1","True Grit"],"picked":"SKIP","floor":47},{"not_picked":["Shrug It Off+1","Sword Boomerang+1"],"picked":"Anger+1","floor":48},{"not_picked":["Power Through","Juggernaut"],"picked":"Thunderclap+1","floor":49}],"player_experience":18325,"relics_obtained":[{"floor":6,"key":"Orichalcum"},{"floor":9,"key":"Shuriken"},{"floor":13,"key":"Juzu Bracelet"},{"floor":23,"key":"Bird Faced Urn"},{"floor":23,"key":"Torii"},{"floor":25,"key":"Self Forming Clay"},{"floor":25,"key":"Centennial Puzzle"},{"floor":26,"key":"Dream Catcher"},{"floor":41,"key":"Mercury Hourglass"},{"floor":41,"key":"Kunai"},{"floor":42,"key":"Sundial"},{"floor":43,"key":"Bronze Scales"}],"event_choices":[{"event_name":"Wheel of Change","player_choice":"Curse","floor":8,"damage_taken":0},{"event_name":"Wheel of Change","player_choice":"Gold","floor":21,"damage_taken":0},{"event_name":"Nest","player_choice":"Stole From Cult","floor":29,"damage_taken":0},{"event_name":"Cursed Tome","player_choice":"Ignored","floor":31,"damage_taken":0},{"event_name":"Winding Halls","player_choice":"Writhe","floor":38,"damage_taken":0},{"event_name":"Mysterious Sphere","player_choice":"Fight","floor":42,"damage_taken":0}],"boss_relics":[{"not_picked":["Runic Cube","Cursed Key"],"picked":"Black Star"},{"not_picked":["Coffee Dripper","Runic Dome"],"picked":"Fusion Hammer"}],"items_purged_floors":[14,28],"is_endless":false,"potions_floor_spawned":[1,4,11,13,18,19,22,24,30,35,36,44,46],"killed_by":"Donu and Deca","ascension_level":0}