{"gold_per_floor":[118,43,58,70,70,96,114,126,126,126,145,179,209,241,241,241],"floor_reached":16,"playtime":881,"items_purged":[],"score":189,"play_id":"3af52bda-12eb-4af1-ae06-689cb546004e","local_time":"20180820134807","is_ascension_mode":true,"campfire_choices":[{"data":"Spot Weakness","floor":10,"key":"SMITH"},{"data":"Armaments","floor":15,"key":"SMITH"}],"neow_cost":"CURSE","seed_source_timestamp":2068443283210,"circlet_count":0,"master_deck":["Strike_R","Strike_R","Strike_R","Strike_R","Strike_R","Defend_R","Defend_R","Defend_R","Defend_R+1","Bash","AscendersBane","Warcry","Battle Trance+1","Clash","Armaments+1","Intimidate","Spot Weakness+1","Feel No Pain","Barricade","Reaper+1","Flame Barrier"],"relics":["Burning Blood","Nunchaku","War Paint","Paper Frog","Molten Egg 2","Kunai","Ginger"],"potions_floor_usage":[6,12,14,16],"damage_taken":[{"damage":2,"enemies":"Small Slimes","floor":1,"turns":5},{"damage":9,"enemies":"Cultist","floor":3,"turns":5},{"damage":2,"enemies":"2 Louse","floor":4,"turns":3},{"damage":23,"enemies":"Gremlin Nob","floor":6,"turns":4},{"damage":3,"enemies":"2 Fungi Beasts","floor":7,"turns":4},{"damage":12,"enemies":"Gremlin Gang","floor":8,"turns":6},{"damage":14,"enemies":"Red Slaver","floor":11,"turns":5},{"damage":28,"enemies":"3 Sentries","floor":12,"turns":10},{"damage":6,"enemies":"Lagavulin","floor":14,"turns":10},{"damage":52,"enemies":"Slime Boss","floor":16,"turns":9}],"seed_played":"-1185974176150133592","potions_obtained":[{"floor":4,"key":"Fruit Juice"},{"floor":8,"key":"FearPotion"},{"floor":11,"key":"Block Potion"},{"floor":12,"key":"SkillPotion"}],"is_trial":false,"path_per_floor":["M","$","M","M","?","E","M","M","T","R","M","E","?","E","R"],"character_chosen":"IRONCLAD","items_purchased":["Battle Trance"],"campfire_rested":0,"item_purchase_floors":[2],"current_hp_per_floor":[76,76,73,77,77,65,68,62,62,62,54,32,32,40,40,0],"gold":241,"neow_bonus":"ONE_RARE_RELIC","is_prod":false,"is_daily":false,"chose_seed":false,"campfire_upgraded":2,"win_rate":0,"timestamp":1534787287,"path_taken":["M","$","M","M","?","E","M","M","T","R","M","E","?","E","R","BOSS"],"build_version":"2018-08-16","purchased_purges":0,"victory":false,"max_hp_per_floor":[80,80,80,80,80,85,85,85,85,85,85,85,85,85,85,85],"card_choices":[{"not_picked":["Bloodletting","Twin Strike"],"picked":"Warcry","floor":1},{"not_picked":["Headbutt","Cleave"],"picked":"Clash","floor":3},{"not_picked":["Hemokinesis","Cleave"],"picked":"Armaments","floor":4},{"not_picked":["Iron Wave","Heavy Blade"],"picked":"Intimidate","floor":6},{"not_picked":["Evolve","Clothesline"],"picked":"Spot Weakness","floor":7},{"not_picked":["Iron Wave","Armaments"],"picked":"Feel No Pain","floor":8},{"not_picked":["Flex","Sentinel"],"picked":"Barricade","floor":11},{"not_picked":["Havoc","Rampage"],"picked":"Reaper","floor":12},{"not_picked":["Seeing Red","Havoc"],"picked":"Flame Barrier","floor":14}],"player_experience":517288,"relics_obtained":[{"floor":6,"key":"War Paint"},{"floor":9,"key":"Paper Frog"},{"floor":12,"key":"Molten Egg 2"},{"floor":14,"key":"Ginger"}],"event_choices":[{"event_name":"Purifier","player_choice":"One Purge","floor":5,"damage_taken":0},{"event_name":"Dead Adventurer","player_choice":"Searched \u00273\u0027 times","floor":13,"damage_taken":0}],"is_beta":false,"boss_relics":[],"items_purged_floors":[],"is_endless":false,"potions_floor_spawned":[4,8,11,12],"killed_by":"Slime Boss","ascension_level":11}