{"gold_per_floor":[113,113,113,388,233,233,258,270,282,306,344,356,394,422,434,524,536,567,590,41,41,91,125,125,138,138,138],"floor_reached":27,"playtime":1234,"items_purged":["Regret","Strike_R"],"score":494,"play_id":"99cebaab-247f-4e7e-a4b2-0529861209e2","local_time":"20181119232207","is_ascension_mode":true,"campfire_choices":[{"data":"Bash","floor":6.0,"key":"SMITH"},{"data":"Body Slam","floor":8.0,"key":"SMITH"},{"data":"Havoc","floor":12.0,"key":"SMITH"},{"data":"Inflame","floor":15.0,"key":"SMITH"}],"neow_cost":"CURSE","seed_source_timestamp":472372408745968,"circlet_count":0,"master_deck":["AscendersBane","Strike_R","Strike_R","Strike_R","Strike_R","Defend_R","Defend_R","Defend_R","Defend_R","Bash+1","Carnage","Warcry","Body Slam+1","Havoc+1","Battle Trance","Inflame+1","Rage","Juggernaut","Shrug It Off","Trip","Evolve","Shrug It Off","Shrug It Off+1"],"special_seed":0,"relics":["Burning Blood","Unceasing Top","Bag of Marbles","MawBank","Oddly Smooth Stone","PreservedInsect","Coffee Dripper","Shuriken","Bag of Preparation","Bottled Flame"],"potions_floor_usage":[23,27,27],"damage_taken":[{"damage":4.0,"enemies":"Jaw Worm","floor":1.0,"turns":5.0},{"damage":8.0,"enemies":"Gremlin Nob","floor":7.0,"turns":3.0},{"damage":10.0,"enemies":"Small Slimes","floor":10.0,"turns":3.0},{"damage":10.0,"enemies":"3 Sentries","floor":11.0,"turns":7.0},{"damage":22.0,"enemies":"Lagavulin","floor":13.0,"turns":6.0},{"damage":9.0,"enemies":"2 Louse","floor":14.0,"turns":2.0},{"damage":20.0,"enemies":"Slime Boss","floor":16.0,"turns":8.0},{"damage":14.0,"enemies":"Spheric Guardian","floor":18.0,"turns":4.0},{"damage":10,"enemies":"2 Thieves","floor":19,"turns":4},{"damage":28,"enemies":"Book of Stabbing","floor":23,"turns":4},{"damage":18,"enemies":"Centurion and Healer","floor":25,"turns":4},{"damage":21,"enemies":"Chosen and Byrds","floor":27,"turns":5}],"seed_played":"-700632633969643597","potions_obtained":[{"floor":7.0,"key":"Regen Potion"},{"floor":10.0,"key":"Energy Potion"},{"floor":11.0,"key":"Fire Potion"},{"floor":13.0,"key":"Swift Potion"},{"floor":19,"key":"Energy Potion"},{"floor":25,"key":"Block Potion"}],"is_trial":false,"path_per_floor":["M","?","?","?","$","R","E","R","T","M","E","R","E","M","R","B",null,"M","M","$","?","?","E","?","M","T","M"],"character_chosen":"IRONCLAD","items_purchased":["Warcry","SteroidPotion","Shuriken","Trip","Evolve"],"campfire_rested":0,"item_purchase_floors":[5,5,20,20,20],"current_hp_per_floor":[70,63,58,58,58,58,56,56,56,52,63,63,47,44,44,30,64,56,52,52,52,52,30,30,18,18,0],"gold":138,"neow_bonus":"ONE_RARE_RELIC","is_prod":false,"is_daily":false,"chose_seed":false,"campfire_upgraded":4,"win_rate":0,"timestamp":1542687727,"path_taken":["M","?","?","?","$","R","E","R","T","M","E","R","E","?","R","BOSS","M","M","$","?","?","E","?","M","T","?"],"build_version":"2018-11-15","purchased_purges":2,"victory":false,"max_hp_per_floor":[75,75,75,75,75,75,75,75,75,75,75,75,75,75,75,75,75,75,75,75,75,75,75,75,75,75,75],"card_choices":[{"not_picked":["Armaments","Fire Breathing"],"picked":"Carnage","floor":1.0},{"not_picked":["Bloodletting","Flex"],"picked":"Body Slam","floor":7.0},{"not_picked":["Armaments","Sword Boomerang"],"picked":"Havoc","floor":10.0},{"not_picked":["Reckless Charge","Havoc"],"picked":"Battle Trance","floor":11.0},{"not_picked":["Blood for Blood","Twin Strike"],"picked":"Inflame","floor":13.0},{"not_picked":["Flex","True Grit"],"picked":"Rage","floor":14.0},{"not_picked":["Dark Embrace","Feed"],"picked":"Juggernaut","floor":16.0},{"not_picked":["Headbutt","Clash"],"picked":"Shrug It Off","floor":18.0},{"not_picked":["Pommel Strike","Perfected Strike","Clash"],"picked":"SKIP","floor":19},{"not_picked":["Power Through","Perfected Strike"],"picked":"Shrug It Off","floor":23},{"not_picked":["Havoc","Berserk"],"picked":"Shrug It Off+1","floor":25}],"player_experience":1124376,"relics_obtained":[{"floor":7.0,"key":"MawBank"},{"floor":11.0,"key":"Oddly Smooth Stone"},{"floor":13.0,"key":"PreservedInsect"},{"floor":23,"key":"Bag of Preparation"},{"floor":26,"key":"Bottled Flame"}],"event_choices":[{"cards_removed":["Writhe"],"damage_healed":0.0,"max_hp_gain":0.0,"max_hp_loss":0.0,"gold_gain":0.0,"event_name":"Golden Wing","player_choice":"Card Removal","floor":2.0,"gold_loss":0.0,"damage_taken":7.0},{"damage_healed":0.0,"max_hp_gain":0.0,"max_hp_loss":0.0,"gold_gain":0.0,"event_name":"Scrap Ooze","player_choice":"Success","floor":3.0,"gold_loss":0.0,"damage_taken":5.0,"relics_obtained":["Bag of Marbles"]},{"damage_healed":0.0,"max_hp_gain":0.0,"max_hp_loss":0.0,"gold_gain":275.0,"event_name":"Golden Shrine","player_choice":"Desecrate","floor":4.0,"gold_loss":0.0,"damage_taken":0.0,"cards_obtained":["Regret"]},{"damage_healed":0,"gold_gain":0,"player_choice":"Ignored","damage_taken":0,"max_hp_gain":0,"max_hp_loss":0,"event_name":"Ghosts","floor":21,"gold_loss":0},{"damage_healed":0,"gold_gain":50,"player_choice":"Stole From Cult","damage_taken":0,"max_hp_gain":0,"max_hp_loss":0,"event_name":"Nest","floor":22,"gold_loss":0},{"damage_healed":0,"gold_gain":0,"player_choice":"Ignored","damage_taken":0,"max_hp_gain":0,"max_hp_loss":0,"event_name":"The Mausoleum","floor":24,"gold_loss":0}],"is_beta":false,"boss_relics":[{"not_picked":["Fusion Hammer","Busted Crown"],"picked":"Coffee Dripper"}],"items_purged_floors":[5,20],"is_endless":false,"potions_floor_spawned":[7,10,11,13,19,25],"killed_by":"Chosen and Byrds","ascension_level":20}