{"gold_per_floor":[113,131,146,194,206,206,281,281,333,333,368,385,385,399,399,494,494,513,428,446,446,108,108,120,120,174,207,120,120,140,150,150,254,254,268,268,70,119,119,119,132,132,159,159,178,195,208,235,235,235,235,235,19,54,54],"floor_reached":56,"playtime":5323,"items_purged":["Night Terror","Bouncing Flask","Dagger Spray","Dagger Spray+1"],"score":1758,"play_id":"ce55c85a-75a1-4e65-bc94-fee08d5d2784","local_time":"20190711202317","is_ascension_mode":true,"campfire_choices":[{"data":"Dagger Spray","floor":6.0,"key":"SMITH"},{"data":"Dagger Spray","floor":8.0,"key":"SMITH"},{"floor":10.0,"key":"REST"},{"data":"1","floor":15,"key":"LIFT"},{"floor":23,"key":"REST"},{"data":"2","floor":25,"key":"LIFT"},{"floor":29,"key":"REST"},{"floor":32,"key":"REST"},{"data":"3","floor":40,"key":"LIFT"},{"floor":42,"key":"RECALL"},{"data":"Malaise","floor":44,"key":"SMITH"},{"floor":49,"key":"REST"},{"data":"Night Terror","floor":52,"key":"SMITH"}],"neow_cost":"NONE","seed_source_timestamp":0,"circlet_count":0,"master_deck":["AscendersBane","Survivor","Neutralize+1","Dagger Spray+1","Dagger Spray+1","Escape Plan","Footwork","Footwork","Well Laid Plans","Night Terror+1","Expertise","Venomology","Underhanded Strike","Backflip+1","Distraction","Corpse Explosion","Blur+1","Bouncing Flask","Backflip","Outmaneuver+1","Crippling Poison","Malaise+1","PiercingWail+1","Panacea","Backflip","Backflip","Deflect","Infinite Blades","Dagger Throw"],"special_seed":0,"relics":["Ring of the Snake","Snake Skull","Anchor","Girya","Pandora\u0027s Box","Meat on the Bone","Enchiridion","Membership Card","Whetstone","War Paint","Kunai","Busted Crown","Lantern","Oddly Smooth Stone","Art of War","Lee\u0027s Waffle","Orichalcum"],"potions_floor_usage":[16,20,20,24,24,27,27,27,27,35,50,54,55,55,55,55],"damage_taken":[{"damage":0.0,"enemies":"Cultist","floor":1.0,"turns":5.0},{"damage":0.0,"enemies":"Small Slimes","floor":2.0,"turns":3.0},{"damage":8.0,"enemies":"2 Louse","floor":3.0,"turns":3.0},{"damage":13.0,"enemies":"Red Slaver","floor":5.0,"turns":5.0},{"damage":10.0,"enemies":"3 Sentries","floor":11.0,"turns":4.0},{"damage":1.0,"enemies":"Looter","floor":12.0,"turns":3.0},{"damage":2.0,"enemies":"Exordium Thugs","floor":14.0,"turns":5.0},{"damage":0,"enemies":"The Guardian","floor":16,"turns":17},{"damage":22,"enemies":"Shell Parasite","floor":18,"turns":9},{"damage":9,"enemies":"Spheric Guardian","floor":20,"turns":4},{"damage":21,"enemies":"Snecko","floor":24,"turns":4},{"damage":40,"enemies":"Book of Stabbing","floor":27,"turns":6},{"damage":17,"enemies":"Snake Plant","floor":30,"turns":5},{"damage":0,"enemies":"Shelled Parasite and Fungi","floor":31,"turns":6},{"damage":18,"enemies":"Automaton","floor":33,"turns":14},{"damage":20,"enemies":"3 Darklings","floor":35,"turns":3},{"damage":0,"enemies":"3 Shapes","floor":41,"turns":2},{"damage":0,"enemies":"Maw","floor":45,"turns":9},{"damage":4,"enemies":"4 Shapes","floor":46,"turns":2},{"damage":2,"enemies":"Jaw Worm Horde","floor":47,"turns":3},{"damage":0,"enemies":"Nemesis","floor":48,"turns":11},{"damage":37,"enemies":"Donu and Deca","floor":50,"turns":12},{"damage":27,"enemies":"Shield and Spear","floor":54,"turns":9},{"damage":37,"enemies":"The Heart","floor":55,"turns":15}],"seed_played":"-3850564361676110351","potions_obtained":[{"floor":2.0,"key":"Fire Potion"},{"floor":3.0,"key":"EntropicBrew"},{"floor":5.0,"key":"Dexterity Potion"},{"floor":12.0,"key":"EssenceOfSteel"},{"floor":20,"key":"Strength Potion"},{"floor":33,"key":"PowerPotion"},{"floor":46,"key":"GhostInAJar"}],"is_trial":false,"path_per_floor":["M","M","M","T","M","R","?","R","T","R","E","M","?","M","R","B",null,"M","?","M","?","$","R","M","R","T","E","$","R","M","M","R","B",null,"M","?","$","T","?","R","M","R","T","R","M","M","M","E","R","B",null,"R","$","E","B",null],"character_chosen":"THE_SILENT","items_purchased":["Membership Card","Whetstone","Bouncing Flask","Crippling Poison","Lantern","GhostInAJar","Backflip","Infinite Blades","Lee\u0027s Waffle","Dagger Throw"],"campfire_rested":5,"item_purchase_floors":[22,22,22,28,37,37,37,53,53,53],"current_hp_per_floor":[63,63,55,55,42,42,31,31,31,52,42,41,80,78,78,78,80,58,58,49,33,33,57,48,48,48,34,34,58,41,41,65,47,72,52,52,52,52,52,52,52,52,52,52,52,48,46,46,70,45,71,71,87,60,35],"gold":54,"neow_bonus":"ONE_RANDOM_RARE_CARD","is_prod":false,"is_daily":false,"chose_seed":false,"campfire_upgraded":4,"win_rate":0,"timestamp":1562890997,"path_taken":["M","M","M","?","M","R","?","R","T","R","E","M","?","M","R","BOSS","M","?","M","?","$","R","M","R","T","E","$","R","M","M","R","BOSS","M","?","$","?","?","R","M","R","T","R","M","M","?","E","R","BOSS","R","$","E","BOSS"],"build_version":"2019-07-05","purchased_purges":4,"victory":true,"max_hp_per_floor":[70,70,70,70,70,70,70,70,70,70,70,70,80,80,80,80,80,80,80,80,80,80,80,80,80,80,80,80,80,80,80,80,80,80,80,80,80,80,80,80,80,80,80,80,80,80,80,80,80,80,80,80,87,87,87],"card_choices":[{"not_picked":["Choke","Well Laid Plans"],"picked":"Dagger Spray","floor":1.0},{"not_picked":["Well Laid Plans","Poisoned Stab"],"picked":"Dagger Spray","floor":2.0},{"not_picked":["Bane","Outmaneuver","Expertise"],"picked":"SKIP","floor":3.0},{"not_picked":["Blade Dance","Tactician"],"picked":"Escape Plan","floor":5.0},{"not_picked":["Masterful Stab","Predator"],"picked":"Footwork","floor":11.0},{"not_picked":["Quick Slash","Choke"],"picked":"Footwork","floor":12.0},{"not_picked":["Heel Hook","Bane"],"picked":"Well Laid Plans","floor":14.0},{"not_picked":["Adrenaline","Phantasmal Killer"],"picked":"Night Terror","floor":16},{"not_picked":["Eviscerate","Dagger Spray","Cloak And Dagger"],"picked":"SKIP","floor":18},{"not_picked":["Underhanded Strike+1","Deadly Poison"],"picked":"Blur","floor":20},{"not_picked":["Endless Agony","Reflex"],"picked":"Backflip","floor":24},{"not_picked":["Dodge and Roll","PiercingWail"],"picked":"Outmaneuver+1","floor":27},{"not_picked":["Flying Knee","Dash","Infinite Blades"],"picked":"SKIP","floor":30},{"not_picked":["Slice","Endless Agony","Bane"],"picked":"SKIP","floor":31},{"not_picked":["Unload","Burst"],"picked":"Malaise","floor":33},{"not_picked":[],"picked":"PiercingWail+1","floor":35},{"not_picked":["Quick Slash+1"],"picked":"SKIP","floor":41},{"not_picked":[],"picked":"Backflip","floor":45},{"not_picked":[],"picked":"Deflect","floor":46},{"not_picked":["Eviscerate"],"picked":"SKIP","floor":47},{"not_picked":["Outmaneuver"],"picked":"SKIP","floor":48},{"not_picked":["Finisher+1"],"picked":"SKIP","floor":54}],"player_experience":489982,"relics_obtained":[{"floor":4.0,"key":"Snake Skull"},{"floor":9.0,"key":"Anchor"},{"floor":11.0,"key":"Girya"},{"floor":21,"key":"Enchiridion"},{"floor":26,"key":"War Paint"},{"floor":27,"key":"Kunai"},{"floor":43,"key":"Oddly Smooth Stone"},{"floor":48,"key":"Art of War"},{"floor":54,"key":"Orichalcum"}],"event_choices":[{"damage_healed":0.0,"max_hp_gain":0.0,"max_hp_loss":0.0,"gold_gain":75.0,"event_name":"World of Goop","player_choice":"Gather Gold","floor":7.0,"gold_loss":0.0,"damage_taken":11.0},{"cards_removed":["A Thousand Cuts"],"damage_healed":29.0,"max_hp_gain":10.0,"max_hp_loss":0.0,"gold_gain":0.0,"event_name":"Bonfire Elementals","player_choice":"Offered Rare","floor":13.0,"gold_loss":0.0,"damage_taken":0.0},{"damage_healed":0,"gold_gain":0,"player_choice":"Obtained Relic","damage_taken":0,"relics_obtained":["Meat on the Bone"],"max_hp_gain":0,"max_hp_loss":0,"event_name":"Addict","floor":19,"gold_loss":85},{"damage_healed":0,"gold_gain":0,"player_choice":"Obtained Book","damage_taken":16,"max_hp_gain":0,"max_hp_loss":0,"event_name":"Cursed Tome","floor":21,"gold_loss":0},{"damage_healed":0,"gold_gain":0,"player_choice":"1 cards matched","damage_taken":0,"max_hp_gain":0,"max_hp_loss":0,"event_name":"Match and Keep!","floor":36,"gold_loss":0,"cards_obtained":["Panacea"]},{"damage_healed":0,"gold_gain":0,"player_choice":"Bought 0 Potions","damage_taken":0,"max_hp_gain":0,"max_hp_loss":0,"event_name":"The Woman in Blue","floor":39,"gold_loss":0}],"is_beta":false,"boss_relics":[{"not_picked":["White Beast Statue","Black Star"],"picked":"Pandora\u0027s Box"},{"not_picked":["Lizard Tail","HoveringKite"],"picked":"Busted Crown"}],"items_purged_floors":[22,28,37,53],"is_endless":false,"potions_floor_spawned":[2,3,5,12,18,20,33,35,46,48,54],"ascension_level":10}