{"gold_per_floor":[15,15,33,52,18,18,48,48,48,73,73,101,40,40,40,115,115,131,148,166,81,81,81,81],"floor_reached":24,"playtime":1295,"items_purged":[],"score":396,"play_id":"212f3fc6-8f65-49b8-b5aa-b967ea3b5155","local_time":"20181012202149","is_ascension_mode":true,"campfire_choices":[{"data":"A Thousand Cuts","floor":6.0,"key":"SMITH"},{"data":"Neutralize","floor":11.0,"key":"SMITH"},{"floor":15,"key":"REST"},{"floor":23,"key":"REST"}],"neow_cost":"NO_GOLD","seed_source_timestamp":190624930009543,"circlet_count":0,"master_deck":["Defend_G","Defend_G","Defend_G","Defend_G","Defend_G","Strike_G","Strike_G","Strike_G","Strike_G","Strike_G","Survivor","Neutralize+1","AscendersBane","A Thousand Cuts+1","Escape Plan","Backflip","Deadly Poison","Noxious Fumes","After Image","Cloak And Dagger","Malaise","Malaise","PiercingWail","Endless Agony","Escape Plan","Dash"],"special_seed":0,"relics":["Ring of the Snake","Singing Bowl","Strawberry","Juzu Bracelet","Oddly Smooth Stone","Orrery","Omamori","Molten Egg 2"],"potions_floor_usage":[18],"damage_taken":[{"damage":7.0,"enemies":"Jaw Worm","floor":1.0,"turns":6.0},{"damage":3.0,"enemies":"2 Louse","floor":3.0,"turns":4.0},{"damage":4.0,"enemies":"Small Slimes","floor":4.0,"turns":6.0},{"damage":26.0,"enemies":"3 Sentries","floor":7.0,"turns":6.0},{"damage":7.0,"enemies":"Lagavulin","floor":10.0,"turns":8.0},{"damage":22.0,"enemies":"Gremlin Nob","floor":12.0,"turns":5.0},{"damage":5,"enemies":"Slime Boss","floor":16,"turns":11},{"damage":29,"enemies":"3 Byrds","floor":18,"turns":5},{"damage":6,"enemies":"Chosen","floor":19,"turns":10},{"damage":23,"enemies":"Snecko","floor":20,"turns":7},{"damage":43,"enemies":"Gremlin Leader","floor":24,"turns":8}],"seed_played":"-5347191523063940385","potions_obtained":[{"floor":4.0,"key":"Weak Potion"},{"floor":16,"key":"AttackPotion"},{"floor":20,"key":"FearPotion"}],"is_trial":false,"path_per_floor":["M","?","M","M","$","R","E","$","T","E","R","E","?","?","R","B",null,"M","M","M","?","?","R"],"character_chosen":"THE_SILENT","items_purchased":["Noxious Fumes"],"campfire_rested":2,"item_purchase_floors":[5],"current_hp_per_floor":[52,57,54,50,50,50,24,24,31,24,24,2,2,2,25,20,70,43,37,14,14,14,39,0],"gold":81,"neow_bonus":"THREE_RARE_CARDS","is_prod":false,"is_daily":false,"chose_seed":false,"campfire_upgraded":2,"win_rate":0,"timestamp":1539390109,"path_taken":["M","?","?","M","?","R","E","$","T","E","R","E","?","?","R","BOSS","M","M","M","?","?","R","E"],"build_version":"2018-10-11","purchased_purges":0,"victory":false,"max_hp_per_floor":[66,71,71,71,71,71,71,71,78,78,78,78,78,78,78,78,84,86,86,86,86,86,86,86],"card_choices":[{"not_picked":["Phantasmal Killer","Envenom"],"picked":"A Thousand Cuts","floor":0.0},{"not_picked":["Blade Dance","Dagger Spray"],"picked":"Escape Plan","floor":1.0},{"not_picked":["Underhanded Strike","Predator"],"picked":"Backflip","floor":3.0},{"not_picked":["Catalyst","Slice"],"picked":"Deadly Poison","floor":4.0},{"not_picked":["Blade Dance","Night Terror"],"picked":"After Image","floor":7.0},{"not_picked":["Underhanded Strike","Crippling Poison"],"picked":"Cloak And Dagger","floor":10.0},{"not_picked":["A Thousand Cuts","Flying Knee"],"picked":"Malaise","floor":12.0},{"not_picked":["Burst","Adrenaline"],"picked":"Malaise","floor":16},{"not_picked":["Bane","Eviscerate","Heel Hook"],"picked":"Singing Bowl","floor":17},{"not_picked":["Outmaneuver","Acrobatics","Backflip"],"picked":"Singing Bowl","floor":17},{"not_picked":["Terror","Skewer"],"picked":"PiercingWail","floor":17},{"not_picked":["Skewer","Tactician","Deflect"],"picked":"Singing Bowl","floor":17},{"not_picked":["Blade Dance","Dodge and Roll"],"picked":"Endless Agony","floor":17},{"not_picked":["Dagger Throw","Acrobatics","Masterful Stab"],"picked":"Singing Bowl","floor":18},{"not_picked":["Backflip","Deflect"],"picked":"Escape Plan","floor":19},{"not_picked":["Crippling Poison","Sucker Punch"],"picked":"Dash","floor":20}],"player_experience":870162,"relics_obtained":[{"floor":7.0,"key":"Singing Bowl"},{"floor":9.0,"key":"Strawberry"},{"floor":10.0,"key":"Juzu Bracelet"},{"floor":12.0,"key":"Oddly Smooth Stone"}],"event_choices":[{"event_name":"Big Fish","player_choice":"Donut","floor":2.0,"damage_taken":0.0},{"event_name":"World of Goop","player_choice":"Left","floor":13.0,"damage_taken":0.0},{"event_name":"FaceTrader","player_choice":"Leave","floor":14,"damage_taken":0},{"event_name":"Addict","player_choice":"Obtained Relic","floor":21,"damage_taken":0},{"event_name":"The Mausoleum","player_choice":"Yes","floor":22,"damage_taken":0}],"is_beta":false,"boss_relics":[{"not_picked":["Philosopher\u0027s Stone","HoveringKite"],"picked":"Orrery"}],"items_purged_floors":[],"is_endless":false,"potions_floor_spawned":[4,16,20],"killed_by":"Gremlin Leader","ascension_level":15}