{"gold_per_floor":[112,36,48,65,140,140,168,168,168,200,217,217,237,247,247,348,348,364,381,398,167,167,167,195,214,239,154,154,154,154,154,154,154],"floor_reached":33,"playtime":1909,"items_purged":["Strike_R"],"score":305,"play_id":"981d624f-2d61-424b-a44e-27759e9516c2","local_time":"20180704211905","is_ascension_mode":true,"campfire_choices":[{"data":"Searing Blow","floor":6,"key":"SMITH"},{"data":"Searing Blow+1","floor":8,"key":"SMITH"},{"data":"Searing Blow+2","floor":12,"key":"SMITH"},{"floor":15,"key":"REST"},{"data":"Searing Blow+3","floor":23,"key":"SMITH"},{"data":"Searing Blow+4","floor":28,"key":"SMITH"},{"data":"Searing Blow+5","floor":30,"key":"SMITH"},{"floor":32,"key":"REST"}],"neow_cost":"NONE","seed_source_timestamp":15132995546100,"circlet_count":0,"master_deck":["Strike_R","Strike_R","Strike_R+1","Strike_R","Defend_R","Defend_R","Defend_R","Defend_R+1","Bash","Searing Blow+6","Anger+1","Armaments","Warcry","Offering","Havoc+1","Warcry","Armaments+1"],"relics":["Burning Blood","Unceasing Top","Matryoshka","Dodecahedron","Mark of Pain","Whetstone","Question Card","Paper Frog","Regal Pillow","Art of War","Bronze Scales"],"potions_floor_usage":[7,7,16,20,31,33,33],"damage_taken":[{"damage":2,"enemies":"Jaw Worm","floor":1,"turns":4},{"damage":0,"enemies":"2 Louse","floor":3,"turns":3},{"damage":3,"enemies":"Small Slimes","floor":4,"turns":5},{"damage":28,"enemies":"Gremlin Nob","floor":7,"turns":4},{"damage":23,"enemies":"Lagavulin","floor":10,"turns":6},{"damage":11,"enemies":"2 Fungi Beasts","floor":11,"turns":4},{"damage":8,"enemies":"3 Louse","floor":13,"turns":4},{"damage":14,"enemies":"Large Slime","floor":14,"turns":6},{"damage":35,"enemies":"The Guardian","floor":16,"turns":13},{"damage":5,"enemies":"3 Byrds","floor":18,"turns":5},{"damage":13,"enemies":"2 Thieves","floor":19,"turns":4},{"damage":15,"enemies":"Centurion and Healer","floor":20,"turns":7},{"damage":45,"enemies":"Book of Stabbing","floor":24,"turns":6},{"damage":4,"enemies":"Snecko","floor":25,"turns":3},{"damage":0,"enemies":"Snake Plant","floor":31,"turns":1},{"damage":91,"enemies":"Champ","floor":33,"turns":7}],"seed_played":"9043912894975916555","potions_obtained":[{"floor":1,"key":"Poison Potion"},{"floor":3,"key":"AttackPotion"},{"floor":10,"key":"SmokeBomb"},{"floor":11,"key":"Weak Potion"},{"floor":18,"key":"Block Potion"},{"floor":20,"key":"Ancient Potion"},{"floor":25,"key":"SkillPotion"}],"is_trial":false,"path_per_floor":["M","$","M","M","?","R","E","R","T","E","M","R","M","M","R","B",null,"M","M","M","$","?","R","E","M","T","?","R","?","R","M","R"],"character_chosen":"IRONCLAD","items_purchased":["Searing Blow","Whetstone"],"campfire_rested":2,"item_purchase_floors":[2,21],"current_hp_per_floor":[80,80,80,80,69,69,50,50,50,33,28,28,26,18,42,13,83,83,76,67,67,67,67,28,30,30,30,30,30,30,36,75,0],"gold":154,"neow_bonus":"UPGRADE_CARD","is_prod":false,"is_daily":false,"chose_seed":false,"campfire_upgraded":6,"win_rate":0,"timestamp":1530757145,"path_taken":["M","$","M","M","?","R","E","R","T","E","M","R","M","M","R","BOSS","M","M","M","$","?","R","E","M","T","?","R","?","R","M","R","BOSS"],"build_version":"2018-06-28","purchased_purges":1,"victory":false,"max_hp_per_floor":[80,80,80,80,80,80,83,83,83,83,83,83,83,83,83,83,83,83,83,83,83,83,83,83,83,83,83,83,83,83,83,83,83],"card_choices":[{"not_picked":["Intimidate","Pummel","Uppercut"],"picked":"SKIP","floor":1},{"not_picked":["Sword Boomerang","Pummel","Dropkick"],"picked":"SKIP","floor":3},{"not_picked":["Hemokinesis","Spot Weakness"],"picked":"Anger","floor":4},{"not_picked":["Clothesline","Reaper","Inflame"],"picked":"SKIP","floor":7},{"not_picked":["Clothesline","Entrench"],"picked":"Armaments","floor":10},{"not_picked":["Entrench","Cleave","Combust"],"picked":"SKIP","floor":11},{"not_picked":["Rampage","Blood for Blood","Sentinel"],"picked":"SKIP","floor":13},{"not_picked":["Sword Boomerang","Iron Wave"],"picked":"Warcry","floor":14},{"not_picked":["Dark Embrace","Limit Break"],"picked":"Offering","floor":16},{"not_picked":["Heavy Blade","Whirlwind"],"picked":"Havoc+1","floor":18},{"not_picked":["Pummel+1","Sentinel"],"picked":"Warcry","floor":19},{"not_picked":["Fire Breathing","Dual Wield","Iron Wave"],"picked":"SKIP","floor":20},{"not_picked":["Reaper","Twin Strike","Brutality","Cleave"],"picked":"SKIP","floor":24},{"not_picked":["Iron Wave","Sword Boomerang","Clothesline+1"],"picked":"Armaments+1","floor":25}],"player_experience":145353,"relics_obtained":[{"floor":7,"key":"Unceasing Top"},{"floor":9,"key":"Matryoshka"},{"floor":10,"key":"Dodecahedron"},{"floor":24,"key":"Paper Frog"},{"floor":26,"key":"Regal Pillow"},{"floor":26,"key":"Art of War"}],"event_choices":[{"event_name":"World of Goop","player_choice":"Gather Gold","floor":5,"damage_taken":0},{"event_name":"The Mausoleum","player_choice":"Yes","floor":22,"damage_taken":0},{"event_name":"Addict","player_choice":"Obtained Relic","floor":27,"damage_taken":0},{"event_name":"Ghosts","player_choice":"Ignored","floor":29,"damage_taken":0}],"boss_relics":[{"not_picked":["Fusion Hammer","Tiny House"],"picked":"Mark of Pain"}],"items_purged_floors":[21],"is_endless":false,"potions_floor_spawned":[1,3,10,11,18,20,25],"killed_by":"Champ","ascension_level":2}