{"gold_per_floor":[113,126,126,146,56,56,89,101,101,113,113,113,40,40,40,138,138,151,151,170,170,182,182,215,215,239,239,253,207,218,218,218,320,320,335,347,367,377,14,14,39,39,66,84,117,117,117,117,117,117],"floor_reached":51,"playtime":3232,"items_purged":["Noxious Fumes"],"score":975,"play_id":"e129bfdd-1896-4f12-91c1-a5b21b9ce8d1","local_time":"20190718104818","is_ascension_mode":true,"campfire_choices":[{"floor":6,"key":"REST"},{"floor":11,"key":"REST"},{"data":"Cloak And Dagger","floor":15,"key":"SMITH"},{"data":"Cloak And Dagger","floor":23,"key":"SMITH"},{"floor":25,"key":"REST"},{"data":"Caltrops","floor":27,"key":"SMITH"},{"floor":32,"key":"REST"},{"floor":40,"key":"REST"},{"floor":42,"key":"REST"},{"floor":46,"key":"REST"},{"data":"Ghostly","floor":49,"key":"SMITH"}],"neow_cost":"NONE","seed_source_timestamp":34506361594624,"circlet_count":0,"master_deck":["Strike_G","Strike_G","Strike_G","Defend_G","Defend_G","Defend_G","Defend_G","Defend_G","Survivor","Neutralize+1","Flying Knee","Dagger Spray","Caltrops+1","Cloak And Dagger+1","Cloak And Dagger+1","Dagger Throw","Envenom+1","Envenom+1","Leg Sweep","Envenom+1","Backflip+1","Ghostly+1","Ghostly","Ghostly","Ghostly+1","Ghostly","A Thousand Cuts+1","Catalyst+1","Dagger Throw","Infinite Blades+1","Wraith Form v2+1","Blade Dance+1","Dagger Throw+1","Acrobatics","Prepared+1","Wraith Form v2+1"],"relics":["Ring of the Snake","Incense Burner","Frozen Egg 2","Question Card","Sozu","Strawberry","Art of War","Lizard Tail","Blood Vial","War Paint","Anchor","Whetstone","Orichalcum"],"potions_floor_usage":[7,7,50],"damage_taken":[{"damage":9,"enemies":"Cultist","floor":1,"turns":6},{"damage":11,"enemies":"Small Slimes","floor":2,"turns":4},{"damage":0,"enemies":"2 Louse","floor":4,"turns":2},{"damage":20,"enemies":"3 Sentries","floor":7,"turns":5},{"damage":13,"enemies":"Lots of Slimes","floor":8,"turns":5},{"damage":6,"enemies":"Large Slime","floor":10,"turns":7},{"damage":51,"enemies":"The Guardian","floor":16,"turns":11},{"damage":13,"enemies":"Shell Parasite","floor":18,"turns":6},{"damage":24,"enemies":"Spheric Guardian","floor":20,"turns":6},{"damage":1,"enemies":"Centurion and Healer","floor":22,"turns":8},{"damage":11,"enemies":"Gremlin Leader","floor":24,"turns":7},{"damage":3,"enemies":"Snecko","floor":28,"turns":7},{"damage":3,"enemies":"3 Cultists","floor":30,"turns":5},{"damage":26,"enemies":"Collector","floor":33,"turns":7},{"damage":12,"enemies":"Orb Walker","floor":35,"turns":5},{"damage":4,"enemies":"3 Shapes","floor":36,"turns":5},{"damage":2,"enemies":"Jaw Worm Horde","floor":37,"turns":4},{"damage":1,"enemies":"Transient","floor":38,"turns":5},{"damage":3,"enemies":"Nemesis","floor":41,"turns":9},{"damage":13,"enemies":"4 Shapes","floor":44,"turns":6},{"damage":2,"enemies":"Giant Head","floor":45,"turns":9},{"damage":0,"enemies":"Donu and Deca","floor":50,"turns":12}],"seed_played":"7201503857557600980","potions_obtained":[{"floor":2,"key":"SteroidPotion"},{"floor":4,"key":"AttackPotion"},{"floor":10,"key":"Strength Potion"}],"is_trial":false,"path_per_floor":["M","M","$","M","$","R","E","M","T","M","R","?","$","?","R","B",null,"M","?","M","?","M","R","E","R","T","R","M","$","M","?","R","B",null,"M","M","M","M","$","R","E","R","T","M","E","R","?","?","R","B",null],"character_chosen":"THE_SILENT","items_purchased":["Noxious Fumes","Cloak And Dagger","Envenom+1","Dagger Throw","Blood Vial","War Paint"],"campfire_rested":7,"item_purchase_floors":[5,5,13,29,39,39],"current_hp_per_floor":[61,50,50,50,50,70,50,37,37,31,52,70,70,70,70,19,70,57,57,33,33,32,32,28,40,40,40,37,37,34,28,40,14,42,30,26,24,23,23,35,34,42,42,29,29,41,41,41,41,42],"gold":117,"neow_bonus":"REMOVE_CARD","is_prod":false,"is_daily":false,"chose_seed":false,"campfire_upgraded":4,"win_rate":0,"timestamp":1563464898,"path_taken":["M","M","?","?","?","R","E","?","T","M","R","?","$","?","R","BOSS","M","?","?","?","M","R","E","R","T","R","M","$","M","?","R","BOSS","M","M","?","M","$","R","E","R","T","M","E","R","?","?","R","BOSS"],"build_version":"2019-07-17","purchased_purges":1,"victory":true,"max_hp_per_floor":[70,70,70,70,70,70,70,70,70,70,70,70,70,70,70,70,70,70,70,70,35,35,35,42,42,42,42,42,42,42,42,42,42,42,42,42,42,42,42,42,42,42,42,42,42,42,42,42,42,42],"card_choices":[{"not_picked":["Distraction","Deadly Poison"],"picked":"Flying Knee","floor":1},{"not_picked":["Bouncing Flask","Choke"],"picked":"Dagger Spray","floor":2},{"not_picked":["Finisher","Poisoned Stab"],"picked":"Caltrops","floor":4},{"not_picked":["Flying Knee","Heel Hook"],"picked":"Cloak And Dagger","floor":7},{"not_picked":["Cloak And Dagger","Infinite Blades","Bane"],"picked":"SKIP","floor":8},{"not_picked":["Flying Knee","Blade Dance"],"picked":"Dagger Throw","floor":10},{"not_picked":["Doppelganger","Malaise","Glass Knife"],"picked":"Envenom+1","floor":16},{"not_picked":["Quick Slash+1","Poisoned Stab","Sucker Punch"],"picked":"Leg Sweep","floor":18},{"not_picked":["Slice","Outmaneuver","Finisher+1"],"picked":"Backflip+1","floor":20},{"not_picked":["Quick Slash","Slice","Deadly Poison+1","Underhanded Strike"],"picked":"SKIP","floor":22},{"not_picked":["Predator","Bane","Corpse Explosion"],"picked":"A Thousand Cuts+1","floor":24},{"not_picked":["Sucker Punch","Eviscerate","Deflect+1"],"picked":"Catalyst","floor":28},{"not_picked":["Backflip","Leg Sweep","Deadly Poison"],"picked":"Infinite Blades+1","floor":30},{"not_picked":["After Image+1","Burst","Doppelganger"],"picked":"Wraith Form v2+1","floor":33},{"not_picked":["PiercingWail","Reflex+1","Acrobatics"],"picked":"Blade Dance+1","floor":35},{"not_picked":["Predator+1","Dodge and Roll+1","Leg Sweep+1"],"picked":"Dagger Throw+1","floor":36},{"not_picked":["Poisoned Stab+1","Distraction","Dagger Throw+1"],"picked":"Acrobatics","floor":37},{"not_picked":["Bane","Poisoned Stab+1","Masterful Stab"],"picked":"Prepared+1","floor":38},{"not_picked":["Bane","Poisoned Stab+1","Cloak And Dagger+1","Dagger Spray"],"picked":"SKIP","floor":41},{"not_picked":["Poisoned Stab+1","Expertise","Caltrops+1"],"picked":"Wraith Form v2+1","floor":44},{"not_picked":["Accuracy+1","Predator","Bouncing Flask","Cloak And Dagger"],"picked":"SKIP","floor":45}],"player_experience":158303,"relics_obtained":[{"floor":7,"key":"Incense Burner"},{"floor":9,"key":"Frozen Egg 2"},{"floor":24,"key":"Strawberry"},{"floor":26,"key":"Art of War"},{"floor":41,"key":"Anchor"},{"floor":43,"key":"Whetstone"},{"floor":45,"key":"Orichalcum"}],"event_choices":[{"damage_healed":23,"gold_gain":0,"player_choice":"Banana","damage_taken":0,"max_hp_gain":0,"max_hp_loss":0,"event_name":"Big Fish","floor":12,"gold_loss":0},{"damage_healed":0,"gold_gain":0,"player_choice":"Searched \u00271\u0027 times","damage_taken":0,"relics_obtained":["Question Card"],"max_hp_gain":0,"max_hp_loss":0,"event_name":"Dead Adventurer","floor":14,"gold_loss":0},{"damage_healed":0,"gold_gain":0,"player_choice":"Copied","damage_taken":0,"max_hp_gain":0,"max_hp_loss":0,"event_name":"Duplicator","floor":19,"gold_loss":0,"cards_obtained":["Envenom"]},{"damage_healed":0,"gold_gain":0,"player_choice":"Became a Ghost","damage_taken":0,"max_hp_gain":0,"max_hp_loss":35,"event_name":"Ghosts","floor":21,"gold_loss":0,"cards_obtained":["Ghostly","Ghostly","Ghostly","Ghostly","Ghostly"]},{"damage_healed":0,"gold_gain":0,"player_choice":"","damage_taken":6,"max_hp_gain":0,"max_hp_loss":0,"event_name":"Knowing Skull","floor":31,"potions_obtained":[],"gold_loss":0,"cards_obtained":[]},{"cards_removed":["Strike_G"],"damage_healed":0,"gold_gain":0,"player_choice":"Removed Attack","damage_taken":0,"max_hp_gain":0,"max_hp_loss":0,"event_name":"Falling","floor":47,"gold_loss":0},{"damage_healed":0,"gold_gain":0,"player_choice":"0 cards matched","damage_taken":0,"max_hp_gain":0,"max_hp_loss":0,"event_name":"Match and Keep!","floor":48,"gold_loss":0,"cards_obtained":[]}],"is_beta":false,"boss_relics":[{"not_picked":["HoveringKite","Black Star"],"picked":"Sozu"},{"not_picked":["Runic Pyramid","Ring of the Serpent"],"picked":"Lizard Tail"}],"items_purged_floors":[39],"is_endless":false,"potions_floor_spawned":[2,4,10,24,28,33,37,41,45],"ascension_level":4}