{"gold_per_floor":[115,115,265,265,284,284,307,144,144,194,194,217,217],"floor_reached":13,"playtime":304,"items_purged":["Doubt"],"score":145,"play_id":"81f9d2ae-4f32-47e2-a23f-a9d6ee435090","local_time":"20181125152350","is_ascension_mode":true,"campfire_choices":[{"data":"Havoc","floor":6,"key":"SMITH"},{"data":"True Grit","floor":11,"key":"SMITH"}],"neow_cost":"CURSE","seed_source_timestamp":8821727271794,"circlet_count":0,"master_deck":["AscendersBane","Strike_R","Strike_R","Strike_R","Strike_R","Strike_R","Defend_R","Defend_R","Defend_R","Defend_R","Bash","Havoc+1","True Grit+1","Sentinel","Feel No Pain","True Grit+1"],"relics":["Burning Blood","Dead Branch","Golden Idol","Spirit Poop","Toxic Egg 2"],"potions_floor_usage":[13],"damage_taken":[{"damage":13,"enemies":"Jaw Worm","floor":1,"turns":4},{"damage":7,"enemies":"2 Louse","floor":5,"turns":2},{"damage":0,"enemies":"Cultist","floor":7,"turns":3},{"damage":19,"enemies":"3 Louse","floor":12,"turns":4},{"damage":39,"enemies":"Gremlin Gang","floor":13,"turns":3}],"seed_played":"9152584710634903074","potions_obtained":[{"floor":12,"key":"BloodPotion"}],"is_trial":false,"path_per_floor":["M","?","?","?","M","R","M","$","T","?","R","M","M"],"character_chosen":"IRONCLAD","items_purchased":["Feel No Pain"],"campfire_rested":0,"item_purchase_floors":[8],"current_hp_per_floor":[61,35,35,35,34,34,40,40,40,33,33,20,0],"gold":217,"neow_bonus":"ONE_RARE_RELIC","is_prod":false,"is_daily":false,"chose_seed":false,"campfire_upgraded":2,"win_rate":0,"timestamp":1543177430,"path_taken":["M","?","?","?","M","R","?","$","T","?","R","M","M"],"build_version":"2018-11-15","purchased_purges":1,"victory":false,"max_hp_per_floor":[75,75,75,75,75,75,75,75,75,75,75,75,75],"card_choices":[{"not_picked":["Blood for Blood","Intimidate"],"picked":"Havoc","floor":1},{"not_picked":["Metallicize","Bloodletting"],"picked":"True Grit","floor":5},{"not_picked":["Pommel Strike","Heavy Blade"],"picked":"Sentinel","floor":7},{"not_picked":["Metallicize","Rage+1"],"picked":"True Grit+1","floor":12}],"player_experience":1157301,"relics_obtained":[{"floor":9,"key":"Toxic Egg 2"}],"event_choices":[{"damage_healed":0,"gold_gain":0,"player_choice":"Take Damage","damage_taken":26,"relics_obtained":["Golden Idol"],"max_hp_gain":0,"max_hp_loss":0,"event_name":"Golden Idol","floor":2,"gold_loss":0},{"damage_healed":0,"gold_gain":150,"player_choice":"AGREE","damage_taken":0,"max_hp_gain":0,"max_hp_loss":0,"event_name":"Liars Game","floor":3,"gold_loss":0,"cards_obtained":["Doubt"]},{"cards_removed":["Pain"],"damage_healed":0,"gold_gain":0,"player_choice":"Offered Curse","damage_taken":0,"relics_obtained":["Spirit Poop"],"max_hp_gain":0,"max_hp_loss":0,"event_name":"Bonfire Elementals","floor":4,"gold_loss":0},{"damage_healed":0,"gold_gain":50,"player_choice":"Touch","damage_taken":7,"max_hp_gain":0,"max_hp_loss":0,"event_name":"FaceTrader","floor":10,"gold_loss":0}],"is_beta":false,"boss_relics":[],"items_purged_floors":[8],"is_endless":false,"potions_floor_spawned":[12],"killed_by":"Gremlin Gang","ascension_level":20}