{"gold_per_floor":[117,128,142,142,152,152,187,187,265,265,265,20,36,70,70,145,145,155,174,174,190,20,20,54,154,154,154,154,180,193,204,204,281,281,293,307,307,325,345,345,8,8,8,34,45,78,78,9,9,82,82,98,113,113,128,147,163,163,196,196,221,231,8,8,26,26,101,101,119,13,32,45,56,83,83,97,124,22,37,72,72,85,85,156,156,175,17,37,55,69,95,95,129,158,158,177,177,52,64,64,138,138],"floor_reached":102,"playtime":7061,"items_purged":["Strike_B","Strike_B","Strike_B","Regret"],"score":4269,"play_id":"9edff83a-abcd-4c8d-b274-3ef72596d46f","local_time":"20181111151322","is_ascension_mode":true,"campfire_choices":[{"data":"Zap","floor":6.0,"key":"SMITH"},{"data":"Go for the Eyes","floor":8.0,"key":"SMITH"},{"data":"Sweeping Beam","floor":10.0,"key":"SMITH"},{"data":"Dualcast","floor":15.0,"key":"SMITH"},{"floor":23.0,"key":"REST"},{"floor":28.0,"key":"REST"},{"floor":32.0,"key":"REST"},{"floor":40.0,"key":"REST"},{"floor":42.0,"key":"REST"},{"floor":49.0,"key":"REST"},{"floor":58.0,"key":"REST"},{"floor":64.0,"key":"REST"},{"floor":66.0,"key":"REST"},{"floor":75.0,"key":"REST"},{"floor":83.0,"key":"REST"},{"floor":92,"key":"REST"},{"floor":95,"key":"REST"},{"floor":100,"key":"REST"}],"neow_cost":"","seed_source_timestamp":0,"circlet_count":0,"master_deck":["AscendersBane","Defend_B+1","Defend_B+1","Defend_B+1","Defend_B+1","Zap+1","Dualcast+1","Go for the Eyes+1","FTL","Glacier+1","Sweeping Beam+1","Cold Snap","Ball Lightning+1","Compile Driver","All For One","Coolheaded+1","Turbo","Hologram+1","Seek","Capacitor","Consume+1","FTL+1","Multi-Cast","Hologram+1","Stack+1","Seek","Seek","Reinforced Body","Thunder Strike","Defragment","Blizzard+1","Electrodynamics","Good Instincts","Turbo","Hologram","Reinforced Body","Electrodynamics","Reinforced Body","All For One","Decay","Writhe","Compile Driver","Apotheosis","Loop+1","Coolheaded+1","FTL","Go for the Eyes","Recycle","Defragment","Leap+1","Creative AI"],"special_seed":0,"relics":["Cracked Core","Happy Flower","The Courier","Chemical X","WingedGreaves","Fusion Hammer","Enchiridion","OrangePellets","Centennial Puzzle","Thread and Needle","Shuriken","Bird Faced Urn","Sundial","Sozu","Membership Card","Ornamental Fan","Blue Candle","Mummified Hand","PreservedInsect","War Paint","Philosopher\u0027s Stone","Torii","Letter Opener","Medical Kit","Whetstone","Inserter","DataDisk","Tiny Chest","Bag of Marbles","Calling Bell","Regal Pillow","Mercury Hourglass","Ice Cream","Lee\u0027s Waffle","Cursed Key"],"potions_floor_usage":[],"damage_taken":[{"damage":0.0,"enemies":"Cultist","floor":1.0,"turns":4.0},{"damage":7.0,"enemies":"Jaw Worm","floor":2.0,"turns":3.0},{"damage":4.0,"enemies":"2 Louse","floor":3.0,"turns":2.0},{"damage":0.0,"enemies":"Exordium Thugs","floor":4.0,"turns":1.0},{"damage":2.0,"enemies":"Blue Slaver","floor":5.0,"turns":4.0},{"damage":22.0,"enemies":"Gremlin Nob","floor":7.0,"turns":4.0},{"damage":0.0,"enemies":"3 Louse","floor":13.0,"turns":3.0},{"damage":0.0,"enemies":"Lagavulin","floor":14.0,"turns":6.0},{"damage":15.0,"enemies":"The Guardian","floor":16.0,"turns":12.0},{"damage":0.0,"enemies":"Spheric Guardian","floor":18.0,"turns":3.0},{"damage":0.0,"enemies":"Shell Parasite","floor":19.0,"turns":3.0},{"damage":0.0,"enemies":"Snecko","floor":21.0,"turns":5.0},{"damage":23.0,"enemies":"Gremlin Leader","floor":24.0,"turns":8.0},{"damage":0.0,"enemies":"Colosseum Slavers","floor":25.0,"turns":8.0},{"damage":38.0,"enemies":"Colosseum Nobs","floor":25.0,"turns":5.0},{"damage":7.0,"enemies":"Book of Stabbing","floor":29.0,"turns":4.0},{"damage":8.0,"enemies":"Centurion and Healer","floor":30.0,"turns":3.0},{"damage":14.0,"enemies":"Snake Plant","floor":31.0,"turns":4.0},{"damage":29.0,"enemies":"Champ","floor":33.0,"turns":9.0},{"damage":0.0,"enemies":"3 Darklings","floor":35.0,"turns":4.0},{"damage":0.0,"enemies":"Orb Walker","floor":36.0,"turns":3.0},{"damage":0.0,"enemies":"Writhing Mass","floor":38.0,"turns":8.0},{"damage":13.0,"enemies":"3 Darklings","floor":39.0,"turns":6.0},{"damage":34.0,"enemies":"Nemesis","floor":44.0,"turns":9.0},{"damage":24.0,"enemies":"Transient","floor":45.0,"turns":6.0},{"damage":11.0,"enemies":"Giant Head","floor":46.0,"turns":20.0},{"damage":1.0,"enemies":"Donu and Deca","floor":50.0,"turns":9.0},{"damage":0.0,"enemies":"Jaw Worm","floor":52.0,"turns":3.0},{"damage":0.0,"enemies":"Small Slimes","floor":53.0,"turns":1.0},{"damage":0.0,"enemies":"Cultist","floor":55.0,"turns":3.0},{"damage":0.0,"enemies":"Large Slime","floor":56.0,"turns":3.0},{"damage":0.0,"enemies":"Looter","floor":57.0,"turns":3.0},{"damage":0.0,"enemies":"Lagavulin","floor":59.0,"turns":3.0},{"damage":0.0,"enemies":"3 Sentries","floor":61.0,"turns":3.0},{"damage":0.0,"enemies":"Blue Slaver","floor":62.0,"turns":3.0},{"damage":0.0,"enemies":"3 Louse","floor":65.0,"turns":1.0},{"damage":1.0,"enemies":"The Guardian","floor":67.0,"turns":8.0},{"damage":6.0,"enemies":"3 Byrds","floor":69.0,"turns":3.0},{"damage":12.0,"enemies":"Shell Parasite","floor":71.0,"turns":3.0},{"damage":0.0,"enemies":"Centurion and Healer","floor":72.0,"turns":6.0},{"damage":0.0,"enemies":"Snecko","floor":73.0,"turns":5.0},{"damage":15.0,"enemies":"Slavers","floor":74.0,"turns":2.0},{"damage":0.0,"enemies":"Chosen and Byrds","floor":76.0,"turns":6.0},{"damage":0.0,"enemies":"Gremlin Leader","floor":77.0,"turns":5.0},{"damage":0.0,"enemies":"Shelled Parasite and Fungi","floor":79.0,"turns":3.0},{"damage":28.0,"enemies":"Book of Stabbing","floor":80.0,"turns":4.0},{"damage":0.0,"enemies":"Centurion and Healer","floor":82.0,"turns":6.0},{"damage":15,"enemies":"Automaton","floor":84,"turns":11},{"damage":31,"enemies":"3 Darklings","floor":86,"turns":3},{"damage":15,"enemies":"3 Shapes","floor":88,"turns":2},{"damage":2,"enemies":"Maw","floor":89,"turns":6},{"damage":30,"enemies":"4 Shapes","floor":90,"turns":3},{"damage":1,"enemies":"Giant Head","floor":91,"turns":5},{"damage":55,"enemies":"Nemesis","floor":93,"turns":5},{"damage":0,"enemies":"Reptomancer","floor":94,"turns":3},{"damage":30,"enemies":"3 Darklings","floor":96,"turns":4},{"damage":0,"enemies":"Maw","floor":99,"turns":6},{"damage":9,"enemies":"Time Eater","floor":101,"turns":9}],"seed_played":"2317602166774176994","potions_obtained":[{"floor":2.0,"key":"Ancient Potion"},{"floor":3.0,"key":"SmokeBomb"},{"floor":5.0,"key":"Weak Potion"},{"floor":7.0,"key":"AttackPotion"},{"floor":18.0,"key":"Dexterity Potion"},{"floor":21.0,"key":"Regen Potion"},{"floor":29.0,"key":"Energy Potion"},{"floor":33.0,"key":"SpeedPotion"}],"is_trial":true,"path_per_floor":["M","M","M","M","M","R","E","R","T","R","?","$","M","E","R","B",null,"M","M","?","M","$","R","E","?","T","?","R","E","M","M","R","B",null,"M","M","?","M","M","R","$","R","T","E","M","E","?","$","R","B",null,"M","M","?","M","M","M","R","E","T","E","M","$","R","M","R","B",null,"M","$","M","M","M","E","R","M","E","$","M","E","?","M","R","B",null,"M","$","M","M","M","E","R","E","E","R","M","?","$","M","R","B",null],"character_chosen":"DEFECT","items_purchased":["Chemical X","OrangePellets","Membership Card","Ornamental Fan","War Paint","Medical Kit","Whetstone","DataDisk","Good Instincts","Tiny Chest","Bag of Marbles","Apotheosis","Lee\u0027s Waffle","Defragment"],"campfire_rested":14,"item_purchase_floors":[12,22,41,41,48,63,63,70,70,78,78,87,98,98],"current_hp_per_floor":[64,57,53,53,51,51,29,29,29,29,34,34,34,34,34,19,62,62,62,41,41,41,63,40,17,17,17,39,36,32,22,44,19,62,66,70,70,76,65,76,76,76,76,44,24,76,76,76,76,75,76,76,76,76,76,76,76,76,76,76,76,76,76,76,76,76,76,76,74,74,72,76,76,63,76,76,76,76,76,52,52,58,76,65,73,45,45,38,48,30,39,76,27,39,76,53,53,83,83,83,83,83],"gold":138,"neow_bonus":"","is_prod":false,"is_daily":false,"chose_seed":false,"campfire_upgraded":4,"win_rate":0,"timestamp":1541967202,"path_taken":["M","?","M","M","M","R","E","R","T","R","?","$","M","E","R","BOSS","M","M","?","M","$","R","E","?","T","?","R","E","?","M","R","BOSS","M","M","?","M","M","R","$","R","T","E","M","E","?","$","R","BOSS","M","M","?","M","?","M","R","E","T","E","M","$","R","M","R","BOSS","M","?","?","M","M","E","R","M","E","$","M","E","?","M","R","BOSS","M","$","M","M","M","E","R","E","E","R","M","?","$","M","R","BOSS"],"build_version":"2018-11-08","purchased_purges":4,"victory":false,"max_hp_per_floor":[71,71,71,71,71,71,71,71,71,71,76,76,76,76,76,76,76,76,76,76,76,76,76,76,76,76,76,76,76,76,76,76,76,76,76,76,76,76,76,76,76,76,76,76,76,76,76,76,76,76,76,76,76,76,76,76,76,76,76,76,76,76,76,76,76,76,76,76,76,76,76,76,76,76,76,76,76,76,76,76,76,76,76,76,76,76,76,76,76,76,76,76,76,76,76,76,76,83,83,83,83,83],"card_choices":[{"not_picked":["Steam","Coolheaded"],"picked":"Go for the Eyes","floor":1.0},{"not_picked":["Cold Snap","Barrage"],"picked":"FTL","floor":2.0},{"not_picked":["Streamline","Hyperbeam"],"picked":"Glacier","floor":3.0},{"not_picked":["Beam Cell","Self Repair"],"picked":"Sweeping Beam","floor":5.0},{"not_picked":["Gash","Capacitor"],"picked":"Cold Snap","floor":7.0},{"not_picked":["Steam","Rip and Tear"],"picked":"Ball Lightning","floor":13.0},{"not_picked":["Coolheaded","Leap"],"picked":"Compile Driver","floor":14.0},{"not_picked":["Seek","Biased Cognition"],"picked":"All For One","floor":16.0},{"not_picked":["Rebound","Beam Cell"],"picked":"Coolheaded+1","floor":18.0},{"not_picked":["Leap","Rebound"],"picked":"Turbo","floor":19.0},{"not_picked":["Coolheaded","Go for the Eyes+1"],"picked":"Hologram+1","floor":21.0},{"not_picked":["All For One","Aggregate"],"picked":"Seek","floor":24.0},{"not_picked":["Leap","Streamline"],"picked":"Capacitor","floor":25.0},{"not_picked":["Ball Lightning","Hello World"],"picked":"Consume","floor":29.0},{"not_picked":["Turbo","Heatsinks+1"],"picked":"FTL+1","floor":30.0},{"not_picked":["Streamline","Cold Snap"],"picked":"Fusion","floor":31.0},{"not_picked":["All For One","Reboot"],"picked":"Multi-Cast","floor":33.0},{"not_picked":["Stack","Steam"],"picked":"Hologram+1","floor":35.0},{"not_picked":["Aggregate","Chill"],"picked":"Stack+1","floor":36.0},{"not_picked":["Steam","Streamline"],"picked":"Seek","floor":38.0},{"not_picked":["Conserve Battery","Gash+1","Turbo"],"picked":"SKIP","floor":39.0},{"not_picked":["Rebound","Chill","Ball Lightning"],"picked":"SKIP","floor":44.0},{"not_picked":["Undo","Genetic Algorithm"],"picked":"Seek","floor":45.0},{"not_picked":["Barrage+1","Storm"],"picked":"Reinforced Body","floor":46.0},{"not_picked":["Reboot","Buffer"],"picked":"Thunder Strike","floor":50.0},{"not_picked":["Coolheaded","Gash","Redo"],"picked":"SKIP","floor":52.0},{"not_picked":["Chaos","Ball Lightning","Rebound"],"picked":"SKIP","floor":53.0},{"not_picked":["Gash","Rebound","Redo"],"picked":"SKIP","floor":55.0},{"not_picked":["Barrage","Double Energy","Sunder"],"picked":"SKIP","floor":56.0},{"not_picked":["Leap","Fusion","Darkness"],"picked":"SKIP","floor":57.0},{"not_picked":["Leap","Fusion","Darkness"],"picked":"SKIP","floor":57.0},{"not_picked":["Stack","Heatsinks","Barrage"],"picked":"SKIP","floor":59.0},{"not_picked":["Gash","Core Surge"],"picked":"Defragment","floor":61.0},{"not_picked":["Rip and Tear","Rebound"],"picked":"Blizzard","floor":62.0},{"not_picked":["Ball Lightning","Streamline","Conserve Battery"],"picked":"SKIP","floor":65.0},{"not_picked":["Hyperbeam","All For One"],"picked":"Electrodynamics","floor":67.0},{"not_picked":["Redo","Gash","Rebound"],"picked":"SKIP","floor":69.0},{"not_picked":["Cold Snap","Self Repair+1","Conserve Battery"],"picked":"SKIP","floor":71.0},{"not_picked":["Beam Cell+1","Conserve Battery"],"picked":"Turbo","floor":72.0},{"not_picked":["Rebound+1","Hyperbeam","Steam"],"picked":"SKIP","floor":73.0},{"not_picked":["Consume","Aggregate","Ball Lightning"],"picked":"SKIP","floor":74.0},{"not_picked":["Aggregate","Coolheaded"],"picked":"Hologram","floor":76.0},{"not_picked":["Steam","Rebound+1"],"picked":"Reinforced Body","floor":77.0},{"not_picked":["Barrage","Storm"],"picked":"Electrodynamics","floor":79.0},{"not_picked":["Go for the Eyes","Cold Snap"],"picked":"Reinforced Body","floor":80.0},{"not_picked":["Sunder","Barrage","Coolheaded"],"picked":"SKIP","floor":82.0},{"not_picked":["Core Surge","Fission"],"picked":"All For One","floor":84},{"not_picked":["Force Field","Storm"],"picked":"Compile Driver","floor":86},{"not_picked":["Reinforced Body","Coolheaded"],"picked":"Loop+1","floor":88},{"not_picked":["Conserve Battery","Gash","Rebound"],"picked":"SKIP","floor":89},{"not_picked":["Redo","Multi-Cast"],"picked":"Coolheaded+1","floor":90},{"not_picked":["Sweeping Beam","Redo"],"picked":"FTL","floor":91},{"not_picked":["Sunder+1","Loop"],"picked":"Go for the Eyes","floor":93},{"not_picked":["Streamline","Gash+1","Turbo"],"picked":"SKIP","floor":94},{"not_picked":["Cold Snap","Static Discharge"],"picked":"Recycle","floor":96},{"not_picked":["Gash","Auto Shields+1"],"picked":"Leap+1","floor":99},{"not_picked":["Electrodynamics","Amplify"],"picked":"Creative AI","floor":101}],"player_experience":1043867,"relics_obtained":[{"floor":7.0,"key":"Happy Flower"},{"floor":9.0,"key":"The Courier"},{"floor":14.0,"key":"WingedGreaves"},{"floor":20.0,"key":"Enchiridion"},{"floor":24.0,"key":"Centennial Puzzle"},{"floor":25.0,"key":"Thread and Needle"},{"floor":25.0,"key":"Shuriken"},{"floor":26.0,"key":"Bird Faced Urn"},{"floor":29.0,"key":"Sundial"},{"floor":43.0,"key":"Blue Candle"},{"floor":44.0,"key":"Mummified Hand"},{"floor":46.0,"key":"PreservedInsect"},{"floor":60.0,"key":"Letter Opener"},{"floor":85,"key":"Regal Pillow"},{"floor":85,"key":"Mercury Hourglass"},{"floor":85,"key":"Ice Cream"}],"event_choices":[{"damage_healed":0.0,"max_hp_gain":5.0,"max_hp_loss":0.0,"gold_gain":0.0,"event_name":"Big Fish","player_choice":"Donut","floor":11.0,"gold_loss":0.0,"damage_taken":0.0},{"damage_healed":0.0,"max_hp_gain":0.0,"max_hp_loss":0.0,"gold_gain":0.0,"event_name":"Cursed Tome","player_choice":"Obtained Book","floor":20.0,"gold_loss":0.0,"damage_taken":21.0},{"damage_healed":0.0,"max_hp_gain":0.0,"max_hp_loss":0.0,"gold_gain":0.0,"event_name":"Colosseum","player_choice":"Fight","floor":25.0,"gold_loss":0.0,"damage_taken":0.0},{"damage_healed":0.0,"max_hp_gain":0.0,"max_hp_loss":0.0,"gold_gain":0.0,"event_name":"Colosseum","player_choice":"Fought Nobs","floor":25.0,"gold_loss":0.0,"damage_taken":0.0},{"damage_healed":0.0,"max_hp_gain":0.0,"max_hp_loss":0.0,"gold_gain":0.0,"event_name":"The Mausoleum","player_choice":"Ignored","floor":27.0,"gold_loss":0.0,"damage_taken":0.0},{"cards_removed":["Strike_B"],"damage_healed":0.0,"max_hp_gain":0.0,"max_hp_loss":0.0,"gold_gain":0.0,"event_name":"Falling","player_choice":"Removed Attack","floor":37.0,"gold_loss":0.0,"damage_taken":0.0},{"damage_healed":0.0,"max_hp_gain":0.0,"max_hp_loss":0.0,"gold_gain":0.0,"event_name":"Tomb of Lord Red Mask","player_choice":"Ignored","floor":47.0,"gold_loss":0.0,"damage_taken":0.0},{"damage_healed":0.0,"max_hp_gain":0.0,"max_hp_loss":0.0,"gold_gain":0.0,"event_name":"WeMeetAgain","player_choice":"Gave Potion","floor":54.0,"gold_loss":0.0,"damage_taken":0.0,"relics_obtained":["Torii"]},{"damage_healed":0.0,"max_hp_gain":0.0,"max_hp_loss":0.0,"gold_gain":0.0,"event_name":"Back to Basics","player_choice":"Simplicity","floor":81.0,"gold_loss":0.0,"damage_taken":0.0,"cards_upgraded":["Defend_B","Defend_B","Defend_B","Defend_B"]},{"cards_removed":["Fusion"],"damage_healed":0,"gold_gain":0,"player_choice":"Removed Skill","damage_taken":0,"max_hp_gain":0,"max_hp_loss":0,"event_name":"Falling","floor":97,"gold_loss":0}],"is_beta":false,"boss_relics":[{"not_picked":["Empty Cage","Orrery"],"picked":"Fusion Hammer"},{"not_picked":["Runic Dome","Pandora\u0027s Box"],"picked":"Sozu"},{"not_picked":["Coffee Dripper","FrozenCore"],"picked":"Philosopher\u0027s Stone"},{"not_picked":["Black Star","Ectoplasm"],"picked":"Inserter"},{"not_picked":["Runic Pyramid","Busted Crown"],"picked":"Calling Bell"},{"not_picked":["Eternal Feather","Nuclear Battery"],"picked":"Cursed Key"}],"items_purged_floors":[12,41,63,87],"is_endless":true,"potions_floor_spawned":[2,3,5,7,18,21,29,33,39,44,45,46,52,56,57,62,67,69,71,73,77,80,84,86,89,93,94,96,99],"ascension_level":20}