{"gold_per_floor":[112,37,37,56,56,90,90,125,125,145,145,178,198,208,208,285,285,263,274,21,21,37,37,66,66,91,91,91,106,119,150,150,224,224,235,235,335,113,113,113,147,163,163,188,243,274,274,287,287,287,287,287,287,40,65,65],"floor_reached":57,"playtime":3044,"items_purged":["Strike_R","Strike_R"],"score":2757,"play_id":"fc121da0-8996-4e35-87fc-7c7de1cccb37","local_time":"20190603011605","is_ascension_mode":true,"campfire_choices":[{"data":"Flame Barrier","floor":7,"key":"SMITH"},{"data":"Bash","floor":11,"key":"SMITH"},{"data":"Shockwave","floor":15,"key":"SMITH"},{"data":"Inflame","floor":23,"key":"SMITH"},{"data":"True Grit","floor":25,"key":"SMITH"},{"floor":27,"key":"RECALL"},{"data":"Feel No Pain","floor":32,"key":"SMITH"},{"data":"Corruption","floor":40,"key":"SMITH"},{"data":"Strike_R","floor":49,"key":"PURGE"},{"data":"Disarm","floor":53,"key":"SMITH"}],"neow_cost":"NONE","seed_source_timestamp":278246933034608,"circlet_count":0,"master_deck":["AscendersBane","Strike_R+1","Strike_R+1","Defend_R","Defend_R","Defend_R","Defend_R","Bash+1","Flame Barrier+1","Offering","Evolve","Inflame+1","Shockwave+1","Shrug It Off","Offering","Rampage+1","Metallicize","Reaper","Necronomicurse","Burning Pact+1","True Grit+1","Corruption+1","Spot Weakness","Feel No Pain+1","Armaments+1","Exhume","Second Wind+1","Disarm+1","Warcry+1","Burning Pact","Body Slam"],"relics":["Burning Blood","NeowsBlessing","Incense Burner","Red Skull","Happy Flower","Matryoshka","Letter Opener","Sozu","Necronomicon","Bird Faced Urn","Bag of Preparation","Shuriken","Black Star","Du-Vu Doll","OrangePellets","Bronze Scales","Meat on the Bone","Gremlin Horn","Darkstone Periapt","Anchor","Peace Pipe","Potion Belt","Magic Flower","Bag of Marbles","Unceasing Top","Pen Nib"],"potions_floor_usage":[8,12,22,56],"damage_taken":[{"damage":0,"enemies":"2 Louse","floor":1,"turns":1},{"damage":0,"enemies":"Jaw Worm","floor":4,"turns":1},{"damage":0,"enemies":"Gremlin Nob","floor":6,"turns":1},{"damage":7,"enemies":"Lagavulin","floor":8,"turns":5},{"damage":2,"enemies":"Cultist","floor":10,"turns":4},{"damage":28,"enemies":"Gremlin Nob","floor":12,"turns":4},{"damage":7,"enemies":"Exordium Thugs","floor":13,"turns":2},{"damage":10,"enemies":"Large Slime","floor":14,"turns":5},{"damage":2,"enemies":"The Guardian","floor":16,"turns":10},{"damage":13,"enemies":"2 Thieves","floor":18,"turns":4},{"damage":14,"enemies":"3 Byrds","floor":19,"turns":7},{"damage":13,"enemies":"Cultist and Chosen","floor":22,"turns":6},{"damage":49,"enemies":"Slavers","floor":24,"turns":4},{"damage":7,"enemies":"Centurion and Healer","floor":29,"turns":7},{"damage":7,"enemies":"Snake Plant","floor":30,"turns":3},{"damage":13,"enemies":"Book of Stabbing","floor":31,"turns":5},{"damage":93,"enemies":"Collector","floor":33,"turns":11},{"damage":15,"enemies":"Orb Walker","floor":35,"turns":6},{"damage":34,"enemies":"Mind Bloom Boss Battle","floor":37,"turns":7},{"damage":16,"enemies":"Giant Head","floor":41,"turns":7},{"damage":0,"enemies":"3 Shapes","floor":42,"turns":6},{"damage":30,"enemies":"2 Orb Walkers","floor":45,"turns":8},{"damage":10,"enemies":"Reptomancer","floor":46,"turns":5},{"damage":16,"enemies":"Maw","floor":48,"turns":10},{"damage":93,"enemies":"Awakened One","floor":50,"turns":10},{"damage":40,"enemies":"Time Eater","floor":51,"turns":11},{"damage":67,"enemies":"Shield and Spear","floor":55,"turns":5},{"damage":32,"enemies":"The Heart","floor":56,"turns":9}],"seed_played":"1394946643671100941","potions_obtained":[{"floor":1,"key":"FearPotion"},{"floor":6,"key":"SteroidPotion"},{"floor":10,"key":"PowerPotion"},{"floor":12,"key":"SpeedPotion"}],"is_trial":false,"path_per_floor":["M","$","?","M","?","E","R","E","T","M","R","E","M","M","R","B",null,"M","M","$","?","M","R","E","R","T","R","?","M","M","E","R","B",null,"M","?","?","$","$","R","E","M","T","T","?","E","?","M","R","B","B",null,"R","$","E","B",null],"character_chosen":"IRONCLAD","items_purchased":["Reaper","OrangePellets","Bag of Marbles","Burning Pact"],"campfire_rested":0,"item_purchase_floors":[20,38,54,54],"current_hp_per_floor":[74,74,69,75,52,58,58,57,57,61,61,39,38,34,34,38,66,59,51,51,30,58,58,32,32,32,32,32,69,75,75,75,45,68,75,75,75,75,75,75,75,75,75,75,72,75,71,71,71,36,59,68,68,68,71,69],"gold":65,"neow_bonus":"THREE_ENEMY_KILL","is_prod":false,"is_daily":false,"chose_seed":false,"campfire_upgraded":8,"win_rate":0,"timestamp":1559538965,"path_taken":["M","$","?","M","?","E","R","E","T","M","R","E","?","M","R","BOSS","M","M","$","?","M","R","E","R","T","R","?","M","M","E","R","BOSS","M","?","?","?","$","R","E","?","T","?","?","E","?","?","R","BOSS","BOSS","R","$","E","BOSS"],"build_version":"2019-01-23","purchased_purges":2,"victory":true,"max_hp_per_floor":[75,75,75,75,75,75,75,75,75,75,75,75,75,75,75,75,75,75,75,75,75,75,75,75,75,75,75,75,75,75,75,75,75,75,75,75,75,75,75,75,75,75,75,75,75,75,71,71,71,71,71,71,71,71,71,71],"card_choices":[{"not_picked":["Searing Blow","Headbutt"],"picked":"Flame Barrier","floor":1},{"not_picked":["Intimidate","Warcry","Searing Blow"],"picked":"SKIP","floor":4},{"not_picked":["Clash","Anger"],"picked":"Offering","floor":6},{"not_picked":["Searing Blow","Perfected Strike","Intimidate"],"picked":"SKIP","floor":8},{"not_picked":["Clash","Entrench"],"picked":"Evolve","floor":10},{"not_picked":["Dual Wield","Thunderclap"],"picked":"Inflame","floor":12},{"not_picked":["Battle Trance","Headbutt"],"picked":"Shockwave","floor":13},{"not_picked":["Thunderclap","True Grit"],"picked":"Shrug It Off","floor":14},{"not_picked":["Bludgeon","Brutality"],"picked":"Offering","floor":16},{"not_picked":["Twin Strike","Thunderclap"],"picked":"Rampage+1","floor":18},{"not_picked":["Thunderclap","Anger"],"picked":"Metallicize","floor":19},{"not_picked":["Havoc","Heavy Blade"],"picked":"Burning Pact+1","floor":22},{"not_picked":["Pummel","Combust"],"picked":"True Grit","floor":24},{"not_picked":["Clothesline","Iron Wave"],"picked":"Spot Weakness","floor":29},{"not_picked":["Ghostly Armor+1","Entrench"],"picked":"Feel No Pain","floor":30},{"not_picked":["Warcry","Hemokinesis"],"picked":"Armaments+1","floor":31},{"not_picked":["Offering","Fiend Fire"],"picked":"Exhume","floor":33},{"not_picked":["Uppercut","True Grit","Dual Wield"],"picked":"SKIP","floor":35},{"not_picked":["Pommel Strike","Sword Boomerang"],"picked":"Second Wind+1","floor":41},{"not_picked":["Clothesline","Warcry","Pommel Strike"],"picked":"SKIP","floor":42},{"not_picked":["Anger+1","Clash"],"picked":"Disarm","floor":45},{"not_picked":["Flex","Armaments"],"picked":"Warcry+1","floor":46},{"not_picked":["Perfected Strike","Iron Wave","Cleave"],"picked":"SKIP","floor":48},{"not_picked":["Hemokinesis+1","True Grit"],"picked":"Body Slam","floor":55}],"player_experience":1454438,"relics_obtained":[{"floor":6,"key":"Red Skull"},{"floor":8,"key":"Happy Flower"},{"floor":9,"key":"Matryoshka"},{"floor":12,"key":"Letter Opener"},{"floor":21,"key":"Necronomicon"},{"floor":24,"key":"Bird Faced Urn"},{"floor":26,"key":"Bag of Preparation"},{"floor":31,"key":"Shuriken"},{"floor":37,"key":"Du-Vu Doll"},{"floor":41,"key":"Bronze Scales"},{"floor":41,"key":"Meat on the Bone"},{"floor":43,"key":"Gremlin Horn"},{"floor":43,"key":"Darkstone Periapt"},{"floor":44,"key":"Anchor"},{"floor":45,"key":"Peace Pipe"},{"floor":46,"key":"Potion Belt"},{"floor":46,"key":"Magic Flower"},{"floor":55,"key":"Unceasing Top"},{"floor":55,"key":"Pen Nib"}],"event_choices":[{"damage_healed":0,"gold_gain":0,"player_choice":"Success","damage_taken":5,"relics_obtained":["Incense Burner"],"max_hp_gain":0,"max_hp_loss":0,"event_name":"Scrap Ooze","floor":3,"gold_loss":0},{"damage_healed":0,"gold_gain":0,"player_choice":"Entered Light","damage_taken":23,"max_hp_gain":0,"max_hp_loss":0,"event_name":"Shining Light","floor":5,"gold_loss":0,"cards_upgraded":["Strike_R","Strike_R"]},{"damage_healed":0,"gold_gain":0,"player_choice":"Obtained Book","damage_taken":21,"max_hp_gain":0,"max_hp_loss":0,"event_name":"Cursed Tome","floor":21,"gold_loss":0},{"damage_healed":0,"gold_gain":0,"player_choice":"Read","damage_taken":0,"max_hp_gain":0,"max_hp_loss":0,"event_name":"The Library","floor":28,"gold_loss":0,"cards_obtained":["Corruption"]},{"damage_healed":0,"gold_gain":0,"player_choice":"Ignored","damage_taken":0,"max_hp_gain":0,"max_hp_loss":0,"event_name":"Tomb of Lord Red Mask","floor":36,"gold_loss":0},{"damage_healed":0,"gold_gain":0,"player_choice":"Fight","damage_taken":0,"max_hp_gain":0,"max_hp_loss":0,"event_name":"MindBloom","floor":37,"gold_loss":0},{"damage_healed":0,"gold_gain":0,"player_choice":"Fight","damage_taken":0,"max_hp_gain":0,"max_hp_loss":0,"event_name":"Mysterious Sphere","floor":45,"gold_loss":0},{"damage_healed":0,"gold_gain":0,"player_choice":"Max HP","damage_taken":0,"max_hp_gain":0,"max_hp_loss":4,"event_name":"Winding Halls","floor":47,"gold_loss":0}],"is_beta":false,"boss_relics":[{"not_picked":["Runic Dome","Empty Cage"],"picked":"Sozu"},{"not_picked":["Eternal Feather","Philosopher\u0027s Stone"],"picked":"Black Star"}],"items_purged_floors":[2,20],"is_endless":false,"potions_floor_spawned":[1,6,10,12,14,22,24,29,31,41,46,48,55],"ascension_level":20}