{"gold_per_floor":[109,120,120,139,156,182,193,208,261,336,336,368,378,404,404,508,508,519,539,539,551,571,571,602,602,602,602,602,525,558,591,591,691,691,710,726,377,388,404,431,431,459,459,459,459,12,112,128,128,128],"floor_reached":51,"playtime":3142,"items_purged":[],"score":1382,"play_id":"b8325e6f-4358-40cc-8da0-5e105cde4230","local_time":"20180805170353","is_ascension_mode":true,"campfire_choices":[{"data":"Feed","floor":11.0,"key":"SMITH"},{"data":"Anger","floor":15.0,"key":"SMITH"},{"data":"Shockwave","floor":23.0,"key":"SMITH"},{"floor":25.0,"key":"REST"},{"data":"Metallicize","floor":27.0,"key":"SMITH"},{"floor":32,"key":"REST"},{"data":"Clothesline","floor":41,"key":"SMITH"},{"data":"Pommel Strike","floor":45,"key":"SMITH"},{"data":"Battle Trance","floor":49,"key":"SMITH"}],"neow_cost":"NONE","seed_source_timestamp":0,"circlet_count":0,"master_deck":["Strike_R+1","Strike_R+1","Strike_R+1","Strike_R+1","Defend_R+1","Defend_R+1","Defend_R+1","Defend_R+1","Bash+1","Clothesline+1","Anger+1","Pommel Strike+1","Shockwave+1","Battle Trance+1","Twin Strike","Feed+1","Clash","Metallicize+1","True Grit+1","Limit Break+1","Armaments+1","Shrug It Off+1","Shrug It Off+1","True Grit+1","Disarm+1","Shrug It Off+1","J.A.X.+1","Berserk+1","Twin Strike+1","Barricade+1","Twin Strike+1","Battle Trance+1","Metallicize+1","Warcry+1","Intimidate+1","Body Slam+1","Dual Wield+1","Bloodletting+1","Body Slam+1","Impervious+1","Ghostly Armor+1"],"special_seed":0,"relics":["Black Blood","Blood Vial","Boot","Oddly Smooth Stone","Toxic Egg 2","Red Skull","Frozen Egg 2","Sundial","Red Mask","Sozu","Omamori","Bag of Preparation","Dead Branch","The Courier","Happy Flower","Pen Nib"],"potions_floor_usage":[40],"damage_taken":[{"damage":1.0,"enemies":"Cultist","floor":1.0,"turns":4.0},{"damage":6.0,"enemies":"2 Louse","floor":2.0,"turns":3.0},{"damage":4.0,"enemies":"Jaw Worm","floor":4.0,"turns":3.0},{"damage":6.0,"enemies":"3 Louse","floor":5.0,"turns":3.0},{"damage":19.0,"enemies":"3 Sentries","floor":6.0,"turns":5.0},{"damage":5.0,"enemies":"2 Fungi Beasts","floor":7.0,"turns":3.0},{"damage":21.0,"enemies":"Exordium Thugs","floor":8.0,"turns":4.0},{"damage":18.0,"enemies":"Gremlin Nob","floor":12.0,"turns":5.0},{"damage":6.0,"enemies":"Exordium Wildlife","floor":13.0,"turns":4.0},{"damage":17.0,"enemies":"Lagavulin","floor":14.0,"turns":6.0},{"damage":29.0,"enemies":"The Guardian","floor":16.0,"turns":14.0},{"damage":27.0,"enemies":"Spheric Guardian","floor":18.0,"turns":7.0},{"damage":32.0,"enemies":"2 Thieves","floor":19.0,"turns":5.0},{"damage":8.0,"enemies":"Snake Plant","floor":21.0,"turns":6.0},{"damage":1.0,"enemies":"Centurion and Healer","floor":22.0,"turns":7.0},{"damage":53.0,"enemies":"Book of Stabbing","floor":24.0,"turns":12.0},{"damage":21.0,"enemies":"Slavers","floor":30.0,"turns":9.0},{"damage":32,"floor":31,"turns":6},{"damage":3,"enemies":"Champ","floor":33,"turns":10},{"damage":15,"enemies":"Orb Walker","floor":35,"turns":4},{"damage":12,"enemies":"Flame Bruiser 1 Orb","floor":36,"turns":8},{"damage":37,"enemies":"Sphere and 2 Shapes","floor":38,"turns":7},{"damage":9,"enemies":"Transient","floor":39,"turns":5},{"damage":34,"enemies":"2 Orb Walkers","floor":40,"turns":8},{"damage":6,"enemies":"Giant Head","floor":42,"turns":8},{"damage":3,"enemies":"Maw","floor":48,"turns":8},{"damage":6,"enemies":"Donu and Deca","floor":50,"turns":7}],"seed_played":"-3511530755696308791","potions_obtained":[{"floor":4.0,"key":"AttackPotion"},{"floor":5.0,"key":"Explosive Potion"},{"floor":6.0,"key":"EssenceOfSteel"},{"floor":7.0,"key":"SpeedPotion"},{"floor":8.0,"key":"Ancient Potion"},{"floor":14.0,"key":"GamblersBrew"},{"floor":16.0,"key":"Ancient Potion"},{"floor":19.0,"key":"AttackPotion"},{"floor":30.0,"key":"Strength Potion"},{"floor":31,"key":"Energy Potion"}],"is_trial":false,"path_per_floor":["M","M","?","M","M","E","M","M","T","?","R","E","M","E","R","B",null,"M","M","?","M","M","R","E","R","T","R","?","?","E","?","R","B",null,"M","M","$","M","M","E","R","E","T","?","R","$","?","M","R","B"],"character_chosen":"IRONCLAD","items_purchased":["Metallicize+1","Omamori","Warcry+1","Intimidate+1","Impervious+1","Ghostly Armor+1","Happy Flower","Pen Nib"],"campfire_rested":2,"item_purchase_floors":[37,37,37,37,46,46,46,46],"current_hp_per_floor":[77,77,77,79,79,66,69,56,56,45,45,35,41,32,32,11,66,51,35,35,39,54,54,17,45,45,45,45,45,36,20,50,59,90,87,91,91,70,73,51,51,61,61,89,89,89,89,98,98,104],"gold":128,"neow_bonus":"UPGRADE_CARD","is_prod":false,"is_daily":false,"chose_seed":false,"campfire_upgraded":7,"win_rate":0,"timestamp":1533503033,"path_taken":["M","M","?","M","M","E","M","?","T","?","R","E","?","E","R","BOSS","M","M","?","M","M","R","E","R","T","R","?","?","E","?","R","BOSS","M","M","$","?","M","E","R","E","T","?","R","$","?","M","R","BOSS"],"build_version":"2018-08-02","purchased_purges":0,"victory":true,"max_hp_per_floor":[80,80,80,80,80,80,80,80,80,80,80,80,84,84,84,84,84,84,88,88,88,92,92,96,96,96,96,96,96,96,100,100,100,100,100,104,104,108,108,108,108,112,112,112,112,112,112,112,112,112],"card_choices":[{"not_picked":["Whirlwind","True Grit"],"picked":"Clothesline","floor":1.0},{"not_picked":["Thunderclap","Sword Boomerang"],"picked":"Anger","floor":2.0},{"not_picked":["Bloodletting","Havoc"],"picked":"Pommel Strike","floor":4.0},{"not_picked":["Sever Soul","Cleave"],"picked":"Shockwave","floor":5.0},{"not_picked":["Shockwave","Flame Barrier"],"picked":"Battle Trance","floor":6.0},{"not_picked":["Wild Strike","Anger"],"picked":"Twin Strike","floor":7.0},{"not_picked":["Clothesline","Iron Wave"],"picked":"Feed","floor":8.0},{"not_picked":["Iron Wave","Bloodletting"],"picked":"Clash","floor":12.0},{"not_picked":["Headbutt","Double Tap"],"picked":"Metallicize","floor":13.0},{"not_picked":["Flex","Whirlwind"],"picked":"True Grit","floor":14.0},{"not_picked":["Immolate","Feed"],"picked":"Limit Break+1","floor":16.0},{"not_picked":["Blood for Blood","Headbutt"],"picked":"Armaments+1","floor":18.0},{"not_picked":["Twin Strike","Inflame"],"picked":"Shrug It Off+1","floor":19.0},{"not_picked":["Metallicize","Anger"],"picked":"True Grit+1","floor":21.0},{"not_picked":["Sword Boomerang","Rupture"],"picked":"Disarm+1","floor":22.0},{"not_picked":["Armaments+1","Juggernaut"],"picked":"Shrug It Off+1","floor":24.0},{"not_picked":["Havoc+1","Clothesline"],"picked":"Berserk+1","floor":30.0},{"not_picked":["Body Slam","Armaments+1"],"picked":"Twin Strike+1","floor":31},{"not_picked":["Feed","Immolate"],"picked":"Barricade+1","floor":33},{"not_picked":["Anger","Clothesline"],"picked":"Twin Strike+1","floor":35},{"not_picked":["Flame Barrier+1","Shrug It Off+1"],"picked":"Battle Trance+1","floor":36},{"not_picked":["Pommel Strike+1","Twin Strike+1"],"picked":"Body Slam+1","floor":38},{"not_picked":["Evolve+1","Thunderclap+1"],"picked":"Dual Wield+1","floor":39},{"not_picked":["Havoc+1","Wild Strike+1"],"picked":"Bloodletting+1","floor":40},{"not_picked":["True Grit+1","Headbutt"],"picked":"Body Slam+1","floor":42},{"not_picked":["Sword Boomerang","Pommel Strike","Iron Wave"],"picked":"SKIP","floor":48}],"player_experience":445962,"relics_obtained":[{"floor":6.0,"key":"Blood Vial"},{"floor":9.0,"key":"Boot"},{"floor":12.0,"key":"Oddly Smooth Stone"},{"floor":14.0,"key":"Toxic Egg 2"},{"floor":24.0,"key":"Red Skull"},{"floor":26.0,"key":"Frozen Egg 2"},{"floor":30.0,"key":"Sundial"},{"floor":31,"key":"Red Mask"},{"floor":40,"key":"Bag of Preparation"},{"floor":42,"key":"Dead Branch"},{"floor":43,"key":"The Courier"}],"event_choices":[{"event_name":"Purifier","player_choice":"One Purge","floor":3.0,"damage_taken":0.0},{"event_name":"World of Goop","player_choice":"Gather Gold","floor":10.0,"damage_taken":0.0},{"event_name":"The Library","player_choice":"Read","floor":20.0,"damage_taken":0.0},{"event_name":"Back to Basics","player_choice":"Simplicity","floor":28.0,"damage_taken":0.0},{"event_name":"Drug Dealer","player_choice":"Got JAXXED","floor":29.0,"damage_taken":0.0},{"event_name":"Masked Bandits","player_choice":"Fought over 558 gold","floor":31,"damage_taken":0},{"event_name":"Winding Halls","player_choice":"Writhe","floor":44,"damage_taken":0},{"event_name":"Golden Shrine","player_choice":"Pray","floor":47,"damage_taken":0}],"is_beta":false,"boss_relics":[{"not_picked":["Runic Dome","Runic Pyramid"],"picked":"Black Blood"},{"not_picked":["Cursed Key","Pandora\u0027s Box"],"picked":"Sozu"}],"items_purged_floors":[],"is_endless":false,"potions_floor_spawned":[4,5,6,7,8,14,16,19,30,31,35,36,39,40],"ascension_level":9}