{"gold_per_floor":[114,127,127,142,67,100,100,23,23,42,42,42,42,71,71,166,166,185,201,101,116,133,133,133,133,159,177,229,229],"floor_reached":29,"playtime":1720,"items_purged":["Strike_G","Strike_G"],"score":350,"play_id":"058708cf-9ebe-408f-97a7-b7ee1bdae26d","local_time":"20190607110135","is_ascension_mode":true,"campfire_choices":[{"floor":7.0,"key":"REST"},{"floor":13.0,"key":"REST"},{"floor":15.0,"key":"REST"},{"floor":23.0,"key":"REST"},{"floor":25,"key":"REST"}],"neow_cost":"NONE","seed_source_timestamp":0,"circlet_count":0,"master_deck":["AscendersBane","Defend_G","Defend_G+1","Defend_G","Defend_G","Defend_G","Strike_G","Strike_G","Strike_G","Survivor","Neutralize","Backflip+1","Deadly Poison","Skewer","Catalyst","Caltrops","Glass Knife","Terror+1","Die Die Die","Backflip+1","Deadly Poison+1","Backflip","Deflect+1","Burst","Blade Dance+1"],"special_seed":0,"relics":["Ring of the Snake","Bag of Preparation","Bottled Lightning","Omamori","Nunchaku","Dream Catcher","Fusion Hammer","Necronomicon","War Paint"],"potions_floor_usage":[27,27],"damage_taken":[{"damage":4.0,"enemies":"Small Slimes","floor":1.0,"turns":4.0},{"damage":2.0,"enemies":"Jaw Worm","floor":2.0,"turns":4.0},{"damage":0.0,"enemies":"Cultist","floor":4.0,"turns":4.0},{"damage":37.0,"enemies":"3 Sentries","floor":6.0,"turns":16.0},{"damage":15.0,"enemies":"Large Slime","floor":10.0,"turns":7.0},{"damage":25.0,"enemies":"Gremlin Nob","floor":14.0,"turns":5.0},{"damage":18.0,"enemies":"The Guardian","floor":16.0,"turns":11.0},{"damage":9.0,"enemies":"3 Byrds","floor":18.0,"turns":4.0},{"damage":8.0,"enemies":"Spheric Guardian","floor":19.0,"turns":4.0},{"damage":7.0,"enemies":"Centurion and Healer","floor":21.0,"turns":7.0},{"damage":26.0,"enemies":"Shelled Parasite and Fungi","floor":22.0,"turns":5.0},{"damage":19,"enemies":"Cultist and Chosen","floor":27,"turns":7},{"damage":22,"enemies":"Sentry and Sphere","floor":29,"turns":3}],"seed_played":"-166781287422740640","potions_obtained":[{"floor":4.0,"key":"Weak Potion"},{"floor":14.0,"key":"SteroidPotion"},{"floor":16.0,"key":"Swift Potion"},{"floor":21.0,"key":"Swift Potion"}],"is_trial":false,"path_per_floor":["M","M","?","M","$","E","R","$","T","M","T","?","R","E","R","B",null,"M","M","$","M","M","R","?","R","T","M","T","M"],"character_chosen":"THE_SILENT","items_purchased":["Caltrops"],"campfire_rested":5,"item_purchase_floors":[8],"current_hp_per_floor":[59,57,43,43,43,6,27,27,27,12,12,29,50,25,46,28,60,51,43,43,36,10,31,15,36,36,17,17,0],"gold":229,"neow_bonus":"RANDOM_COMMON_RELIC","is_prod":false,"is_daily":false,"chose_seed":false,"campfire_upgraded":0,"win_rate":0,"timestamp":1559919695,"path_taken":["M","M","?","M","$","E","R","$","T","M","?","?","R","E","R","BOSS","M","M","$","M","M","R","?","R","T","M","?","M"],"build_version":"2019-01-23","purchased_purges":2,"victory":false,"max_hp_per_floor":[70,70,70,70,70,70,70,70,70,70,70,70,70,70,70,70,70,70,70,70,70,70,70,70,70,70,70,70,70],"card_choices":[{"not_picked":["Outmaneuver","Bane"],"picked":"Backflip","floor":1.0},{"not_picked":["Reflex","Deflect"],"picked":"Deadly Poison","floor":2.0},{"not_picked":["Dagger Throw","Sucker Punch"],"picked":"Skewer","floor":4.0},{"not_picked":["Bouncing Flask","Cloak And Dagger"],"picked":"Catalyst","floor":6.0},{"not_picked":["Dagger Spray","All Out Attack"],"picked":"Glass Knife","floor":10.0},{"not_picked":["A Thousand Cuts","All Out Attack","Crippling Poison"],"picked":"SKIP","floor":14.0},{"not_picked":["Slice","Acrobatics"],"picked":"Terror","floor":15.0},{"not_picked":["Phantasmal Killer","After Image"],"picked":"Die Die Die","floor":16.0},{"not_picked":["Underhanded Strike+1","Predator"],"picked":"Backflip","floor":18.0},{"not_picked":["Crippling Poison","Prepared"],"picked":"Deadly Poison+1","floor":19.0},{"not_picked":["Sucker Punch","Skewer"],"picked":"Backflip","floor":21.0},{"not_picked":["Cloak And Dagger","Finisher"],"picked":"Deflect+1","floor":22.0},{"not_picked":["Deadly Poison","Dodge and Roll"],"picked":"Burst","floor":25},{"not_picked":["Eviscerate+1","Bouncing Flask"],"picked":"Blade Dance+1","floor":27}],"player_experience":391830,"relics_obtained":[{"floor":6.0,"key":"Bottled Lightning"},{"floor":9.0,"key":"Omamori"},{"floor":11.0,"key":"Nunchaku"},{"floor":14.0,"key":"Dream Catcher"},{"floor":24,"key":"Necronomicon"},{"floor":28,"key":"War Paint"}],"event_choices":[{"damage_healed":0.0,"max_hp_gain":0.0,"max_hp_loss":0.0,"gold_gain":0.0,"event_name":"Shining Light","player_choice":"Entered Light","floor":3.0,"gold_loss":0.0,"damage_taken":14.0,"cards_upgraded":["Backflip","Defend_G"]},{"damage_healed":17.0,"max_hp_gain":0.0,"max_hp_loss":0.0,"gold_gain":0.0,"event_name":"Mushrooms","player_choice":"Healed and dodged fight","floor":12.0,"gold_loss":0.0,"damage_taken":0.0,"cards_obtained":["Parasite"]},{"damage_healed":0,"gold_gain":0,"player_choice":"Obtained Book","damage_taken":16,"max_hp_gain":0,"max_hp_loss":0,"event_name":"Cursed Tome","floor":24,"gold_loss":0}],"is_beta":false,"boss_relics":[{"not_picked":["Tiny House","HoveringKite"],"picked":"Fusion Hammer"}],"items_purged_floors":[5,20],"is_endless":false,"potions_floor_spawned":[4,14,16,21],"killed_by":"Sentry and Sphere","ascension_level":10}