{"gold_per_floor":[110,124,49,64,339,339,355,355],"floor_reached":8,"playtime":344,"items_purged":[],"score":96,"play_id":"ef90c949-78fd-4b19-b64d-82f4082ee59a","local_time":"20181125155141","is_ascension_mode":true,"campfire_choices":[{"data":"Neutralize","floor":6,"key":"SMITH"}],"neow_cost":"NONE","seed_source_timestamp":10452220572656,"circlet_count":0,"master_deck":["AscendersBane","Defend_G","Defend_G","Defend_G","Defend_G","Defend_G","Strike_G","Strike_G","Strike_G","Strike_G","Survivor","Neutralize+1","Dodge and Roll","PiercingWail","Deflect","Regret","Cloak And Dagger"],"relics":["Ring of the Snake"],"potions_floor_usage":[7,8],"damage_taken":[{"damage":5,"enemies":"Cultist","floor":1,"turns":5},{"damage":6,"enemies":"Jaw Worm","floor":2,"turns":6},{"damage":0,"enemies":"2 Louse","floor":4,"turns":4},{"damage":29,"enemies":"Large Slime","floor":7,"turns":12},{"damage":28,"enemies":"Exordium Thugs","floor":8,"turns":8}],"seed_played":"298864167764901744","potions_obtained":[{"floor":1,"key":"Weak Potion"},{"floor":4,"key":"SteroidPotion"}],"is_trial":false,"path_per_floor":["M","M","?","M","?","R","M","M"],"character_chosen":"THE_SILENT","items_purchased":[],"campfire_rested":0,"item_purchase_floors":[],"current_hp_per_floor":[60,54,54,54,54,54,25,0],"gold":355,"neow_bonus":"TEN_PERCENT_HP_BONUS","is_prod":false,"is_daily":false,"chose_seed":false,"campfire_upgraded":1,"win_rate":0,"timestamp":1543179101,"path_taken":["M","M","?","M","?","R","M","?"],"build_version":"2018-11-15","purchased_purges":0,"victory":false,"max_hp_per_floor":[72,72,72,72,72,72,72,72],"card_choices":[{"not_picked":["Flechettes","Tactician"],"picked":"Dodge and Roll","floor":1},{"not_picked":["Blur","Accuracy"],"picked":"PiercingWail","floor":2},{"not_picked":["Cloak And Dagger","Accuracy"],"picked":"Deflect","floor":4},{"not_picked":["Underhanded Strike","Finisher"],"picked":"Cloak And Dagger","floor":7}],"player_experience":1158882,"relics_obtained":[],"event_choices":[{"cards_removed":["Strike_G"],"damage_healed":0,"gold_gain":0,"player_choice":"Card Removal","damage_taken":0,"max_hp_gain":0,"max_hp_loss":0,"event_name":"The Cleric","floor":3,"gold_loss":75},{"damage_healed":0,"gold_gain":275,"player_choice":"Desecrate","damage_taken":0,"max_hp_gain":0,"max_hp_loss":0,"event_name":"Golden Shrine","floor":5,"gold_loss":0,"cards_obtained":["Regret"]}],"is_beta":false,"boss_relics":[],"items_purged_floors":[],"is_endless":false,"potions_floor_spawned":[1,4],"killed_by":"Exordium Thugs","ascension_level":20}