{"gold_per_floor":[115,135,190,170,190,190,218,230,265,227,239],"floor_reached":11,"playtime":457,"items_purged":[],"score":142,"play_id":"3a5f1a2e-e320-4078-b950-236b165c5792","local_time":"20181125154023","is_ascension_mode":true,"campfire_choices":[{"data":"Neutralize","floor":6,"key":"SMITH"}],"neow_cost":"NONE","seed_source_timestamp":9659539470245,"circlet_count":0,"master_deck":["AscendersBane","Defend_G","Defend_G+1","Defend_G","Defend_G","Defend_G+1","Strike_G","Strike_G","Strike_G","Strike_G","Strike_G","Survivor","Neutralize+1","Slice","Dash","Escape Plan","Dodge and Roll"],"relics":["Ring of the Snake","Tiny Chest","MawBank"],"potions_floor_usage":[7,11,11],"damage_taken":[{"damage":4,"enemies":"Cultist","floor":1,"turns":6},{"damage":1,"enemies":"Jaw Worm","floor":2,"turns":5},{"damage":3,"enemies":"2 Louse","floor":5,"turns":3},{"damage":14,"enemies":"3 Sentries","floor":7,"turns":14},{"damage":25,"enemies":"Gremlin Nob","floor":11,"turns":4}],"seed_played":"1011427983746461062","potions_obtained":[{"floor":2,"key":"Weak Potion"},{"floor":4,"key":"Swift Potion"},{"floor":7,"key":"AttackPotion"}],"is_trial":false,"path_per_floor":["M","M","T","?","M","R","E","?","T","?","E"],"character_chosen":"THE_SILENT","items_purchased":[],"campfire_rested":0,"item_purchase_floors":[],"current_hp_per_floor":[61,60,60,60,57,57,43,21,21,21,0],"gold":239,"neow_bonus":"TEN_PERCENT_HP_BONUS","is_prod":false,"is_daily":false,"chose_seed":false,"campfire_upgraded":1,"win_rate":0,"timestamp":1543178423,"path_taken":["M","M","?","?","?","R","E","?","T","?","E"],"build_version":"2018-11-15","purchased_purges":0,"victory":false,"max_hp_per_floor":[72,72,72,72,72,72,72,72,72,72,72],"card_choices":[{"not_picked":["Underhanded Strike","Choke"],"picked":"Slice","floor":1},{"not_picked":["Caltrops","Bane"],"picked":"Dash","floor":2},{"not_picked":["Deflect","Blade Dance"],"picked":"Escape Plan","floor":5},{"not_picked":["Predator","Cloak And Dagger"],"picked":"Dodge and Roll","floor":7}],"player_experience":1158117,"relics_obtained":[{"floor":3,"key":"Tiny Chest"},{"floor":7,"key":"MawBank"}],"event_choices":[{"damage_healed":0,"gold_gain":0,"player_choice":"Bought 1 Potion","damage_taken":0,"max_hp_gain":0,"max_hp_loss":0,"event_name":"The Woman in Blue","floor":4,"gold_loss":0},{"damage_healed":0,"gold_gain":0,"player_choice":"Entered Light","damage_taken":22,"max_hp_gain":0,"max_hp_loss":0,"event_name":"Shining Light","floor":8,"gold_loss":0,"cards_upgraded":["Defend_G","Defend_G"]},{"damage_healed":0,"gold_gain":0,"player_choice":"Left Gold","damage_taken":0,"max_hp_gain":0,"max_hp_loss":0,"event_name":"World of Goop","floor":10,"gold_loss":50}],"is_beta":false,"boss_relics":[],"items_purged_floors":[],"is_endless":false,"potions_floor_spawned":[2,5,7],"killed_by":"Gremlin Nob","ascension_level":20}