{"gold_per_floor":[419,437,448,52,52,78,25,57,57,57,71,8,28,48,48,146,146,160,177,187,7,18,18,35,35,35,35,46,77,77],"floor_reached":30,"playtime":2000,"items_purged":[],"score":420,"play_id":"d066e048-a952-4220-8cee-3102e2f696a0","local_time":"20190721193653","is_ascension_mode":true,"campfire_choices":[{"floor":10,"key":"REST"},{"floor":15,"key":"REST"},{"floor":23,"key":"REST"},{"data":"Doubt","floor":27,"key":"PURGE"}],"neow_cost":"TEN_PERCENT_HP_LOSS","seed_source_timestamp":326685206869749,"circlet_count":0,"master_deck":["Defend_G","Defend_G","Defend_G","Defend_G","Defend_G","Survivor","Neutralize","Poisoned Stab","Dash","Leg Sweep","Poisoned Stab","Backflip","Neutralize","Night Terror","Well Laid Plans","Backflip","Deadly Poison","Blur","Footwork","Poisoned Stab","Poisoned Stab","Bullet Time","PiercingWail+1","Finisher+1","Backflip+1","Burst","Backstab","Bite","Bite","Bite","Bite","Bite","Bouncing Flask+1","Dodge and Roll+1"],"relics":["Ring of the Snake","Old Coin","Membership Card","Pocketwatch","Bag of Preparation","Peace Pipe","Kunai","Cursed Key","Medical Kit","Toxic Egg 2","Strawberry"],"potions_floor_usage":[22],"damage_taken":[{"damage":8,"enemies":"Small Slimes","floor":1,"turns":4},{"damage":1,"enemies":"Cultist","floor":2,"turns":4},{"damage":7,"enemies":"Jaw Worm","floor":3,"turns":3},{"damage":12,"enemies":"Gremlin Nob","floor":6,"turns":5},{"damage":11,"enemies":"Lagavulin","floor":8,"turns":8},{"damage":1,"enemies":"2 Fungi Beasts","floor":11,"turns":4},{"damage":1,"enemies":"Looter","floor":13,"turns":4},{"damage":24,"enemies":"Lots of Slimes","floor":14,"turns":6},{"damage":21,"enemies":"Slime Boss","floor":16,"turns":13},{"damage":21,"enemies":"Spheric Guardian","floor":18,"turns":5},{"damage":0,"enemies":"3 Byrds","floor":19,"turns":7},{"damage":0,"enemies":"3 Cultists","floor":20,"turns":7},{"damage":6,"enemies":"Snake Plant","floor":22,"turns":5},{"damage":4,"enemies":"Shelled Parasite and Fungi","floor":24,"turns":7},{"damage":26,"enemies":"Chosen and Byrds","floor":28,"turns":9},{"damage":37,"enemies":"Book of Stabbing","floor":29,"turns":6},{"damage":0,"enemies":"Sentry and Sphere","floor":30,"turns":1}],"seed_played":"2936335163033756542","potions_obtained":[{"floor":2,"key":"Swift Potion"},{"floor":3,"key":"FairyPotion"},{"floor":13,"key":"Weak Potion"},{"floor":20,"key":"SmokeBomb"},{"floor":29,"key":"Explosive Potion"}],"is_trial":false,"path_per_floor":["M","M","M","$","?","E","$","E","T","R","M","$","M","M","R","B",null,"M","M","M","$","M","R","M","?","T","R","M","E","M"],"character_chosen":"THE_SILENT","items_purchased":["Membership Card","Poisoned Stab","Backflip","Pocketwatch","Well Laid Plans","Backflip","Footwork","Poisoned Stab","Burst","Medical Kit"],"campfire_rested":3,"item_purchase_floors":[4,4,4,4,7,7,12,12,21,21],"current_hp_per_floor":[55,54,47,47,47,35,35,24,24,42,41,41,40,16,34,13,51,30,30,30,30,24,42,38,38,38,38,28,8,8],"gold":77,"neow_bonus":"ONE_RARE_RELIC","is_prod":false,"is_daily":false,"chose_seed":false,"campfire_upgraded":0,"win_rate":0,"timestamp":1563755813,"path_taken":["M","M","M","$","?","E","$","E","T","R","M","?","?","M","R","BOSS","M","M","M","$","M","R","M","?","T","R","M","E","M"],"build_version":"2019-07-17","purchased_purges":0,"victory":false,"max_hp_per_floor":[63,63,63,63,63,63,63,63,63,63,63,63,63,63,63,63,63,63,63,63,63,63,63,63,44,44,44,44,51,51],"card_choices":[{"not_picked":["Prepared","Predator"],"picked":"Poisoned Stab","floor":1},{"not_picked":["Slice","Acrobatics"],"picked":"Dash","floor":2},{"not_picked":["Terror","Bane"],"picked":"Leg Sweep","floor":3},{"not_picked":["Distraction","Dagger Spray"],"picked":"Night Terror","floor":6},{"not_picked":["Backflip","Riddle With Holes"],"picked":"Deadly Poison","floor":8},{"not_picked":["Underhanded Strike","Dodge and Roll"],"picked":"Blur","floor":11},{"not_picked":["Dagger Throw","Masterful Stab","Outmaneuver"],"picked":"SKIP","floor":13},{"not_picked":["Blade Dance","Predator"],"picked":"Poisoned Stab","floor":14},{"not_picked":["Die Die Die","Burst"],"picked":"Bullet Time","floor":16},{"not_picked":["Prepared+1","Flying Knee"],"picked":"PiercingWail+1","floor":18},{"not_picked":["Crippling Poison","Masterful Stab"],"picked":"Finisher+1","floor":19},{"not_picked":["Outmaneuver+1","Finisher"],"picked":"Backflip+1","floor":20},{"not_picked":["Bane","Slice+1","Deflect+1"],"picked":"SKIP","floor":22},{"not_picked":["Flechettes","Sucker Punch"],"picked":"Backstab","floor":24},{"not_picked":["Leg Sweep+1","Quick Slash+1"],"picked":"Bouncing Flask+1","floor":28},{"not_picked":["Flechettes","Glass Knife"],"picked":"Dodge and Roll+1","floor":29}],"player_experience":194079,"relics_obtained":[{"floor":6,"key":"Bag of Preparation"},{"floor":8,"key":"Peace Pipe"},{"floor":9,"key":"Kunai"},{"floor":26,"key":"Toxic Egg 2"},{"floor":29,"key":"Strawberry"}],"event_choices":[{"damage_healed":0,"gold_gain":0,"player_choice":"1 cards matched","damage_taken":0,"max_hp_gain":0,"max_hp_loss":0,"event_name":"Match and Keep!","floor":5,"gold_loss":0,"cards_obtained":["Neutralize"]},{"damage_healed":0,"gold_gain":0,"player_choice":"Became a vampire","damage_taken":0,"max_hp_gain":0,"max_hp_loss":19,"event_name":"Vampires","floor":25,"gold_loss":0,"cards_obtained":["Bite","Bite","Bite","Bite","Bite"]}],"is_beta":false,"boss_relics":[{"not_picked":["White Beast Statue","Black Star"],"picked":"Cursed Key"}],"items_purged_floors":[],"is_endless":false,"potions_floor_spawned":[2,3,13,14,20,29],"killed_by":"Sentry and Sphere","ascension_level":8}