{"gold_per_floor":[361,376,29,29,53,53,89,89,89,89,89,114,114,153,153,153],"floor_reached":16,"playtime":523,"items_purged":[],"score":189,"play_id":"2c5bc9de-8fab-4a8a-b3e0-92abfaf53271","local_time":"20181018100201","is_ascension_mode":true,"campfire_choices":[{"data":"Bash","floor":6,"key":"SMITH"},{"data":"Pommel Strike","floor":8,"key":"SMITH"},{"data":"Pommel Strike","floor":10,"key":"SMITH"},{"data":"Perfected Strike","floor":13,"key":"SMITH"},{"data":"Perfected Strike","floor":15,"key":"SMITH"}],"neow_cost":"TEN_PERCENT_HP_LOSS","seed_source_timestamp":672665718047462,"circlet_count":0,"master_deck":["Strike_R","Strike_R","Strike_R","Strike_R+1","Strike_R+1","Defend_R","Defend_R","Defend_R","Defend_R","Bash+1","AscendersBane","Perfected Strike+1","Pommel Strike+1","Pommel Strike+1","Metallicize+1","Inflame+1","Corruption+1","Ghostly Armor","Perfected Strike+1"],"relics":["Burning Blood","Frozen Egg 2","Golden Idol","Ice Cream","Shuriken","Blue Candle"],"potions_floor_usage":[16],"damage_taken":[{"damage":20,"enemies":"Jaw Worm","floor":1,"turns":6},{"damage":11,"enemies":"2 Louse","floor":2,"turns":4},{"damage":0,"enemies":"Small Slimes","floor":5,"turns":2},{"damage":24,"enemies":"3 Sentries","floor":7,"turns":8},{"damage":8,"enemies":"Looter","floor":12,"turns":3},{"damage":5,"enemies":"Gremlin Nob","floor":14,"turns":4},{"damage":28,"enemies":"Hexaghost","floor":16,"turns":9}],"seed_played":"-2312440281485335123","potions_obtained":[{"floor":2,"key":"FairyPotion"},{"floor":14,"key":"PowerPotion"}],"is_trial":false,"path_per_floor":["M","M","$","?","M","R","E","R","T","R","?","M","R","E","R"],"character_chosen":"IRONCLAD","items_purchased":["Pommel Strike","Frozen Egg 2","Metallicize+1"],"campfire_rested":0,"item_purchase_floors":[3,3,3],"current_hp_per_floor":[54,49,49,49,55,55,37,37,37,37,18,16,16,17,17,0],"gold":153,"neow_bonus":"TWO_FIFTY_GOLD","is_prod":false,"is_daily":false,"chose_seed":false,"campfire_upgraded":5,"win_rate":0,"timestamp":1539871321,"path_taken":["M","M","$","?","M","R","E","R","T","R","?","M","R","E","R","BOSS"],"build_version":"2018-10-11","purchased_purges":0,"victory":false,"max_hp_per_floor":[68,68,68,62,62,62,62,62,62,62,62,62,62,62,62,62],"card_choices":[{"not_picked":["Clash","Sever Soul"],"picked":"Perfected Strike","floor":1},{"not_picked":["Twin Strike","Body Slam"],"picked":"Pommel Strike","floor":2},{"not_picked":["Berserk+1","Burning Pact"],"picked":"Inflame+1","floor":5},{"not_picked":["Armaments","Headbutt"],"picked":"Corruption+1","floor":7},{"not_picked":["Spot Weakness","Flex"],"picked":"Ghostly Armor","floor":12},{"not_picked":["Headbutt","Twin Strike"],"picked":"Perfected Strike","floor":14}],"player_experience":910267,"relics_obtained":[{"floor":7,"key":"Ice Cream"},{"floor":9,"key":"Shuriken"},{"floor":14,"key":"Blue Candle"}],"event_choices":[{"event_name":"Golden Idol","player_choice":"Lose Max HP","floor":4,"damage_taken":0},{"event_name":"Shining Light","player_choice":"Entered Light","floor":11,"damage_taken":0}],"is_beta":false,"boss_relics":[],"items_purged_floors":[],"is_endless":false,"potions_floor_spawned":[2,14],"killed_by":"Hexaghost","ascension_level":15}