{"gold_per_floor":[367,367,382,400,416,416,431,238,263,213,29,29,46,81,81,178,178,192,192,28,43,43,43],"floor_reached":23,"playtime":1023,"items_purged":["Strike_R"],"score":191,"play_id":"420a38ce-61bd-49b2-918d-e42ddaab00f8","local_time":"20180811133331","is_ascension_mode":false,"campfire_choices":[{"data":"Whirlwind","floor":6,"key":"SMITH"},{"data":"Entrench","floor":12,"key":"SMITH"},{"data":"True Grit","floor":15,"key":"SMITH"}],"neow_cost":"TEN_PERCENT_HP_LOSS","seed_source_timestamp":164704279286378,"circlet_count":0,"master_deck":["Strike_R","Strike_R","Strike_R","Defend_R","Defend_R","Defend_R","Defend_R","Bash","Anger","Entrench+1","Whirlwind+1","Intimidate","True Grit+1","Shrug It Off","Spot Weakness","Rampage","Metallicize","Dual Wield","Uppercut","Disarm","Feed","Havoc+1","Shrug It Off","Armaments","Feel No Pain","Infernal Blade+1"],"relics":["Burning Blood"],"potions_floor_usage":[16,18,21,21,23],"damage_taken":[{"damage":5,"enemies":"2 Louse","floor":1,"turns":3},{"damage":6,"enemies":"Cultist","floor":3,"turns":3},{"damage":2,"enemies":"Small Slimes","floor":4,"turns":4},{"damage":11,"enemies":"Exordium Wildlife","floor":5,"turns":4},{"damage":8,"enemies":"Blue Slaver","floor":7,"turns":5},{"damage":7,"enemies":"Looter","floor":13,"turns":3},{"damage":10,"enemies":"3 Sentries","floor":14,"turns":4},{"damage":17,"enemies":"The Guardian","floor":16,"turns":12},{"damage":33,"enemies":"2 Thieves","floor":18,"turns":5},{"damage":11,"enemies":"Spheric Guardian","floor":21,"turns":7},{"damage":55,"enemies":"Slavers","floor":23,"turns":6}],"seed_played":"-754011312562306797","potions_obtained":[{"floor":3,"key":"Explosive Potion"},{"floor":4,"key":"Explosive Potion"},{"floor":14,"key":"Ancient Potion"},{"floor":16,"key":"Block Potion"},{"floor":18,"key":"AttackPotion"}],"is_trial":false,"path_per_floor":["M","?","M","M","M","R","M","$","T","?","$","R","M","E","R","B",null,"M","?","$","M","?"],"character_chosen":"IRONCLAD","items_purchased":["Shrug It Off","Spot Weakness","Rampage","Metallicize","Dual Wield","Uppercut","Armaments","Feel No Pain"],"campfire_rested":0,"item_purchase_floors":[8,8,8,11,11,11,20,20],"current_hp_per_floor":[72,77,77,77,72,72,70,70,70,70,70,70,69,65,65,54,77,53,53,53,48,48,0],"gold":43,"neow_bonus":"TWO_FIFTY_GOLD","is_prod":false,"is_daily":false,"chose_seed":false,"campfire_upgraded":3,"win_rate":0,"timestamp":1534008811,"path_taken":["M","?","M","?","M","R","M","$","T","?","$","R","M","E","R","BOSS","M","?","$","M","?","E"],"build_version":"2018-08-09","purchased_purges":1,"victory":false,"max_hp_per_floor":[72,77,77,77,77,77,77,77,77,77,77,77,77,77,77,77,77,80,80,80,80,80,80],"card_choices":[{"not_picked":["Flame Barrier","Perfected Strike"],"picked":"Anger","floor":1},{"not_picked":["Sword Boomerang","Body Slam"],"picked":"Entrench","floor":3},{"not_picked":["Second Wind","Hemokinesis"],"picked":"Whirlwind","floor":4},{"not_picked":["Iron Wave","Carnage"],"picked":"Intimidate","floor":5},{"not_picked":["Burning Pact","Iron Wave"],"picked":"True Grit","floor":7},{"not_picked":["Burning Pact","Flex"],"picked":"Disarm","floor":13},{"not_picked":["Heavy Blade","Havoc","Dual Wield"],"picked":"SKIP","floor":14},{"not_picked":["Brutality","Double Tap"],"picked":"Feed","floor":16},{"not_picked":["Anger","Heavy Blade"],"picked":"Havoc+1","floor":18},{"not_picked":["Headbutt","Intimidate"],"picked":"Infernal Blade+1","floor":21}],"player_experience":492434,"relics_obtained":[],"event_choices":[{"event_name":"Big Fish","player_choice":"Donut","floor":2,"damage_taken":0},{"event_name":"The Cleric","player_choice":"Card Removal","floor":10,"damage_taken":0},{"event_name":"The Library","player_choice":"Read","floor":19,"damage_taken":0},{"event_name":"Cursed Tome","player_choice":"Ignored","floor":22,"damage_taken":0}],"is_beta":false,"boss_relics":[{"not_picked":["Coffee Dripper","Black Star","Tiny House"]}],"items_purged_floors":[20],"is_endless":false,"potions_floor_spawned":[3,4,14,16,18],"killed_by":"Slavers","ascension_level":0}