{"gold_per_floor":[116,116,126,126,141,172,172,207,233,233,250,274,274,300,300,377,377,395,395,395,407,56,81,81,81,81,110,122,141,173,173,173,173],"floor_reached":33,"playtime":1975,"items_purged":["Writhe"],"score":717,"play_id":"15762608-9c9d-4010-8ea5-e6b7d1e85ad2","local_time":"20190711014942","is_ascension_mode":true,"campfire_choices":[{"data":"Noxious Fumes","floor":7,"key":"SMITH"},{"floor":10,"key":"REST"},{"floor":13,"key":"REST"},{"floor":15,"key":"REST"},{"floor":24,"key":"REST"},{"floor":32,"key":"REST"}],"neow_cost":"NONE","seed_source_timestamp":113460386381809,"circlet_count":0,"master_deck":["AscendersBane","Defend_G+1","Defend_G+1","Defend_G+1","Defend_G+1","Defend_G+1","Survivor","Neutralize+1","Dagger Spray","Cloak And Dagger","Noxious Fumes+1","Cloak And Dagger","Dash","Footwork","Die Die Die","Bite","Bite","Bite","Bite","Bite","Poisoned Stab+1","Well Laid Plans","Night Terror","Well Laid Plans","Crippling Poison","Crippling Poison+1","Deflect"],"relics":["Ring of the Snake","Orichalcum","Lantern","Bronze Scales","PreservedInsect","Odd Mushroom","Smiling Mask","Fusion Hammer","Regal Pillow","Sling","Prayer Wheel","Tingsha","Frozen Egg 2"],"potions_floor_usage":[6,8,27,33],"damage_taken":[{"damage":0,"enemies":"Jaw Worm","floor":1,"turns":6},{"damage":2,"enemies":"2 Louse","floor":3,"turns":2},{"damage":0,"enemies":"Small Slimes","floor":5,"turns":3},{"damage":19,"enemies":"3 Sentries","floor":6,"turns":8},{"damage":24,"enemies":"Gremlin Nob","floor":8,"turns":5},{"damage":7,"enemies":"Blue Slaver","floor":11,"turns":4},{"damage":14,"enemies":"The Mushroom Lair","floor":12,"turns":3},{"damage":12,"enemies":"Lagavulin","floor":14,"turns":6},{"damage":26,"enemies":"The Guardian","floor":16,"turns":11},{"damage":15,"enemies":"Shell Parasite","floor":18,"turns":5},{"damage":14,"enemies":"Spheric Guardian","floor":21,"turns":6},{"damage":22,"enemies":"Book of Stabbing","floor":23,"turns":4},{"damage":0,"enemies":"Gremlin Leader","floor":27,"turns":6},{"damage":4,"enemies":"Centurion and Healer","floor":28,"turns":7},{"damage":10,"enemies":"Shelled Parasite and Fungi","floor":29,"turns":5},{"damage":9,"enemies":"Book of Stabbing","floor":30,"turns":4},{"damage":90,"enemies":"Collector","floor":33,"turns":9}],"seed_played":"8265354885501354953","potions_obtained":[{"floor":5,"key":"PowerPotion"},{"floor":6,"key":"Dexterity Potion"},{"floor":16,"key":"Strength Potion"},{"floor":21,"key":"Energy Potion"},{"floor":23,"key":"GhostInAJar"},{"floor":27,"key":"Energy Potion"}],"is_trial":false,"path_per_floor":["M","?","M","?","M","E","R","E","T","R","M","?","R","E","R","B",null,"M","?","?","M","$","E","R","?","T","E","M","M","E","?","R","B"],"character_chosen":"THE_SILENT","items_purchased":["Well Laid Plans","Sling"],"campfire_rested":5,"item_purchase_floors":[22,22],"current_hp_per_floor":[59,64,62,44,44,25,25,1,1,22,15,1,22,10,31,5,55,40,40,40,40,40,26,49,49,49,49,49,49,40,40,49,0],"gold":173,"neow_bonus":"UPGRADE_CARD","is_prod":false,"is_daily":false,"chose_seed":false,"campfire_upgraded":1,"win_rate":0,"timestamp":1562824182,"path_taken":["M","?","M","?","M","E","R","E","T","R","M","?","R","E","R","BOSS","M","?","?","M","$","E","R","?","T","E","M","?","E","?","R","BOSS"],"build_version":"2019-07-05","purchased_purges":1,"victory":false,"max_hp_per_floor":[66,71,71,71,71,71,71,71,71,71,71,71,71,71,71,71,71,71,49,49,49,49,49,49,49,49,49,49,49,49,49,49,49],"card_choices":[{"not_picked":["Accuracy","Flying Knee"],"picked":"Dagger Spray","floor":1},{"not_picked":["Prepared","Deflect"],"picked":"Cloak And Dagger","floor":3},{"not_picked":["Crippling Poison","Flying Knee"],"picked":"Noxious Fumes","floor":5},{"not_picked":["Prepared","Slice"],"picked":"Cloak And Dagger","floor":6},{"not_picked":["Masterful Stab","Setup","Riddle With Holes"],"picked":"SKIP","floor":8},{"not_picked":["Caltrops","Masterful Stab"],"picked":"Dash","floor":11},{"not_picked":["Cloak And Dagger","Slice"],"picked":"Footwork","floor":12},{"not_picked":["Blade Dance","Sucker Punch","Eviscerate"],"picked":"SKIP","floor":14},{"not_picked":["Grand Finale","Unload"],"picked":"Die Die Die","floor":16},{"not_picked":["Caltrops","Choke","Sucker Punch"],"picked":"SKIP","floor":18},{"not_picked":["Setup","Sucker Punch"],"picked":"Poisoned Stab+1","floor":21},{"not_picked":["Poisoned Stab","Concentrate"],"picked":"Night Terror","floor":23},{"not_picked":["Sucker Punch","Dagger Throw"],"picked":"Crippling Poison","floor":27},{"not_picked":["Underhanded Strike","Terror","Bane"],"picked":"SKIP","floor":28},{"not_picked":["Prepared","Riddle With Holes","Dagger Throw"],"picked":"SKIP","floor":28},{"not_picked":["Escape Plan","Predator"],"picked":"Crippling Poison+1","floor":29},{"not_picked":["Dagger Throw","Acrobatics"],"picked":"Deflect","floor":29},{"not_picked":["Prepared","Concentrate","Dagger Throw"],"picked":"SKIP","floor":30}],"player_experience":1463771,"relics_obtained":[{"floor":6,"key":"Lantern"},{"floor":8,"key":"Bronze Scales"},{"floor":9,"key":"PreservedInsect"},{"floor":12,"key":"Odd Mushroom"},{"floor":14,"key":"Smiling Mask"},{"floor":23,"key":"Prayer Wheel"},{"floor":27,"key":"Tingsha"},{"floor":30,"key":"Frozen Egg 2"}],"event_choices":[{"damage_healed":0,"gold_gain":0,"player_choice":"Donut","damage_taken":0,"max_hp_gain":5,"max_hp_loss":0,"event_name":"Big Fish","floor":2,"gold_loss":0},{"damage_healed":0,"gold_gain":0,"player_choice":"Success","damage_taken":18,"relics_obtained":["Orichalcum"],"max_hp_gain":0,"max_hp_loss":0,"event_name":"Scrap Ooze","floor":4,"gold_loss":0},{"damage_healed":0,"gold_gain":0,"player_choice":"Fought Mushrooms","damage_taken":0,"max_hp_gain":0,"max_hp_loss":0,"event_name":"Mushrooms","floor":12,"gold_loss":0},{"damage_healed":0,"gold_gain":0,"player_choice":"Became a vampire","damage_taken":0,"max_hp_gain":0,"max_hp_loss":22,"event_name":"Vampires","floor":19,"gold_loss":0,"cards_obtained":["Bite","Bite","Bite","Bite","Bite"]},{"damage_healed":0,"gold_gain":0,"player_choice":"Opened","damage_taken":0,"relics_obtained":["Regal Pillow"],"max_hp_gain":0,"max_hp_loss":0,"event_name":"The Mausoleum","floor":20,"gold_loss":0,"cards_obtained":["Writhe"]},{"damage_healed":0,"gold_gain":0,"player_choice":"Copied","damage_taken":0,"max_hp_gain":0,"max_hp_loss":0,"event_name":"Duplicator","floor":25,"gold_loss":0,"cards_obtained":["Well Laid Plans"]},{"damage_healed":0,"gold_gain":0,"player_choice":"Simplicity","damage_taken":0,"max_hp_gain":0,"max_hp_loss":0,"event_name":"Back to Basics","floor":31,"gold_loss":0,"cards_upgraded":["Defend_G","Defend_G","Defend_G","Defend_G","Defend_G"]}],"is_beta":false,"boss_relics":[{"not_picked":["Lizard Tail","Black Star"],"picked":"Fusion Hammer"}],"items_purged_floors":[22],"is_endless":false,"potions_floor_spawned":[5,6,16,21,23,27,30],"killed_by":"Collector","ascension_level":20}