{"gold_per_floor":[119,119,69,99,125,155,166,186,186,186,35,65,79,93,93,188,188,202,218,218,236,58,93,93,93,93,123,123,142,142,161,161,262,262,275,0,0,15,40,73,73,101,101,117,128,138,38,56,56,56],"floor_reached":50,"playtime":3693,"items_purged":["Strike_R","Regret"],"score":652,"play_id":"4287f964-7f2f-4e25-8ecc-647f44e056ff","local_time":"20190616184604","is_ascension_mode":false,"campfire_choices":[{"floor":10.0,"key":"REST"},{"floor":15.0,"key":"REST"},{"data":"Armaments","floor":24.0,"key":"SMITH"},{"data":"Limit Break","floor":32.0,"key":"SMITH"},{"data":"Barricade","floor":41.0,"key":"SMITH"},{"data":"Demon Form","floor":49,"key":"SMITH"}],"neow_cost":"NONE","seed_source_timestamp":0,"circlet_count":0,"master_deck":["Defend_R","Defend_R","Defend_R","Bash","Reckless Charge+1","Offering","Reckless Charge","Armaments+1","Shockwave","Inflame","Warcry","Body Slam","Limit Break+1","Demon Form+1","Whirlwind+1","Flex","Ghostly","Ghostly","Ghostly","Ghostly","Ghostly","Shockwave+1","Inflame","Bite+1","Bite","Bite","Bite","Bite","Infernal Blade+1","Infernal Blade+1","Barricade+1","Reaper","Writhe","Rage+1","Madness+1","Madness+1","Pain","Flex+1","Reckless Charge+1","Anger+1","Flame Barrier+1"],"special_seed":0,"relics":["Mark of Pain","Tiny Chest","Bronze Scales","Mercury Hourglass","Letter Opener","Self Forming Clay","Cursed Key","Anchor","Bottled Lightning","Toxic Egg 2","Pen Nib","MutagenicStrength","Sundial","Astrolabe","Red Mask","Whetstone","Omamori","Ornamental Fan","Bottled Flame"],"potions_floor_usage":[44,50],"damage_taken":[{"damage":0.0,"enemies":"Small Slimes","floor":1.0,"turns":3.0},{"damage":32.0,"enemies":"Lagavulin","floor":6.0,"turns":7.0},{"damage":0.0,"enemies":"2 Louse","floor":7.0,"turns":2.0},{"damage":6.0,"enemies":"Jaw Worm","floor":8.0,"turns":2.0},{"damage":16.0,"enemies":"Gremlin Nob","floor":12.0,"turns":3.0},{"damage":6.0,"enemies":"Large Slime","floor":13.0,"turns":5.0},{"damage":2.0,"enemies":"Exordium Wildlife","floor":14.0,"turns":2.0},{"damage":30.0,"enemies":"Hexaghost","floor":16.0,"turns":8.0},{"damage":10.0,"enemies":"Shell Parasite","floor":18.0,"turns":3.0},{"damage":24.0,"enemies":"Spheric Guardian","floor":19.0,"turns":3.0},{"damage":6.0,"enemies":"Cultist and Chosen","floor":21.0,"turns":3.0},{"damage":3.0,"enemies":"Slavers","floor":23.0,"turns":5.0},{"damage":10.0,"enemies":"Gremlin Leader","floor":27.0,"turns":6.0},{"damage":2.0,"enemies":"Centurion and Healer","floor":29.0,"turns":3.0},{"damage":13.0,"enemies":"Shelled Parasite and Fungi","floor":31.0,"turns":4.0},{"damage":6.0,"enemies":"Collector","floor":33.0,"turns":6.0},{"damage":3.0,"enemies":"3 Darklings","floor":35.0,"turns":4.0},{"damage":2.0,"enemies":"3 Shapes","floor":38.0,"turns":3.0},{"damage":30.0,"enemies":"Nemesis","floor":40.0,"turns":9.0},{"damage":38.0,"enemies":"Giant Head","floor":42.0,"turns":9.0},{"damage":8,"enemies":"3 Darklings","floor":44,"turns":3},{"damage":6,"enemies":"Spire Growth","floor":45,"turns":4},{"damage":15,"enemies":"Sphere and 2 Shapes","floor":46,"turns":5},{"damage":6,"enemies":"3 Darklings","floor":48,"turns":2},{"damage":29,"enemies":"Time Eater","floor":50,"turns":3}],"seed_played":"6503541630393353562","potions_obtained":[{"floor":1.0,"key":"Poison Potion"},{"floor":12.0,"key":"Ancient Potion"},{"floor":16.0,"key":"LiquidBronze"},{"floor":18.0,"key":"Ancient Potion"},{"floor":23.0,"key":"FairyPotion"},{"floor":31.0,"key":"Swift Potion"},{"floor":33.0,"key":"Strength Potion"},{"floor":40.0,"key":"GamblersBrew"},{"floor":42.0,"key":"Fire Potion"},{"floor":44,"key":"SneckoOil"},{"floor":46,"key":"Explosive Potion"}],"is_trial":false,"path_per_floor":["M","?","?","?","T","E","M","M","T","R","$","E","M","M","R","B",null,"M","M","?","M","$","E","R","?","T","E","?","M","T","M","R","B",null,"M","?","?","M","T","E","R","E","T","M","M","M","$","M","R","B"],"character_chosen":"IRONCLAD","items_purchased":["Inflame","Anchor","Inflame"],"campfire_rested":2,"item_purchase_floors":[11,22,22],"current_hp_per_floor":[80,80,80,73,73,41,41,35,35,59,59,43,37,35,59,29,80,70,46,40,34,34,31,31,28,28,28,28,26,26,21,21,18,28,27,27,23,23,23,23,23,1,1,25,24,17,17,28,28,0],"gold":56,"neow_bonus":"BOSS_RELIC","is_prod":false,"is_daily":false,"chose_seed":false,"campfire_upgraded":4,"win_rate":0,"timestamp":1560703564,"path_taken":["M","?","?","?","?","E","M","M","T","R","?","E","M","M","R","BOSS","M","M","?","M","$","E","R","?","T","E","?","?","?","M","R","BOSS","M","?","?","M","?","E","R","E","T","M","M","?","$","M","R","BOSS"],"build_version":"2019-01-23","purchased_purges":2,"victory":false,"max_hp_per_floor":[80,80,80,80,80,80,80,80,80,80,80,80,80,80,80,80,80,80,80,40,40,40,40,40,28,28,28,28,28,28,28,28,28,28,28,28,28,28,28,28,28,28,28,28,28,28,28,28,28,28],"card_choices":[{"not_picked":["Flex","Iron Wave"],"picked":"Reckless Charge","floor":1.0},{"not_picked":["Clash","Perfected Strike"],"picked":"Reckless Charge","floor":6.0},{"not_picked":["Twin Strike","Wild Strike"],"picked":"Armaments","floor":7.0},{"not_picked":["Headbutt","Body Slam"],"picked":"Shockwave","floor":8.0},{"not_picked":["Iron Wave","Clash"],"picked":"Warcry","floor":12.0},{"not_picked":["Warcry","Rampage"],"picked":"Body Slam","floor":13.0},{"not_picked":["Dual Wield","Iron Wave"],"picked":"Limit Break","floor":14.0},{"not_picked":["Immolate","Brutality"],"picked":"Demon Form","floor":16.0},{"not_picked":["Twin Strike","Entrench"],"picked":"Whirlwind+1","floor":18.0},{"not_picked":["Body Slam","Cleave"],"picked":"Flex","floor":19.0},{"not_picked":["Anger","Seeing Red"],"picked":"Shockwave+1","floor":21.0},{"not_picked":["Anger","Warcry","Havoc"],"picked":"SKIP","floor":23.0},{"not_picked":["Sword Boomerang","Body Slam"],"picked":"Infernal Blade+1","floor":27.0},{"not_picked":["Clothesline","Shrug It Off+1"],"picked":"Infernal Blade+1","floor":29.0},{"not_picked":["Headbutt+1","True Grit+1"],"picked":"Barricade","floor":31.0},{"not_picked":["Dark Embrace","Berserk"],"picked":"Reaper","floor":33.0},{"not_picked":["Warcry+1","Anger","Headbutt+1"],"picked":"SKIP","floor":35.0},{"not_picked":["Pommel Strike","Sword Boomerang+1","Twin Strike+1"],"picked":"SKIP","floor":38.0},{"not_picked":["Rage+1","Perfected Strike+1","Thunderclap+1"],"picked":"SKIP","floor":40.0},{"not_picked":["Iron Wave","Berserk","Fire Breathing"],"picked":"SKIP","floor":42.0},{"not_picked":["Disarm+1","Wild Strike"],"picked":"Flex+1","floor":44},{"not_picked":["True Grit+1","Wild Strike+1"],"picked":"Reckless Charge+1","floor":45},{"not_picked":["Pommel Strike+1","Body Slam+1"],"picked":"Anger+1","floor":46},{"not_picked":["Shockwave+1","Sentinel+1"],"picked":"Flame Barrier+1","floor":48}],"player_experience":57458,"relics_obtained":[{"floor":5.0,"key":"Bronze Scales"},{"floor":6.0,"key":"Mercury Hourglass"},{"floor":9.0,"key":"Letter Opener"},{"floor":12.0,"key":"Self Forming Clay"},{"floor":23.0,"key":"Bottled Lightning"},{"floor":26.0,"key":"Toxic Egg 2"},{"floor":27.0,"key":"Pen Nib"},{"floor":30.0,"key":"Sundial"},{"floor":39.0,"key":"Whetstone"},{"floor":40.0,"key":"Omamori"},{"floor":42.0,"key":"Ornamental Fan"},{"floor":43,"key":"Bottled Flame"}],"event_choices":[{"damage_healed":0.0,"max_hp_gain":0.0,"max_hp_loss":0.0,"gold_gain":0.0,"cards_transformed":["Strike_R"],"event_name":"Living Wall","player_choice":"Change","floor":2.0,"gold_loss":0.0,"damage_taken":0.0,"cards_obtained":["Offering"]},{"cards_removed":["Strike_R"],"damage_healed":0.0,"max_hp_gain":0.0,"max_hp_loss":0.0,"gold_gain":0.0,"event_name":"The Cleric","player_choice":"Card Removal","floor":3.0,"gold_loss":50.0,"damage_taken":0.0},{"damage_healed":0.0,"max_hp_gain":0.0,"max_hp_loss":0.0,"gold_gain":0.0,"event_name":"Scrap Ooze","player_choice":"Success","floor":4.0,"gold_loss":0.0,"damage_taken":7.0,"relics_obtained":["Tiny Chest"]},{"damage_healed":0.0,"max_hp_gain":0.0,"max_hp_loss":40.0,"gold_gain":0.0,"event_name":"Ghosts","player_choice":"Became a Ghost","floor":20.0,"gold_loss":0.0,"damage_taken":0.0,"cards_obtained":["Ghostly","Ghostly","Ghostly","Ghostly","Ghostly"]},{"damage_healed":0.0,"max_hp_gain":0.0,"max_hp_loss":12.0,"gold_gain":0.0,"event_name":"Vampires","player_choice":"Became a vampire","floor":25.0,"gold_loss":0.0,"damage_taken":0.0,"cards_obtained":["Bite","Bite","Bite","Bite","Bite"]},{"damage_healed":0.0,"max_hp_gain":0.0,"max_hp_loss":0.0,"gold_gain":0.0,"event_name":"Drug Dealer","player_choice":"Inject Mutagens","floor":28.0,"gold_loss":0.0,"damage_taken":0.0,"relics_obtained":["MutagenicStrength"]},{"damage_healed":0.0,"max_hp_gain":0.0,"max_hp_loss":0.0,"gold_gain":0.0,"event_name":"Tomb of Lord Red Mask","player_choice":"Paid","floor":36.0,"gold_loss":275.0,"damage_taken":0.0,"relics_obtained":["Red Mask"]},{"damage_healed":0.0,"max_hp_gain":0.0,"max_hp_loss":0.0,"gold_gain":0.0,"event_name":"Winding Halls","player_choice":"Embrace Madness","floor":37.0,"gold_loss":0.0,"damage_taken":4.0,"cards_obtained":["Madness","Madness"]}],"is_beta":false,"boss_relics":[{"not_picked":["Lizard Tail","Philosopher\u0027s Stone"],"picked":"Cursed Key"},{"not_picked":["Orrery","Busted Crown"],"picked":"Astrolabe"}],"items_purged_floors":[11,47],"is_endless":false,"potions_floor_spawned":[1,12,16,18,23,31,33,40,42,44,46],"killed_by":"Time Eater","ascension_level":0}