{"gold_per_floor":[115,132,142,142,28,28,59,59,59,84,84,84,101,113,113,184,184,203,219,11,24,24,24,74,74,100,100,114,143,162,162,162,236,236,254,24,37,57,72,107,107,139,217,236,263,280,280,297,297,297,297],"floor_reached":51,"playtime":4054,"items_purged":["Strike_B"],"score":1613,"play_id":"b327b87f-4972-486e-8c20-2cd3ffeb944a","local_time":"20190517230956","is_ascension_mode":true,"campfire_choices":[{"data":"Defragment","floor":6,"key":"SMITH"},{"data":"Hyperbeam","floor":12,"key":"SMITH"},{"data":"Static Discharge","floor":15,"key":"SMITH"},{"data":"Echo Form","floor":23,"key":"SMITH"},{"data":"Go for the Eyes","floor":25,"key":"SMITH"},{"floor":27,"key":"REST"},{"floor":32,"key":"REST"},{"floor":41,"key":"REST"},{"floor":47,"key":"REST"},{"floor":49,"key":"RECALL"}],"neow_cost":"NONE","seed_source_timestamp":5916666758698,"circlet_count":0,"master_deck":["AscendersBane","Strike_B","Defend_B+1","Defend_B+1","Defend_B","Defend_B","Zap+1","Dualcast","Coolheaded","Barrage+1","Cold Snap","Defragment+1","Static Discharge+1","Hyperbeam+1","Capacitor","FTL","Echo Form+1","Cold Snap","Conserve Battery","Glacier","Loop","Hologram+1","Go for the Eyes+1","Blizzard+1","Seek","Hologram","Creative AI","Coolheaded","Defragment+1","Turbo","Conserve Battery+1","Turbo+1","Coolheaded+1","White Noise","Compile Driver","Go for the Eyes+1"],"relics":["Cracked Core","Bottled Tornado","Sundial","War Paint","Runic Pyramid","Oddly Smooth Stone","Boot","Fusion Hammer","DollysMirror","PreservedInsect","Vajra","Frozen Egg 2"],"potions_floor_usage":[16,16,29,29,33,42,50],"damage_taken":[{"damage":3,"enemies":"Small Slimes","floor":1,"turns":3},{"damage":0,"enemies":"Cultist","floor":2,"turns":4},{"damage":7,"enemies":"Jaw Worm","floor":3,"turns":3},{"damage":7,"enemies":"3 Sentries","floor":7,"turns":8},{"damage":11,"enemies":"Gremlin Nob","floor":10,"turns":4},{"damage":0,"enemies":"3 Louse","floor":13,"turns":3},{"damage":12,"enemies":"Exordium Thugs","floor":14,"turns":3},{"damage":3,"enemies":"Slime Boss","floor":16,"turns":7},{"damage":17,"enemies":"Chosen","floor":18,"turns":5},{"damage":4,"enemies":"Spheric Guardian","floor":19,"turns":4},{"damage":0,"enemies":"Snecko","floor":21,"turns":7},{"damage":0,"enemies":"Centurion and Healer","floor":28,"turns":5},{"damage":26,"enemies":"Slavers","floor":29,"turns":10},{"damage":8,"enemies":"Snake Plant","floor":30,"turns":5},{"damage":37,"enemies":"Collector","floor":33,"turns":13},{"damage":0,"enemies":"3 Shapes","floor":35,"turns":7},{"damage":7,"enemies":"3 Darklings","floor":37,"turns":4},{"damage":9,"enemies":"Spire Growth","floor":38,"turns":5},{"damage":8,"enemies":"Sphere and 2 Shapes","floor":39,"turns":8},{"damage":0,"enemies":"Nemesis","floor":40,"turns":8},{"damage":7,"enemies":"Reptomancer","floor":42,"turns":8},{"damage":18,"enemies":"3 Darklings","floor":44,"turns":3},{"damage":0,"enemies":"Nemesis","floor":45,"turns":7},{"damage":19,"enemies":"Spire Growth","floor":46,"turns":7},{"damage":0,"enemies":"4 Shapes","floor":48,"turns":3},{"damage":19,"enemies":"Awakened One","floor":50,"turns":24},{"damage":16,"enemies":"Time Eater","floor":51,"turns":1}],"seed_played":"673310756129638820","potions_obtained":[{"floor":7,"key":"Dexterity Potion"},{"floor":10,"key":"SpeedPotion"},{"floor":19,"key":"PowerPotion"},{"floor":30,"key":"EssenceOfSteel"},{"floor":33,"key":"LiquidBronze"},{"floor":35,"key":"Explosive Potion"},{"floor":40,"key":"AttackPotion"},{"floor":42,"key":"SpeedPotion"},{"floor":44,"key":"FocusPotion"}],"is_trial":false,"path_per_floor":["M","M","M","?","$","R","E","?","T","E","?","R","M","M","R","B",null,"M","M","$","M","?","R","?","R","T","R","M","E","M","?","R","B",null,"M","$","M","M","M","E","R","E","T","M","E","M","R","M","R","B","B"],"character_chosen":"DEFECT","items_purchased":["Defragment","Glacier","Loop","FocusPotion","DollysMirror"],"campfire_rested":4,"item_purchase_floors":[5,20,20,20,36],"current_hp_per_floor":[61,61,54,54,54,54,47,47,47,36,36,36,36,24,24,21,59,42,38,38,38,38,38,38,38,38,59,59,33,25,25,46,9,56,56,56,49,40,32,32,53,46,46,28,28,9,30,30,30,11,0],"gold":297,"neow_bonus":"UPGRADE_CARD","is_prod":false,"is_daily":false,"chose_seed":false,"campfire_upgraded":5,"win_rate":0,"timestamp":1558148996,"path_taken":["M","M","M","?","?","R","E","?","T","E","?","R","M","M","R","BOSS","M","M","$","M","?","R","?","R","T","R","M","E","?","?","R","BOSS","M","$","M","M","M","E","R","E","T","M","E","M","R","M","R","BOSS","BOSS"],"build_version":"2019-01-23","purchased_purges":1,"victory":false,"max_hp_per_floor":[71,71,71,71,71,71,71,71,71,71,71,71,71,71,71,71,71,71,71,71,71,71,71,71,71,71,71,71,71,71,71,71,71,71,71,71,71,71,71,71,71,71,71,71,71,71,71,71,71,71,71],"card_choices":[{"not_picked":["Gash","Compile Driver"],"picked":"Coolheaded","floor":1},{"not_picked":["Heatsinks","Stack"],"picked":"Barrage","floor":2},{"not_picked":["Sweeping Beam","Heatsinks"],"picked":"Cold Snap","floor":3},{"not_picked":["Aggregate","Melter"],"picked":"Static Discharge","floor":7},{"not_picked":["Genetic Algorithm","Compile Driver"],"picked":"Hyperbeam","floor":10},{"not_picked":["Steam","Leap"],"picked":"Capacitor","floor":13},{"not_picked":["Turbo","Auto Shields"],"picked":"FTL","floor":14},{"not_picked":["Machine Learning","Buffer"],"picked":"Echo Form","floor":16},{"not_picked":["Leap","Redo"],"picked":"Cold Snap","floor":18},{"not_picked":["Reprogram","Auto Shields"],"picked":"Conserve Battery","floor":19},{"not_picked":["Barrage","Leap"],"picked":"Hologram+1","floor":21},{"not_picked":["Melter","Beam Cell+1"],"picked":"Blizzard+1","floor":28},{"not_picked":["Compile Driver","Barrage"],"picked":"Seek","floor":29},{"not_picked":["Cold Snap","Blizzard"],"picked":"Hologram","floor":30},{"not_picked":["Amplify","Fission"],"picked":"Creative AI","floor":33},{"not_picked":["Barrage+1","Storm"],"picked":"Coolheaded","floor":35},{"not_picked":["Heatsinks","Steam Power"],"picked":"Turbo","floor":37},{"not_picked":["Sweeping Beam","Gash+1"],"picked":"Conserve Battery+1","floor":38},{"not_picked":["Conserve Battery","Leap+1"],"picked":"Turbo+1","floor":39},{"not_picked":["Fission","Capacitor"],"picked":"Coolheaded+1","floor":40},{"not_picked":["Ball Lightning+1","Rebound+1"],"picked":"White Noise","floor":42},{"not_picked":["White Noise+1","Turbo"],"picked":"Compile Driver","floor":44},{"not_picked":["Conserve Battery","Storm","Consume"],"picked":"SKIP","floor":45},{"not_picked":["Cold Snap+1","Compile Driver"],"picked":"Go for the Eyes+1","floor":46},{"not_picked":["Redo","Coolheaded","Melter"],"picked":"SKIP","floor":48}],"player_experience":1417283,"relics_obtained":[{"floor":7,"key":"Bottled Tornado"},{"floor":9,"key":"Sundial"},{"floor":10,"key":"War Paint"},{"floor":26,"key":"Oddly Smooth Stone"},{"floor":29,"key":"Boot"},{"floor":40,"key":"PreservedInsect"},{"floor":42,"key":"Vajra"},{"floor":45,"key":"Frozen Egg 2"}],"event_choices":[{"cards_removed":["Strike_B"],"damage_healed":0,"gold_gain":0,"player_choice":"Offered Basic","damage_taken":0,"max_hp_gain":0,"max_hp_loss":0,"event_name":"Bonfire Elementals","floor":4,"gold_loss":0},{"damage_healed":0,"gold_gain":0,"player_choice":"Grow","damage_taken":0,"max_hp_gain":0,"max_hp_loss":0,"event_name":"Living Wall","floor":8,"gold_loss":0,"cards_upgraded":["Barrage"]},{"cards_removed":["Strike_B"],"damage_healed":0,"gold_gain":0,"player_choice":"Purged","damage_taken":0,"max_hp_gain":0,"max_hp_loss":0,"event_name":"Purifier","floor":11,"gold_loss":0},{"damage_healed":0,"gold_gain":0,"player_choice":"Read","damage_taken":0,"max_hp_gain":0,"max_hp_loss":0,"event_name":"The Library","floor":22,"gold_loss":0,"cards_obtained":["Go for the Eyes"]},{"damage_healed":0,"gold_gain":50,"player_choice":"Pray","damage_taken":0,"max_hp_gain":0,"max_hp_loss":0,"event_name":"Golden Shrine","floor":24,"gold_loss":0},{"damage_healed":0,"gold_gain":0,"player_choice":"Ignored","damage_taken":0,"max_hp_gain":0,"max_hp_loss":0,"event_name":"Vampires","floor":31,"gold_loss":0}],"is_beta":false,"boss_relics":[{"not_picked":["Lizard Tail","White Beast Statue"],"picked":"Runic Pyramid"},{"not_picked":["Inserter","Runic Dome"],"picked":"Fusion Hammer"}],"items_purged_floors":[5],"is_endless":false,"potions_floor_spawned":[7,10,19,28,30,33,35,40,42,44],"killed_by":"Time Eater","ascension_level":20}