{"gold_per_floor":[218,218,232,243,256,256,256,288,327,74,47,47,57,57,57,153,153,168,0,0,11,11,11,11,27,100,25,25,40,54,1,1,98,98,114,114,131,144,155,155,166,166,166,177,192,192,39,39,39,39],"floor_reached":51,"playtime":4380,"items_purged":["Strike_G+1"],"score":591,"play_id":"3700b38c-9a97-4f79-a3f5-927c130cf64e","local_time":"20190722110705","is_ascension_mode":false,"campfire_choices":[{"data":"Neutralize","floor":6,"key":"SMITH"},{"data":"Sucker Punch","floor":12,"key":"SMITH"},{"data":"Backflip","floor":15,"key":"SMITH"},{"data":"Footwork","floor":23,"key":"SMITH"},{"floor":28,"key":"REST"},{"floor":32,"key":"REST"},{"data":"Setup","floor":40,"key":"SMITH"},{"floor":46,"key":"REST"},{"floor":49,"key":"REST"}],"neow_cost":"NONE","seed_source_timestamp":985153121781886,"circlet_count":0,"master_deck":["Strike_G+1","Strike_G+1","Strike_G+1","Defend_G+1","Defend_G+1","Defend_G+1","Defend_G+1","Defend_G+1","Survivor","Neutralize+1","Sucker Punch+1","Quick Slash","Infinite Blades","PiercingWail","Backflip+1","Wraith Form v2","Backflip","Footwork+1","Flying Knee+1","Outmaneuver+1","Dagger Spray","Phantasmal Killer+1","Deflect+1","Quick Slash+1","Dodge and Roll+1","Setup+1","Deflect+1","Madness","Madness","Parasite","Deadly Poison+1","Leg Sweep"],"relics":["Ring of the Snake","MawBank","Oddly Smooth Stone","Juzu Bracelet","Tiny Chest","Sundial","Runic Pyramid","Bag of Marbles","Enchiridion","Kunai","HoveringKite","Mummified Hand"],"potions_floor_usage":[16,21,21,25,33,50,50,50],"damage_taken":[{"damage":2,"enemies":"Jaw Worm","floor":1,"turns":5},{"damage":0,"enemies":"2 Louse","floor":3,"turns":4},{"damage":0,"enemies":"Small Slimes","floor":4,"turns":2},{"damage":0,"enemies":"Blue Slaver","floor":5,"turns":4},{"damage":7,"enemies":"3 Louse","floor":8,"turns":5},{"damage":0,"enemies":"2 Fungi Beasts","floor":13,"turns":4},{"damage":30,"enemies":"The Guardian","floor":16,"turns":14},{"damage":0,"enemies":"Shell Parasite","floor":18,"turns":12},{"damage":11,"enemies":"Spheric Guardian","floor":21,"turns":6},{"damage":7,"enemies":"Chosen and Byrds","floor":25,"turns":8},{"damage":1,"enemies":"Shelled Parasite and Fungi","floor":29,"turns":8},{"damage":9,"enemies":"Centurion and Healer","floor":30,"turns":8},{"damage":3,"enemies":"Automaton","floor":33,"turns":16},{"damage":12,"enemies":"Orb Walker","floor":35,"turns":5},{"damage":0,"enemies":"3 Shapes","floor":37,"turns":5},{"damage":11,"enemies":"Jaw Worm Horde","floor":38,"turns":4},{"damage":0,"enemies":"Spire Growth","floor":39,"turns":6},{"damage":0,"enemies":"Transient","floor":41,"turns":5},{"damage":0,"enemies":"Writhing Mass","floor":44,"turns":9},{"damage":16,"enemies":"Spire Growth","floor":45,"turns":8},{"damage":31,"enemies":"Time Eater","floor":50,"turns":20}],"seed_played":"-6699656984775873271","potions_obtained":[{"floor":1,"key":"AttackPotion"},{"floor":4,"key":"FearPotion"},{"floor":8,"key":"GamblersBrew"},{"floor":16,"key":"Explosive Potion"},{"floor":21,"key":"Poison Potion"},{"floor":25,"key":"EssenceOfSteel"},{"floor":33,"key":"Explosive Potion"},{"floor":35,"key":"LiquidBronze"},{"floor":38,"key":"Block Potion"},{"floor":44,"key":"Block Potion"}],"is_trial":false,"path_per_floor":["M","?","M","M","M","R","?","M","T","$","$","R","M","T","R","B",null,"M","$","?","M","?","R","?","M","T","?","R","M","M","$","R","B",null,"M","?","M","M","M","R","M","?","T","M","M","R","$","?","R","B",null],"character_chosen":"THE_SILENT","items_purchased":["Juzu Bracelet","Tiny Chest","Backflip","Bag of Marbles","Backflip","Dagger Spray","Leg Sweep"],"campfire_rested":4,"item_purchase_floors":[10,10,11,19,19,31,47],"current_hp_per_floor":[68,73,73,73,73,73,73,66,66,66,66,66,66,66,66,36,75,75,75,75,64,50,50,34,27,27,27,51,50,41,41,65,62,80,68,68,68,57,57,57,57,47,47,47,31,55,55,55,79,48],"gold":39,"neow_bonus":"HUNDRED_GOLD","is_prod":false,"is_daily":false,"chose_seed":false,"campfire_upgraded":5,"win_rate":0,"timestamp":1563808025,"path_taken":["M","?","M","M","M","R","?","M","T","?","$","R","M","?","R","BOSS","M","$","?","M","?","R","?","M","T","?","R","M","M","$","R","BOSS","M","?","M","M","M","R","M","?","T","M","M","R","$","?","R","BOSS"],"build_version":"2019-07-17","purchased_purges":1,"victory":true,"max_hp_per_floor":[70,75,75,75,75,75,75,75,75,75,75,75,75,75,75,75,75,75,75,75,75,80,80,80,80,80,80,80,80,80,80,80,80,80,80,80,80,80,80,80,80,80,80,80,80,80,80,80,80,80],"card_choices":[{"not_picked":["Expertise","Tactician","Reflex"],"picked":"SKIP","floor":1},{"not_picked":["Leg Sweep","Catalyst"],"picked":"Sucker Punch","floor":3},{"not_picked":["Heel Hook","Deadly Poison"],"picked":"Quick Slash","floor":4},{"not_picked":["Predator","Slice"],"picked":"Infinite Blades","floor":5},{"not_picked":["Underhanded Strike","Deadly Poison"],"picked":"PiercingWail","floor":8},{"not_picked":["Expertise","Sucker Punch","Blade Dance"],"picked":"SKIP","floor":13},{"not_picked":["Grand Finale","Venomology"],"picked":"Wraith Form v2","floor":16},{"not_picked":["Predator","Slice","Expertise"],"picked":"SKIP","floor":18},{"not_picked":["Quick Slash+1","Prepared+1"],"picked":"Footwork","floor":21},{"not_picked":["Deadly Poison","Dagger Throw"],"picked":"Flying Knee+1","floor":25},{"not_picked":["Bane+1","Predator+1","Slice"],"picked":"SKIP","floor":29},{"not_picked":["Flechettes","Sucker Punch+1"],"picked":"Outmaneuver+1","floor":30},{"not_picked":["After Image","Corpse Explosion"],"picked":"Phantasmal Killer","floor":33},{"not_picked":["Poisoned Stab","Cloak And Dagger"],"picked":"Deflect+1","floor":35},{"not_picked":["Backflip","Sucker Punch+1"],"picked":"Quick Slash+1","floor":37},{"not_picked":["Wraith Form v2","Footwork"],"picked":"Dodge and Roll+1","floor":38},{"not_picked":["Outmaneuver","Slice"],"picked":"Setup","floor":39},{"not_picked":["Dagger Spray","Eviscerate+1"],"picked":"Deflect+1","floor":41},{"not_picked":["Poisoned Stab","Prepared","Infinite Blades+1"],"picked":"SKIP","floor":44},{"not_picked":["Poisoned Stab+1","Tactician"],"picked":"Deadly Poison+1","floor":45}],"player_experience":4071739,"relics_obtained":[{"floor":9,"key":"Oddly Smooth Stone"},{"floor":14,"key":"Sundial"},{"floor":24,"key":"Enchiridion"},{"floor":26,"key":"Kunai"},{"floor":43,"key":"Mummified Hand"}],"event_choices":[{"damage_healed":0,"gold_gain":0,"player_choice":"Donut","damage_taken":0,"max_hp_gain":5,"max_hp_loss":0,"event_name":"Big Fish","floor":2,"gold_loss":0},{"damage_healed":0,"gold_gain":0,"player_choice":"Searched \u00271\u0027 times","damage_taken":0,"relics_obtained":["MawBank"],"max_hp_gain":0,"max_hp_loss":0,"event_name":"Dead Adventurer","floor":7,"gold_loss":0},{"damage_healed":0,"gold_gain":0,"player_choice":"Simplicity","damage_taken":0,"max_hp_gain":0,"max_hp_loss":0,"event_name":"Back to Basics","floor":20,"gold_loss":0,"cards_upgraded":["Strike_G","Strike_G","Strike_G","Strike_G","Strike_G","Defend_G","Defend_G","Defend_G","Defend_G","Defend_G"]},{"damage_healed":0,"gold_gain":0,"player_choice":"Shed Blood","damage_taken":19,"max_hp_gain":5,"max_hp_loss":0,"event_name":"Forgotten Altar","floor":22,"gold_loss":0},{"damage_healed":0,"gold_gain":0,"player_choice":"Obtained Book","damage_taken":16,"max_hp_gain":0,"max_hp_loss":0,"event_name":"Cursed Tome","floor":24,"gold_loss":0},{"cards_removed":["Strike_G"],"damage_healed":0,"gold_gain":0,"player_choice":"Gave Gold","damage_taken":0,"max_hp_gain":0,"max_hp_loss":0,"event_name":"Beggar","floor":27,"gold_loss":75},{"damage_healed":0,"gold_gain":0,"player_choice":"Forge","damage_taken":0,"max_hp_gain":0,"max_hp_loss":0,"event_name":"Accursed Blacksmith","floor":36,"gold_loss":0,"cards_upgraded":["Phantasmal Killer"]},{"damage_healed":0,"gold_gain":0,"player_choice":"Embrace Madness","damage_taken":10,"max_hp_gain":0,"max_hp_loss":0,"event_name":"Winding Halls","floor":42,"gold_loss":0,"cards_obtained":["Madness","Madness"]},{"damage_healed":0,"gold_gain":0,"player_choice":"Ignored","damage_taken":0,"max_hp_gain":0,"max_hp_loss":0,"event_name":"Mysterious Sphere","floor":48,"gold_loss":0}],"is_beta":false,"boss_relics":[{"not_picked":["Orrery","Fusion Hammer"],"picked":"Runic Pyramid"},{"not_picked":["White Beast Statue","Runic Dome"],"picked":"HoveringKite"}],"items_purged_floors":[47],"is_endless":false,"potions_floor_spawned":[1,4,8,16,21,25,33,35,38,44],"ascension_level":0}