{"gold_per_floor":[113,37,51,65,80,80,155,155,155,155,166,201,221,49,49,49],"floor_reached":16,"playtime":450,"items_purged":[],"score":204,"play_id":"975ccef9-6264-456d-b5ec-5a398aaca420","local_time":"20181026201142","is_ascension_mode":true,"campfire_choices":[{"data":"Zap","floor":6,"key":"SMITH"},{"data":"Go for the Eyes","floor":8,"key":"SMITH"},{"data":"Dualcast","floor":10,"key":"SMITH"},{"floor":15,"key":"REST"}],"neow_cost":"PERCENT_DAMAGE","seed_source_timestamp":691631319042266,"circlet_count":0,"master_deck":["Strike_B","Strike_B","Strike_B","Strike_B","Defend_B","Defend_B","Defend_B","Defend_B","Zap+1","Dualcast+1","AscendersBane","Cold Snap","FTL","Cold Snap","Ball Lightning","Go for the Eyes+1","Sunder","Rainbow","Leap"],"relics":["Cracked Core","Calipers","Incense Burner","Ginger","Ancient Tea Set"],"potions_floor_usage":[5,12],"damage_taken":[{"damage":1,"enemies":"Cultist","floor":1,"turns":3},{"damage":0,"enemies":"Small Slimes","floor":3,"turns":3},{"damage":3,"enemies":"2 Louse","floor":4,"turns":3},{"damage":9,"enemies":"Exordium Wildlife","floor":5,"turns":6},{"damage":7,"enemies":"Red Slaver","floor":11,"turns":2},{"damage":8,"enemies":"Lagavulin","floor":12,"turns":4},{"damage":4,"enemies":"2 Fungi Beasts","floor":13,"turns":2},{"damage":25,"enemies":"Hexaghost","floor":16,"turns":9}],"seed_played":"4403125368371119830","potions_obtained":[{"floor":1,"key":"EssenceOfSteel"},{"floor":3,"key":"GamblersBrew"},{"floor":4,"key":"FocusPotion"}],"is_trial":false,"path_per_floor":["M","$","M","M","M","R","?","R","T","R","M","E","M","$","R"],"character_chosen":"DEFECT","items_purchased":["FTL","Ancient Tea Set"],"campfire_rested":1,"item_purchase_floors":[2,14],"current_hp_per_floor":[45,45,45,42,33,33,22,22,22,22,15,7,3,3,24,0],"gold":49,"neow_bonus":"ONE_RARE_RELIC","is_prod":false,"is_daily":false,"chose_seed":false,"campfire_upgraded":3,"win_rate":0,"timestamp":1540599102,"path_taken":["M","?","M","M","M","R","?","R","T","R","?","E","M","$","R","BOSS"],"build_version":"2018-10-25v2","purchased_purges":0,"victory":false,"max_hp_per_floor":[71,71,71,71,71,71,71,71,71,71,71,71,71,71,71,71],"card_choices":[{"not_picked":["Consume","Leap"],"picked":"Cold Snap","floor":1},{"not_picked":["Stack","Reinforced Body"],"picked":"Cold Snap","floor":3},{"not_picked":["Hologram","Chaos"],"picked":"Ball Lightning","floor":4},{"not_picked":["Force Field","Stack"],"picked":"Go for the Eyes","floor":5},{"not_picked":["Tempest","Undo"],"picked":"Sunder","floor":11},{"not_picked":["Static Discharge","Heatsinks"],"picked":"Rainbow","floor":12},{"not_picked":["Go for the Eyes","Stack"],"picked":"Leap","floor":13}],"player_experience":992091,"relics_obtained":[{"floor":9,"key":"Incense Burner"},{"floor":12,"key":"Ginger"}],"event_choices":[{"damage_healed":0,"gold_gain":75,"player_choice":"Gather Gold","damage_taken":11,"max_hp_gain":0,"max_hp_loss":0,"event_name":"World of Goop","floor":7,"gold_loss":0}],"is_beta":false,"boss_relics":[],"items_purged_floors":[],"is_endless":false,"potions_floor_spawned":[1,3,4],"killed_by":"Hexaghost","ascension_level":20}