{"gold_per_floor":[115,130,144,69,119,119,150,150,150,165,165],"floor_reached":11,"playtime":366,"items_purged":["Strike_B"],"score":146,"play_id":"d41437ba-63a7-4a06-99eb-bb51440f6066","local_time":"20181025121203","is_ascension_mode":true,"campfire_choices":[{"data":"Zap","floor":6,"key":"SMITH"}],"neow_cost":"NONE","seed_source_timestamp":576520564008118,"circlet_count":0,"master_deck":["Strike_B","Strike_B","Strike_B","Defend_B","Defend_B","Defend_B","Defend_B","Zap+1","Dualcast","AscendersBane","Undo","Loop","Compile Driver","Hologram","Stack+1"],"relics":["Cracked Core","WingedGreaves","Singing Bowl","Toxic Egg 2"],"potions_floor_usage":[7],"damage_taken":[{"damage":1,"enemies":"Cultist","floor":1,"turns":3},{"damage":1,"enemies":"2 Louse","floor":2,"turns":3},{"damage":0,"enemies":"Jaw Worm","floor":3,"turns":3},{"damage":26,"enemies":"Lagavulin","floor":7,"turns":7},{"damage":18,"enemies":"Exordium Thugs","floor":10,"turns":5},{"damage":7,"enemies":"3 Sentries","floor":11,"turns":4}],"seed_played":"5295178106711131517","potions_obtained":[{"floor":1,"key":"SkillPotion"},{"floor":2,"key":"FearPotion"}],"is_trial":false,"path_per_floor":["M","M","M","$","?","R","E","?","T","M"],"character_chosen":"DEFECT","items_purchased":[],"campfire_rested":0,"item_purchase_floors":[],"current_hp_per_floor":[70,69,69,69,69,69,43,25,25,7,0],"gold":165,"neow_bonus":"TEN_PERCENT_HP_BONUS","is_prod":false,"is_daily":false,"chose_seed":false,"campfire_upgraded":1,"win_rate":0,"timestamp":1540483923,"path_taken":["M","M","M","$","?","R","E","?","T","M","E"],"build_version":"2018-10-18","purchased_purges":1,"victory":false,"max_hp_per_floor":[78,78,78,78,78,78,78,78,78,78,78],"card_choices":[{"not_picked":["Skim","Chaos"],"picked":"Undo","floor":1},{"not_picked":["Stack","Barrage"],"picked":"Loop","floor":2},{"not_picked":["Coolheaded","Gash"],"picked":"Compile Driver","floor":3},{"not_picked":["Lockon","Storm"],"picked":"Hologram","floor":7},{"not_picked":["Beam Cell","Gash"],"picked":"Stack+1","floor":10}],"player_experience":975340,"relics_obtained":[{"floor":7,"key":"WingedGreaves"},{"floor":9,"key":"Toxic Egg 2"}],"event_choices":[{"damage_healed":0,"gold_gain":100,"player_choice":"Pray","damage_taken":0,"max_hp_gain":0,"max_hp_loss":0,"event_name":"Golden Shrine","floor":5,"gold_loss":0},{"damage_healed":0,"gold_gain":0,"player_choice":"Success","damage_taken":18,"relics_obtained":["Singing Bowl"],"max_hp_gain":0,"max_hp_loss":0,"event_name":"Scrap Ooze","floor":8,"gold_loss":0}],"is_beta":false,"boss_relics":[],"items_purged_floors":[4],"is_endless":false,"potions_floor_spawned":[1,2],"killed_by":"3 Sentries","ascension_level":20}