{"gold_per_floor":[109,109,125,140,140,169,169,181,231,262,5,5,37,67,67,141,141,154,154,54,64,77,77,127,154,154,185,185,198,68,85,85,158,158,170,184,0,48,48,48,59,59,59,93,93,112,129,155,155,155],"floor_reached":50,"playtime":2970,"items_purged":["Strike_G","Strike_G"],"score":1166,"play_id":"732abf5a-83fa-48a9-b950-6444ffd11eca","local_time":"20181123121439","is_ascension_mode":true,"campfire_choices":[{"data":"Neutralize","floor":7,"key":"SMITH"},{"floor":12,"key":"REST"},{"data":"Burst","floor":15,"key":"SMITH"},{"data":"Malaise","floor":23,"key":"SMITH"},{"data":"Panache","floor":28,"key":"SMITH"},{"floor":32,"key":"REST"},{"data":"After Image","floor":40,"key":"SMITH"},{"floor":49,"key":"RECALL"}],"neow_cost":"NONE","seed_source_timestamp":217501725639592,"circlet_count":0,"master_deck":["AscendersBane","Defend_G","Defend_G","Defend_G","Defend_G","Defend_G","Strike_G","Survivor","Neutralize+1","Dagger Throw","Cloak And Dagger","Dagger Spray","Burst+1","Die Die Die","Deflect","Panache+1","Heel Hook","Malaise+1","Cloak And Dagger","Cloak And Dagger","Cloak And Dagger+1","Finisher","Noxious Fumes","Accuracy","Backflip","Backflip","After Image+1","Sucker Punch+1","Acrobatics+1","Writhe","Violence","Cloak And Dagger+1","Escape Plan","Leg Sweep+1"],"relics":["Ring of the Serpent","Mercury Hourglass","Blood Vial","Snake Skull","Paper Crane","Odd Mushroom","Sozu","Orichalcum","Lantern","Red Mask","Ginger","Molten Egg 2","Bag of Preparation","Blue Candle"],"potions_floor_usage":[6,6,6,16,16,33],"damage_taken":[{"damage":0,"enemies":"2 Louse","floor":1,"turns":4},{"damage":0,"enemies":"Cultist","floor":3,"turns":4},{"damage":0,"enemies":"Jaw Worm","floor":4,"turns":4},{"damage":14,"enemies":"3 Sentries","floor":6,"turns":9},{"damage":0,"enemies":"Exordium Thugs","floor":8,"turns":2},{"damage":40,"enemies":"Gremlin Nob","floor":10,"turns":5},{"damage":2,"enemies":"3 Sentries","floor":13,"turns":6},{"damage":0,"enemies":"The Mushroom Lair","floor":14,"turns":1},{"damage":18,"enemies":"Slime Boss","floor":16,"turns":9},{"damage":3,"enemies":"3 Byrds","floor":18,"turns":4},{"damage":4,"enemies":"Shell Parasite","floor":21,"turns":7},{"damage":9,"enemies":"Chosen and Byrds","floor":22,"turns":8},{"damage":9,"enemies":"Book of Stabbing","floor":25,"turns":8},{"damage":8,"enemies":"Slavers","floor":27,"turns":4},{"damage":4,"enemies":"Cultist and Chosen","floor":29,"turns":7},{"damage":9,"enemies":"Sentry and Sphere","floor":31,"turns":4},{"damage":26,"enemies":"Automaton","floor":33,"turns":12},{"damage":9,"enemies":"Orb Walker","floor":35,"turns":5},{"damage":14,"enemies":"3 Darklings","floor":36,"turns":4},{"damage":8,"enemies":"2 Orb Walkers","floor":38,"turns":5},{"damage":25,"enemies":"Writhing Mass","floor":41,"turns":7},{"damage":7,"enemies":"Reptomancer","floor":44,"turns":6},{"damage":0,"enemies":"Jaw Worm Horde","floor":46,"turns":3},{"damage":0,"enemies":"Spire Growth","floor":47,"turns":4},{"damage":13,"enemies":"Giant Head","floor":48,"turns":11},{"damage":15,"enemies":"Time Eater","floor":50,"turns":16}],"seed_played":"6671657402966007537","potions_obtained":[{"floor":4,"key":"EntropicBrew"},{"floor":13,"key":"AttackPotion"},{"floor":14,"key":"FearPotion"},{"floor":16,"key":"SpeedPotion"}],"is_trial":false,"path_per_floor":["M","?","M","M","?","E","R","M","T","E","$","R","E","?","R","B",null,"M","?","$","M","M","R","?","E","T","E","R","M","$","M","R","B",null,"M","M","?","?","?","R","M","?","T","E","?","M","M","E","R","B"],"character_chosen":"THE_SILENT","items_purchased":["Panache","Accuracy","Backflip"],"campfire_rested":2,"item_purchase_floors":[11,30,30],"current_hp_per_floor":[65,65,65,65,65,51,51,51,51,13,13,34,34,36,36,20,59,58,54,54,52,45,45,45,38,38,32,32,30,30,23,44,20,59,52,40,40,34,48,48,25,25,25,20,20,22,24,13,13,0],"gold":155,"neow_bonus":"TEN_PERCENT_HP_BONUS","is_prod":false,"is_daily":false,"chose_seed":false,"campfire_upgraded":5,"win_rate":0,"timestamp":1542993279,"path_taken":["M","?","M","?","?","E","R","?","T","E","$","R","E","?","R","BOSS","M","?","$","?","M","R","?","E","T","E","R","M","?","M","R","BOSS","M","M","?","?","?","R","?","?","T","E","?","M","M","E","R","BOSS"],"build_version":"2018-11-15","purchased_purges":2,"victory":false,"max_hp_per_floor":[72,72,72,72,72,72,72,72,72,72,72,72,72,72,72,72,72,72,72,72,72,72,72,72,72,72,72,72,72,72,72,72,72,72,72,72,72,72,72,72,72,72,72,72,72,72,72,72,72,72],"card_choices":[{"not_picked":["Dodge and Roll","Flechettes"],"picked":"Dagger Throw","floor":1},{"not_picked":["Blade Dance","Deflect"],"picked":"Cloak And Dagger","floor":3},{"not_picked":["Outmaneuver","Calculated Gamble"],"picked":"Dagger Spray","floor":4},{"not_picked":["Skewer","Deflect"],"picked":"Die Die Die","floor":6},{"not_picked":["Concentrate","Blade Dance"],"picked":"Deflect","floor":8},{"not_picked":["Acrobatics","Underhanded Strike","Sucker Punch"],"picked":"SKIP","floor":10},{"not_picked":["Quick Slash","Underhanded Strike"],"picked":"Cloak And Dagger","floor":13},{"not_picked":["Bane","Blade Dance"],"picked":"Heel Hook","floor":14},{"not_picked":["Unload","Die Die Die"],"picked":"Malaise","floor":16},{"not_picked":["Masterful Stab","Blade Dance"],"picked":"Cloak And Dagger","floor":18},{"not_picked":["Underhanded Strike","Bane"],"picked":"Cloak And Dagger","floor":21},{"not_picked":["Prepared","Acrobatics"],"picked":"Cloak And Dagger+1","floor":22},{"not_picked":["Underhanded Strike+1","Flying Knee"],"picked":"Finisher","floor":25},{"not_picked":["Dagger Throw","Setup"],"picked":"Noxious Fumes","floor":27},{"not_picked":["Tools of the Trade","Endless Agony","Dagger Throw"],"picked":"SKIP","floor":29},{"not_picked":["Poisoned Stab","Dagger Spray"],"picked":"Backflip","floor":31},{"not_picked":["Wraith Form v2","A Thousand Cuts"],"picked":"After Image","floor":33},{"not_picked":["Crippling Poison","Flechettes","Outmaneuver"],"picked":"SKIP","floor":35},{"not_picked":["Acrobatics","Slice"],"picked":"Sucker Punch+1","floor":36},{"not_picked":["Reflex+1","Poisoned Stab"],"picked":"Acrobatics+1","floor":38},{"not_picked":["Poisoned Stab","Endless Agony","Unload"],"picked":"SKIP","floor":41},{"not_picked":["Transmutation","Enlightenment"],"picked":"Violence","floor":42},{"not_picked":["Endless Agony+1","Skewer+1"],"picked":"Cloak And Dagger+1","floor":44},{"not_picked":["Underhanded Strike+1","Dagger Throw+1"],"picked":"Escape Plan","floor":46},{"not_picked":["Acrobatics","Sucker Punch+1","Blade Dance"],"picked":"SKIP","floor":47},{"not_picked":["Eviscerate+1","Underhanded Strike+1"],"picked":"Leg Sweep+1","floor":48}],"player_experience":1141814,"relics_obtained":[{"floor":6,"key":"Mercury Hourglass"},{"floor":9,"key":"Blood Vial"},{"floor":10,"key":"Snake Skull"},{"floor":13,"key":"Paper Crane"},{"floor":14,"key":"Odd Mushroom"},{"floor":25,"key":"Orichalcum"},{"floor":27,"key":"Lantern"},{"floor":38,"key":"Ginger"},{"floor":43,"key":"Molten Egg 2"},{"floor":44,"key":"Bag of Preparation"},{"floor":48,"key":"Blue Candle"}],"event_choices":[{"cards_removed":["Strike_G"],"damage_healed":0,"gold_gain":0,"player_choice":"Offered Basic","damage_taken":0,"max_hp_gain":0,"max_hp_loss":0,"event_name":"Bonfire Elementals","floor":2,"gold_loss":0},{"damage_healed":0,"gold_gain":0,"cards_transformed":["Strike_G"],"player_choice":"Transformed","damage_taken":0,"max_hp_gain":0,"max_hp_loss":0,"event_name":"Transmorgrifier","floor":5,"gold_loss":0,"cards_obtained":["Burst"]},{"damage_healed":0,"gold_gain":0,"player_choice":"Fought Mushrooms","damage_taken":0,"max_hp_gain":0,"max_hp_loss":0,"event_name":"Mushrooms","floor":14,"gold_loss":0},{"damage_healed":0,"gold_gain":0,"player_choice":"Bought 0 Potions","damage_taken":0,"max_hp_gain":0,"max_hp_loss":0,"event_name":"The Woman in Blue","floor":19,"gold_loss":0},{"damage_healed":0,"gold_gain":100,"player_choice":"Bet on Murderer","damage_taken":0,"max_hp_gain":0,"max_hp_loss":0,"event_name":"The Joust","floor":24,"gold_loss":50},{"damage_healed":0,"gold_gain":0,"player_choice":"Paid","damage_taken":0,"relics_obtained":["Red Mask"],"max_hp_gain":0,"max_hp_loss":0,"event_name":"Tomb of Lord Red Mask","floor":37,"gold_loss":184},{"damage_healed":0,"gold_gain":0,"player_choice":"Fight","damage_taken":0,"max_hp_gain":0,"max_hp_loss":0,"event_name":"Mysterious Sphere","floor":38,"gold_loss":0},{"damage_healed":14,"gold_gain":0,"player_choice":"Writhe","damage_taken":0,"max_hp_gain":0,"max_hp_loss":0,"event_name":"Winding Halls","floor":39,"gold_loss":0,"cards_obtained":["Writhe"]},{"damage_healed":0,"gold_gain":0,"player_choice":"Memory 1","damage_taken":0,"max_hp_gain":0,"max_hp_loss":0,"event_name":"SensoryStone","floor":42,"gold_loss":0},{"cards_removed":["Cloak And Dagger"],"damage_healed":0,"gold_gain":0,"player_choice":"Removed Skill","damage_taken":0,"max_hp_gain":0,"max_hp_loss":0,"event_name":"Falling","floor":45,"gold_loss":0}],"is_beta":false,"boss_relics":[{"not_picked":["HoveringKite","Coffee Dripper"],"picked":"Sozu"},{"not_picked":["White Beast Statue","Tiny House"],"picked":"Ring of the Serpent"}],"items_purged_floors":[11,20],"is_endless":false,"potions_floor_spawned":[4,13,14,16,18,25,29,33,35,41,44,48],"killed_by":"Time Eater","ascension_level":20}