{"gold_per_floor":[109,284,297,297,247,302,316,345,399,87,99,99,99,109,109,212,212,231,266,266,266,266,266,266],"floor_reached":24,"playtime":1591,"items_purged":["Strike_R"],"score":279,"play_id":"e4cbf3e3-ac77-4810-8abf-7ebab27d58ae","local_time":"20190508074545","is_ascension_mode":true,"campfire_choices":[{"data":"Body Slam","floor":13,"key":"SMITH"},{"floor":15,"key":"REST"},{"floor":23,"key":"REST"}],"neow_cost":"NONE","seed_source_timestamp":38049009141897,"circlet_count":0,"master_deck":["Defend_R","Defend_R","Defend_R","Defend_R","Bash","Purity","Body Slam+1","Rampage","Clothesline","Master of Strategy","Shrug It Off","Limit Break","Shrug It Off","Parasite","Bite","Bite","Bite","Bite","Bite"],"relics":["Burning Blood","Shuriken","Tiny Chest","Du-Vu Doll","Cursed Key","Red Mask","Mummified Hand","Champion Belt"],"potions_floor_usage":[8,12,16,16,24],"damage_taken":[{"damage":1,"enemies":"Small Slimes","floor":1,"turns":4},{"damage":7,"enemies":"Jaw Worm","floor":3,"turns":3},{"damage":35,"enemies":"3 Sentries","floor":6,"turns":10},{"damage":0,"enemies":"2 Louse","floor":7,"turns":3},{"damage":26,"enemies":"Gremlin Nob","floor":8,"turns":4},{"damage":4,"enemies":"Blue Slaver","floor":11,"turns":5},{"damage":0,"enemies":"Lagavulin","floor":12,"turns":4},{"damage":13,"enemies":"3 Louse","floor":14,"turns":3},{"damage":43,"enemies":"The Guardian","floor":16,"turns":13},{"damage":14,"enemies":"Shell Parasite","floor":18,"turns":5},{"damage":46,"enemies":"Masked Bandits","floor":19,"turns":5},{"damage":64,"enemies":"Slavers","floor":24,"turns":5}],"seed_played":"-6711921353990386753","potions_obtained":[{"floor":6,"key":"AttackPotion"},{"floor":8,"key":"SmokeBomb"},{"floor":14,"key":"GamblersBrew"},{"floor":16,"key":"Weak Potion"}],"is_trial":false,"path_per_floor":["M","?","M","?","?","E","M","E","T","$","M","E","R","M","R","B",null,"M","?","T","?","?","R","E"],"character_chosen":"IRONCLAD","items_purchased":["Master of Strategy","Dexterity Potion"],"campfire_rested":2,"item_purchase_floors":[10,10],"current_hp_per_floor":[80,80,79,76,76,47,53,33,33,33,35,41,41,34,58,21,80,72,32,32,32,32,48,0],"gold":266,"neow_bonus":"RANDOM_COLORLESS","is_prod":false,"is_daily":false,"chose_seed":false,"campfire_upgraded":1,"win_rate":0,"timestamp":1557315945,"path_taken":["M","?","M","?","?","E","?","E","T","$","M","E","R","M","R","BOSS","M","?","?","?","?","R","E"],"build_version":"2019-01-23","purchased_purges":1,"victory":false,"max_hp_per_floor":[80,80,80,80,80,80,80,80,80,80,80,80,80,80,80,80,80,80,80,80,80,56,56,56],"card_choices":[{"not_picked":["Clash","Pummel"],"picked":"Body Slam","floor":1},{"not_picked":["Corruption","Power Through"],"picked":"Rampage","floor":3},{"not_picked":["Feel No Pain","Bloodletting","Sword Boomerang"],"picked":"SKIP","floor":6},{"not_picked":["Twin Strike","Havoc"],"picked":"Clothesline","floor":7},{"not_picked":["Rupture","Hemokinesis","Sword Boomerang"],"picked":"SKIP","floor":8},{"not_picked":["Warcry","Rage","Bloodletting"],"picked":"SKIP","floor":11},{"not_picked":["Metallicize","Thunderclap"],"picked":"Shrug It Off","floor":14},{"not_picked":["Fiend Fire","Immolate"],"picked":"Limit Break","floor":16},{"not_picked":["Warcry+1","Twin Strike"],"picked":"Shrug It Off","floor":18}],"player_experience":235209,"relics_obtained":[{"floor":6,"key":"Tiny Chest"},{"floor":8,"key":"Du-Vu Doll"},{"floor":19,"key":"Red Mask"},{"floor":20,"key":"Mummified Hand"}],"event_choices":[{"damage_healed":0,"gold_gain":175,"player_choice":"AGREE","damage_taken":0,"max_hp_gain":0,"max_hp_loss":0,"event_name":"Liars Game","floor":2,"gold_loss":0,"cards_obtained":["Doubt"]},{"damage_healed":0,"gold_gain":0,"player_choice":"Success","damage_taken":3,"relics_obtained":["Shuriken"],"max_hp_gain":0,"max_hp_loss":0,"event_name":"Scrap Ooze","floor":4,"gold_loss":0},{"cards_removed":["Doubt"],"damage_healed":0,"gold_gain":0,"player_choice":"Card Removal","damage_taken":0,"max_hp_gain":0,"max_hp_loss":0,"event_name":"The Cleric","floor":5,"gold_loss":50},{"damage_healed":0,"gold_gain":0,"player_choice":"Fought Bandits","damage_taken":0,"max_hp_gain":0,"max_hp_loss":0,"event_name":"Masked Bandits","floor":19,"gold_loss":0},{"damage_healed":0,"gold_gain":0,"player_choice":"Opened","damage_taken":0,"relics_obtained":["Champion Belt"],"max_hp_gain":0,"max_hp_loss":0,"event_name":"The Mausoleum","floor":21,"gold_loss":0},{"damage_healed":0,"gold_gain":0,"player_choice":"Became a vampire","damage_taken":0,"max_hp_gain":0,"max_hp_loss":24,"event_name":"Vampires","floor":22,"gold_loss":0,"cards_obtained":["Bite","Bite","Bite","Bite","Bite"]}],"is_beta":false,"boss_relics":[{"not_picked":["Runic Dome","Black Blood"],"picked":"Cursed Key"}],"items_purged_floors":[10],"is_endless":false,"potions_floor_spawned":[6,8,14,16],"killed_by":"Slavers","ascension_level":4}