{"gold_per_floor":[119,119,130,147,108,138,156,156,156,190,209,209,228,248,248,347,347,358,369,98,118,118],"floor_reached":22,"playtime":1483,"items_purged":["Strike_G"],"score":230,"play_id":"be347961-eb02-485c-bc26-0598dd3233ba","local_time":"20190718084640","is_ascension_mode":true,"campfire_choices":[{"floor":8,"key":"REST"},{"floor":15,"key":"REST"}],"neow_cost":"NONE","seed_source_timestamp":28976396626554,"circlet_count":0,"master_deck":["Strike_G","Strike_G","Strike_G","Defend_G","Defend_G","Defend_G","Defend_G","Defend_G","Survivor","Neutralize","Dagger Throw","Backstab","Unload","Footwork","Backflip","Noxious Fumes","Backflip","Crippling Poison","Unload","Dodge and Roll","Dodge and Roll","Catalyst","Blur","Corpse Explosion","Cloak And Dagger","Escape Plan+1","Leg Sweep","Deadly Poison+1"],"relics":["Ring of the Snake","NeowsBlessing","Sundial","Prayer Wheel","Incense Burner","Black Star","TwistedFunnel"],"potions_floor_usage":[16,16],"damage_taken":[{"damage":0,"enemies":"Cultist","floor":1,"turns":1},{"damage":0,"enemies":"Jaw Worm","floor":3,"turns":1},{"damage":0,"enemies":"Small Slimes","floor":4,"turns":1},{"damage":21,"enemies":"Gremlin Nob","floor":6,"turns":5},{"damage":17,"enemies":"Gremlin Gang","floor":7,"turns":5},{"damage":22,"enemies":"Lagavulin","floor":10,"turns":7},{"damage":7,"enemies":"3 Louse","floor":11,"turns":3},{"damage":3,"enemies":"Exordium Wildlife","floor":13,"turns":5},{"damage":0,"enemies":"Large Slime","floor":14,"turns":5},{"damage":29,"enemies":"Slime Boss","floor":16,"turns":15},{"damage":19,"enemies":"2 Thieves","floor":18,"turns":3},{"damage":23,"enemies":"Chosen","floor":19,"turns":7},{"damage":13,"enemies":"Centurion and Healer","floor":21,"turns":6},{"damage":3,"enemies":"Chosen and Byrds","floor":22,"turns":2}],"seed_played":"8911062738360804132","potions_obtained":[{"floor":1,"key":"Swift Potion"},{"floor":11,"key":"SpeedPotion"},{"floor":13,"key":"LiquidBronze"},{"floor":16,"key":"GhostInAJar"},{"floor":18,"key":"Dexterity Potion"}],"is_trial":false,"path_per_floor":["M","?","M","M","$","E","M","R","T","E","M","?","M","M","R","B",null,"M","M","$","M","M"],"character_chosen":"THE_SILENT","items_purchased":["Footwork","TwistedFunnel"],"campfire_rested":2,"item_purchase_floors":[5,20],"current_hp_per_floor":[70,70,70,70,70,49,32,53,53,31,24,24,21,21,42,13,70,51,28,28,15,12],"gold":118,"neow_bonus":"THREE_ENEMY_KILL","is_prod":false,"is_daily":false,"chose_seed":false,"campfire_upgraded":0,"win_rate":0,"timestamp":1563457600,"path_taken":["M","?","M","?","?","E","M","R","T","E","M","?","M","M","R","BOSS","M","M","$","M","M"],"build_version":"2019-07-17","purchased_purges":1,"victory":false,"max_hp_per_floor":[70,70,70,70,70,70,70,70,70,70,70,70,70,70,70,70,70,70,70,70,70,70],"card_choices":[{"not_picked":["Outmaneuver","Flying Knee"],"picked":"Dagger Throw","floor":1},{"not_picked":["Poisoned Stab","Footwork"],"picked":"Backstab","floor":3},{"not_picked":["Flying Knee","Quick Slash"],"picked":"Unload","floor":4},{"not_picked":["Acrobatics","Bouncing Flask"],"picked":"Backflip","floor":6},{"not_picked":["Flechettes","Concentrate"],"picked":"Noxious Fumes","floor":7},{"not_picked":["Caltrops","Prepared"],"picked":"Backflip","floor":10},{"not_picked":["Underhanded Strike","Bane"],"picked":"Crippling Poison","floor":11},{"not_picked":["Flying Knee","Heel Hook"],"picked":"Unload","floor":11},{"not_picked":["Choke","Finisher"],"picked":"Dodge and Roll","floor":13},{"not_picked":["Flying Knee","Expertise"],"picked":"Dodge and Roll","floor":13},{"not_picked":["Setup","Bane"],"picked":"Catalyst","floor":14},{"not_picked":["Dodge and Roll","Distraction"],"picked":"Blur","floor":14},{"not_picked":["Wraith Form v2","Venomology"],"picked":"Corpse Explosion","floor":16},{"not_picked":["Underhanded Strike","Acrobatics+1"],"picked":"Cloak And Dagger","floor":18},{"not_picked":["All Out Attack+1","Underhanded Strike","Slice+1"],"picked":"SKIP","floor":18},{"not_picked":["Sucker Punch","Slice+1"],"picked":"Escape Plan+1","floor":19},{"not_picked":["Grand Finale","Flying Knee"],"picked":"Leg Sweep","floor":19},{"not_picked":["Heel Hook","Underhanded Strike"],"picked":"Deadly Poison+1","floor":21},{"not_picked":["Acrobatics","All Out Attack","Accuracy"],"picked":"SKIP","floor":21}],"player_experience":153526,"relics_obtained":[{"floor":6,"key":"Sundial"},{"floor":9,"key":"Prayer Wheel"},{"floor":10,"key":"Incense Burner"}],"event_choices":[{"cards_removed":["Strike_G"],"damage_healed":0,"gold_gain":0,"player_choice":"Purged","damage_taken":0,"max_hp_gain":0,"max_hp_loss":0,"event_name":"Purifier","floor":2,"gold_loss":0},{"damage_healed":0,"gold_gain":0,"player_choice":"Ignored","damage_taken":0,"max_hp_gain":0,"max_hp_loss":0,"event_name":"Golden Idol","floor":12,"gold_loss":0}],"is_beta":false,"boss_relics":[{"not_picked":["HoveringKite","Coffee Dripper"],"picked":"Black Star"}],"items_purged_floors":[20],"is_endless":false,"potions_floor_spawned":[1,11,13,14,16,18],"killed_by":"Chosen and Byrds","ascension_level":3}