{"gold_per_floor":[112,112,131,145,145,145,145,155,181,206,206,234,249,265,265,338,338,355,355,2,18,38,38],"floor_reached":23,"playtime":1008,"items_purged":[],"score":506,"play_id":"34df86fa-2498-4ac8-bb24-de4430ff43b2","local_time":"20181215154552","is_ascension_mode":true,"campfire_choices":[{"data":"Crippling Poison","floor":6,"key":"SMITH"},{"data":"Neutralize","floor":11,"key":"SMITH"},{"data":"Well Laid Plans","floor":15,"key":"SMITH"}],"neow_cost":"NONE","seed_source_timestamp":233197986990173,"circlet_count":0,"master_deck":["AscendersBane","Defend_G","Defend_G","Defend_G","Defend_G","Defend_G","Strike_G","Strike_G","Strike_G","Survivor","Neutralize+1","All Out Attack","Crippling Poison+1","Poisoned Stab","Well Laid Plans+1","Deadly Poison","Bouncing Flask","Adrenaline","Leg Sweep","Finisher","Footwork"],"relics":["Ring of the Snake","Snake Skull","Regal Pillow","Pocketwatch","Bag of Preparation","Singing Bowl","Bird Faced Urn","Fusion Hammer","Pantograph"],"potions_floor_usage":[12,22,23],"damage_taken":[{"damage":10,"enemies":"Jaw Worm","floor":1,"turns":8},{"damage":1,"enemies":"Cultist","floor":3,"turns":4},{"damage":2,"enemies":"Small Slimes","floor":4,"turns":4},{"damage":0,"enemies":"2 Fungi Beasts","floor":8,"turns":2},{"damage":11,"enemies":"3 Sentries","floor":10,"turns":7},{"damage":6,"enemies":"Gremlin Nob","floor":12,"turns":3},{"damage":0,"enemies":"Large Slime","floor":13,"turns":4},{"damage":0,"enemies":"Lots of Slimes","floor":14,"turns":1},{"damage":0,"enemies":"The Guardian","floor":16,"turns":7},{"damage":0,"enemies":"Chosen","floor":18,"turns":3},{"damage":5,"enemies":"2 Thieves","floor":21,"turns":4},{"damage":17,"enemies":"Shelled Parasite and Fungi","floor":22,"turns":4},{"damage":57,"enemies":"Book of Stabbing","floor":23,"turns":7}],"seed_played":"-6143977022395620300","potions_obtained":[{"floor":1,"key":"AttackPotion"},{"floor":8,"key":"FearPotion"},{"floor":13,"key":"Energy Potion"},{"floor":21,"key":"Block Potion"}],"is_trial":false,"path_per_floor":["M","?","M","M","T","R","T","M","T","E","R","E","M","M","R","B",null,"M","?","$","M","M","E"],"character_chosen":"THE_SILENT","items_purchased":["Pantograph","Footwork"],"campfire_rested":0,"item_purchase_floors":[20,20],"current_hp_per_floor":[49,42,41,39,39,39,39,39,39,30,30,24,28,28,28,30,60,62,62,62,63,50,0],"gold":38,"neow_bonus":"RANDOM_COMMON_RELIC","is_prod":false,"is_daily":false,"chose_seed":false,"campfire_upgraded":3,"win_rate":0,"timestamp":1544906752,"path_taken":["M","?","M","M","?","R","?","M","T","E","R","E","M","M","R","BOSS","M","?","$","M","M","E"],"build_version":"2018-12-13","purchased_purges":0,"victory":false,"max_hp_per_floor":[66,66,66,66,66,66,66,66,66,68,68,68,70,70,70,70,70,70,70,70,72,74,74],"card_choices":[{"not_picked":["Accuracy","Dagger Throw"],"picked":"All Out Attack","floor":1},{"not_picked":["Deflect","Poisoned Stab"],"picked":"Crippling Poison","floor":3},{"not_picked":["Bane","Backflip"],"picked":"Poisoned Stab","floor":4},{"not_picked":["Cloak And Dagger","Predator"],"picked":"Well Laid Plans","floor":8},{"not_picked":["Acrobatics","Bullet Time","Accuracy"],"picked":"Singing Bowl","floor":10},{"not_picked":["Underhanded Strike","Eviscerate"],"picked":"Deadly Poison","floor":12},{"not_picked":["Acrobatics","Blade Dance","Dagger Throw"],"picked":"Singing Bowl","floor":13},{"not_picked":["Flying Knee","Acrobatics"],"picked":"Bouncing Flask","floor":14},{"not_picked":["Unload","Bullet Time"],"picked":"Adrenaline","floor":16},{"not_picked":["Slice","Backflip"],"picked":"Leg Sweep","floor":18},{"not_picked":["Slice","Underhanded Strike","Outmaneuver"],"picked":"Singing Bowl","floor":21},{"not_picked":["Choke","Expertise","Unload"],"picked":"Singing Bowl","floor":22}],"player_experience":1283280,"relics_obtained":[{"floor":5,"key":"Regal Pillow"},{"floor":7,"key":"Pocketwatch"},{"floor":9,"key":"Bag of Preparation"},{"floor":10,"key":"Singing Bowl"},{"floor":12,"key":"Bird Faced Urn"}],"event_choices":[{"cards_removed":["Strike_G"],"damage_healed":0,"gold_gain":0,"player_choice":"Card Removal","damage_taken":7,"max_hp_gain":0,"max_hp_loss":0,"event_name":"Golden Wing","floor":2,"gold_loss":0},{"damage_healed":0,"gold_gain":0,"cards_transformed":["Strike_G"],"player_choice":"Transformed","damage_taken":0,"max_hp_gain":0,"max_hp_loss":0,"event_name":"Transmorgrifier","floor":19,"gold_loss":0,"cards_obtained":["Finisher"]}],"is_beta":false,"boss_relics":[{"not_picked":["Orrery","Pandora\u0027s Box"],"picked":"Fusion Hammer"}],"items_purged_floors":[],"is_endless":false,"potions_floor_spawned":[1,8,13,21],"killed_by":"Book of Stabbing","ascension_level":20}