{"gold_per_floor":[119,138,138,149,149,149,36,69,69,0,0,14,14,29,29,100,100,115,133,150,150,161,161,17,17,63,63,63,63,75,91,91,168,168,181,195,95,95,109,109,124,104,129,129,149,167,167,182,182,182],"floor_reached":50,"playtime":2337,"items_purged":["Decay","Strike_B"],"score":758,"play_id":"f5b3d696-e613-49ae-af1e-bbac5d29694f","local_time":"20190715073312","is_ascension_mode":true,"campfire_choices":[{"data":"Zap","floor":6.0,"key":"SMITH"},{"data":"Loop","floor":11.0,"key":"SMITH"},{"data":"Hologram","floor":13.0,"key":"SMITH"},{"floor":15.0,"key":"REST"},{"floor":23.0,"key":"REST"},{"floor":25.0,"key":"REST"},{"data":"Sunder","floor":27.0,"key":"SMITH"},{"data":"Creative AI","floor":29.0,"key":"SMITH"},{"data":"Doom and Gloom","floor":32.0,"key":"SMITH"},{"data":"Seek","floor":40.0,"key":"SMITH"},{"floor":44.0,"key":"REST"},{"floor":47.0,"key":"REST"},{"floor":49.0,"key":"REST"}],"neow_cost":"NONE","seed_source_timestamp":0,"circlet_count":0,"master_deck":["AscendersBane","Strike_B","Defend_B","Defend_B","Defend_B","Defend_B","Zap+1","Dualcast","Doom and Gloom+1","Self Repair","Steam","Hologram+1","Loop+1","Streamline","Sunder+1","Cold Snap","Steam","Creative AI+1","Necronomicurse","Self Repair","Seek+1","Parasite","White Noise+1","Hologram+1","Leap+1"],"special_seed":0,"relics":["Cracked Core","Mercury Hourglass","WingedGreaves","Bottled Lightning","Busted Crown","Necronomicon","Pen Nib","PreservedInsect","Empty Cage","Dream Catcher"],"potions_floor_usage":[50,50],"damage_taken":[{"damage":1.0,"enemies":"Cultist","floor":1.0,"turns":3.0},{"damage":10.0,"enemies":"Small Slimes","floor":2.0,"turns":4.0},{"damage":8.0,"enemies":"2 Louse","floor":4.0,"turns":2.0},{"damage":28.0,"enemies":"Gremlin Nob","floor":8.0,"turns":4.0},{"damage":6.0,"enemies":"Red Slaver","floor":12.0,"turns":3.0},{"damage":1.0,"enemies":"Exordium Wildlife","floor":14.0,"turns":2.0},{"damage":24.0,"enemies":"Hexaghost","floor":16.0,"turns":9.0},{"damage":14.0,"enemies":"2 Thieves","floor":18.0,"turns":3.0},{"damage":0.0,"enemies":"Spheric Guardian","floor":19.0,"turns":3.0},{"damage":19.0,"enemies":"Snecko","floor":20.0,"turns":6.0},{"damage":24.0,"enemies":"Centurion and Healer","floor":22.0,"turns":7.0},{"damage":16.0,"enemies":"Snake Plant","floor":30.0,"turns":3.0},{"damage":0.0,"enemies":"Sentry and Sphere","floor":31.0,"turns":3.0},{"damage":61.0,"enemies":"Automaton","floor":33.0,"turns":8.0},{"damage":27.0,"enemies":"3 Darklings","floor":35.0,"turns":5.0},{"damage":6.0,"enemies":"3 Shapes","floor":36.0,"turns":2.0},{"damage":16.0,"enemies":"3 Darklings","floor":39.0,"turns":5.0},{"damage":31.0,"enemies":"Writhing Mass","floor":41.0,"turns":5.0},{"damage":13.0,"enemies":"4 Shapes","floor":45.0,"turns":5.0},{"damage":30.0,"enemies":"Spire Growth","floor":46.0,"turns":4.0},{"damage":1.0,"enemies":"Sphere and 2 Shapes","floor":48.0,"turns":3.0},{"damage":104,"enemies":"Donu and Deca","floor":50,"turns":7}],"seed_played":"5347930494175005392","potions_obtained":[{"floor":1.0,"key":"AttackPotion"},{"floor":4.0,"key":"Ancient Potion"},{"floor":16.0,"key":"PowerPotion"},{"floor":22.0,"key":"Swift Potion"},{"floor":35.0,"key":"AttackPotion"},{"floor":39.0,"key":"Explosive Potion"},{"floor":42.0,"key":"Poison Potion"},{"floor":45.0,"key":"LiquidBronze"},{"floor":48.0,"key":"Regen Potion"}],"is_trial":false,"path_per_floor":["M","M","T","M","?","R","$","E","T","$","R","M","R","M","R","B",null,"M","M","M","?","M","R","$","R","T","R","?","R","M","M","R","B",null,"M","M","$","?","M","R","M","?","T","R","M","M","R","M","R","B"],"character_chosen":"DEFECT","items_purchased":["Loop","Sunder","Pen Nib"],"campfire_rested":6,"item_purchase_floors":[7,10,24],"current_hp_per_floor":[63,60,60,59,59,59,59,38,38,38,38,32,32,31,52,35,62,48,55,43,27,10,31,31,52,52,52,71,71,62,62,62,15,57,44,45,45,45,43,43,26,26,26,47,48,32,53,52,71,0],"gold":182,"neow_bonus":"THREE_CARDS","is_prod":false,"is_daily":false,"chose_seed":false,"campfire_upgraded":7,"win_rate":0,"timestamp":1563190392,"path_taken":["M","M","?","M","?","R","$","E","T","$","R","M","R","M","R","BOSS","M","M","M","?","M","R","$","R","T","R","?","R","M","M","R","BOSS","M","M","$","?","M","R","M","?","T","R","M","M","R","M","R","BOSS"],"build_version":"2019-07-05","purchased_purges":2,"victory":false,"max_hp_per_floor":[71,71,71,71,71,71,71,71,71,71,71,71,71,71,71,71,71,71,71,71,71,71,71,71,71,71,71,71,71,71,71,71,71,71,71,71,71,71,71,71,71,71,71,71,71,71,71,71,71,71],"card_choices":[{"not_picked":["Coolheaded","Steam"],"picked":"Doom and Gloom","floor":0.0},{"not_picked":["Doom and Gloom","Steam"],"picked":"Self Repair","floor":1.0},{"not_picked":["Aggregate","Consume"],"picked":"Steam","floor":2.0},{"not_picked":["Rebound","Ball Lightning"],"picked":"Hologram","floor":4.0},{"not_picked":["Fission","Stack"],"picked":"Streamline","floor":8.0},{"not_picked":["Sweeping Beam","Barrage"],"picked":"Cold Snap","floor":12.0},{"not_picked":["Rip and Tear","Stack"],"picked":"Steam","floor":14.0},{"not_picked":["Core Surge","Buffer"],"picked":"Creative AI","floor":16.0},{"not_picked":["Consume"],"picked":"SKIP","floor":18.0},{"not_picked":["Stack"],"picked":"SKIP","floor":19.0},{"not_picked":["Compile Driver"],"picked":"SKIP","floor":20.0},{"not_picked":[],"picked":"Self Repair","floor":22.0},{"not_picked":["Gash"],"picked":"SKIP","floor":30.0},{"not_picked":["Capacitor"],"picked":"SKIP","floor":31.0},{"not_picked":[],"picked":"Seek","floor":33.0},{"not_picked":["Ball Lightning"],"picked":"SKIP","floor":35.0},{"not_picked":["Beam Cell"],"picked":"SKIP","floor":36.0},{"not_picked":["Beam Cell"],"picked":"SKIP","floor":39.0},{"not_picked":["Chaos"],"picked":"SKIP","floor":41.0},{"not_picked":[],"picked":"White Noise+1","floor":45.0},{"not_picked":["Blizzard"],"picked":"SKIP","floor":46.0},{"not_picked":[],"picked":"Hologram+1","floor":47.0},{"not_picked":[],"picked":"Leap+1","floor":48.0}],"player_experience":539051,"relics_obtained":[{"floor":3.0,"key":"Mercury Hourglass"},{"floor":8.0,"key":"WingedGreaves"},{"floor":9.0,"key":"Bottled Lightning"},{"floor":21.0,"key":"Necronomicon"},{"floor":26.0,"key":"PreservedInsect"},{"floor":43.0,"key":"Dream Catcher"}],"event_choices":[{"damage_healed":0.0,"max_hp_gain":0.0,"max_hp_loss":0.0,"gold_gain":0.0,"event_name":"Wheel of Change","player_choice":"Cursed","floor":5.0,"gold_loss":0.0,"damage_taken":0.0,"cards_obtained":["Decay"]},{"damage_healed":0.0,"max_hp_gain":0.0,"max_hp_loss":0.0,"gold_gain":0.0,"event_name":"Cursed Tome","player_choice":"Obtained Book","floor":21.0,"gold_loss":0.0,"damage_taken":16.0},{"damage_healed":23.0,"max_hp_gain":0.0,"max_hp_loss":0.0,"gold_gain":0.0,"event_name":"The Library","player_choice":"Heal","floor":28.0,"gold_loss":0.0,"damage_taken":0.0},{"damage_healed":0.0,"max_hp_gain":0.0,"max_hp_loss":0.0,"gold_gain":0.0,"event_name":"SensoryStone","player_choice":"Memory 1","floor":38.0,"gold_loss":0.0,"damage_taken":0.0},{"damage_healed":0.0,"max_hp_gain":0.0,"max_hp_loss":0.0,"gold_gain":0.0,"event_name":"The Woman in Blue","player_choice":"Bought 1 Potion","floor":42.0,"gold_loss":0.0,"damage_taken":0.0}],"is_beta":false,"boss_relics":[{"not_picked":["Cursed Key","Philosopher\u0027s Stone"],"picked":"Busted Crown"},{"not_picked":["Snecko Eye","Black Star"],"picked":"Empty Cage"}],"items_purged_floors":[7,37],"is_endless":false,"potions_floor_spawned":[1,4,16,22,35,39,45,48],"killed_by":"Donu and Deca","ascension_level":14}