{"gold_per_floor":[217,227,247,262,12,39,39,39,39,49,61,10,37,37,37,132,132,113,113,113,133,133,133,152,152,152,164,164,191,202,216,216,314,314,325,325,325,211,260,260,280,280,326,342,420,61,0,34,34,34,34,34,34,64,64],"floor_reached":55,"playtime":3073,"items_purged":["Strike_G","Writhe"],"score":1013,"play_id":"cad340ef-301d-4ba8-9e77-fcc381542291","local_time":"20190602205957","is_ascension_mode":true,"campfire_choices":[{"floor":8,"key":"REST"},{"floor":15,"key":"REST"},{"data":"Noxious Fumes","floor":23,"key":"SMITH"},{"data":"Footwork","floor":25,"key":"SMITH"},{"data":"A Thousand Cuts","floor":28,"key":"SMITH"},{"floor":32,"key":"REST"},{"data":"Bane","floor":40,"key":"SMITH"},{"floor":42,"key":"RECALL"},{"floor":49,"key":"REST"},{"data":"Survivor","floor":52,"key":"SMITH"}],"neow_cost":"NONE","seed_source_timestamp":130550426436714,"circlet_count":0,"master_deck":["Defend_G+1","Defend_G","Defend_G","Strike_G","Survivor+1","Neutralize+1","Bane+1","Bane","Noxious Fumes+1","Blur+1","Backflip+1","Dodge and Roll+1","Doppelganger+1","Backflip+1","Footwork+1","Doppelganger+1","A Thousand Cuts+1","Acrobatics+1","Skewer+1","Leg Sweep+1","PiercingWail+1","Bullet Time+1","Madness+1","Madness+1","Catalyst+1","Deflect+1","Finisher+1","Clumsy","Tactician+1","Deadly Poison+1","Blade Dance+1","Escape Plan+1"],"relics":["Ring of the Snake","Toxic Egg 2","Paper Crane","Sundial","Meat on the Bone","Empty Cage","Regal Pillow","Oddly Smooth Stone","Cursed Key","Incense Burner","Ancient Tea Set","Ornamental Fan","Chemical X","Red Mask","Kunai","Lantern"],"potions_floor_usage":[6,13,16,31,33,39,48,50,55],"damage_taken":[{"damage":3,"enemies":"Jaw Worm","floor":1,"turns":7},{"damage":2,"enemies":"2 Louse","floor":2,"turns":3},{"damage":0,"enemies":"Small Slimes","floor":3,"turns":3},{"damage":10,"enemies":"Exordium Wildlife","floor":4,"turns":3},{"damage":17,"enemies":"Lagavulin","floor":6,"turns":7},{"damage":0,"enemies":"2 Fungi Beasts","floor":10,"turns":4},{"damage":1,"enemies":"Looter","floor":11,"turns":4},{"damage":9,"enemies":"Gremlin Nob","floor":13,"turns":4},{"damage":34,"enemies":"Hexaghost","floor":16,"turns":13},{"damage":11,"enemies":"2 Thieves","floor":18,"turns":5},{"damage":0,"enemies":"Shell Parasite","floor":21,"turns":7},{"damage":0,"enemies":"Snake Plant","floor":24,"turns":6},{"damage":0,"enemies":"3 Cultists","floor":27,"turns":6},{"damage":2,"enemies":"Book of Stabbing","floor":29,"turns":8},{"damage":11,"enemies":"Shelled Parasite and Fungi","floor":30,"turns":6},{"damage":0,"enemies":"Centurion and Healer","floor":31,"turns":7},{"damage":18,"enemies":"Collector","floor":33,"turns":10},{"damage":0,"enemies":"3 Shapes","floor":35,"turns":6},{"damage":0,"enemies":"2 Orb Walkers","floor":39,"turns":7},{"damage":3,"enemies":"3 Darklings","floor":41,"turns":6},{"damage":3,"enemies":"Maw","floor":44,"turns":9},{"damage":28,"enemies":"Reptomancer","floor":48,"turns":5},{"damage":0,"enemies":"Awakened One","floor":50,"turns":11},{"damage":41,"enemies":"Shield and Spear","floor":54,"turns":4},{"damage":47,"enemies":"The Heart","floor":55,"turns":9}],"seed_played":"3413748919728212365","potions_obtained":[{"floor":3,"key":"FearPotion"},{"floor":6,"key":"Ancient Potion"},{"floor":11,"key":"SteroidPotion"},{"floor":18,"key":"Energy Potion"},{"floor":27,"key":"Weak Potion"},{"floor":30,"key":"PowerPotion"},{"floor":31,"key":"FearPotion"},{"floor":35,"key":"Poison Potion"},{"floor":48,"key":"EssenceOfSteel"}],"is_trial":false,"path_per_floor":["M","M","M","M","$","E","?","R","T","M","M","$","E","$","R","B",null,"M","?","?","M","?","R","M","R","T","M","R","E","M","M","R","B",null,"M","?","?","$","?","R","M","R","T","M","T","$","?","E","R","B",null,"R","$","E","B"],"character_chosen":"THE_SILENT","items_purchased":["Toxic Egg 2","Poison Potion","Catalyst+1","Chemical X","Deadly Poison+1"],"campfire_rested":4,"item_purchase_floors":[5,12,38,46,46],"current_hp_per_floor":[60,58,58,48,48,31,17,38,38,38,37,37,28,28,49,27,59,48,48,35,47,47,47,47,47,47,47,47,45,46,46,75,57,71,71,71,62,62,62,62,59,59,59,56,56,56,56,40,75,75,75,75,75,46,0],"gold":64,"neow_bonus":"HUNDRED_GOLD","is_prod":false,"is_daily":false,"chose_seed":false,"campfire_upgraded":5,"win_rate":0,"timestamp":1559523597,"path_taken":["M","M","M","M","$","E","?","R","T","M","M","$","E","$","R","BOSS","M","?","?","M","?","R","M","R","T","M","R","E","M","M","R","BOSS","M","?","?","$","?","R","M","R","T","M","?","$","?","E","R","BOSS","R","$","E","BOSS"],"build_version":"2019-01-23","purchased_purges":2,"victory":false,"max_hp_per_floor":[70,70,70,70,70,70,70,70,70,70,70,70,70,70,70,70,70,70,70,75,75,75,75,75,75,75,75,75,75,75,75,75,75,75,75,75,75,75,75,75,75,75,75,75,75,75,75,75,75,75,75,75,75,75,75],"card_choices":[{"not_picked":["Poisoned Stab","Quick Slash"],"picked":"Bane","floor":1},{"not_picked":["Underhanded Strike","Bullet Time"],"picked":"Bane","floor":2},{"not_picked":["Expertise","Cloak And Dagger","Prepared"],"picked":"SKIP","floor":3},{"not_picked":["Slice","Blade Dance"],"picked":"Noxious Fumes","floor":4},{"not_picked":["Glass Knife","PiercingWail+1"],"picked":"Blur+1","floor":6},{"not_picked":["Flechettes","Escape Plan+1"],"picked":"Backflip+1","floor":10},{"not_picked":["Expertise+1","Riddle With Holes"],"picked":"Dodge and Roll+1","floor":11},{"not_picked":["Dagger Throw","Masterful Stab","Setup+1"],"picked":"SKIP","floor":13},{"not_picked":["Die Die Die","Night Terror+1"],"picked":"Doppelganger+1","floor":16},{"not_picked":["Tactician+1","Flying Knee"],"picked":"Backflip+1","floor":18},{"not_picked":["Blade Dance+1","Flying Knee+1"],"picked":"Footwork","floor":21},{"not_picked":["Flying Knee","A Thousand Cuts","Slice"],"picked":"SKIP","floor":24},{"not_picked":["Outmaneuver+1","Masterful Stab+1"],"picked":"Acrobatics+1","floor":27},{"not_picked":["Corpse Explosion+1","Expertise+1"],"picked":"Skewer+1","floor":29},{"not_picked":["Bane","All Out Attack+1"],"picked":"Leg Sweep+1","floor":30},{"not_picked":["Expertise+1","Sucker Punch+1"],"picked":"PiercingWail+1","floor":31},{"not_picked":["Wraith Form v2","Malaise+1"],"picked":"Bullet Time+1","floor":33},{"not_picked":["Quick Slash+1","Prepared+1","Acrobatics+1"],"picked":"SKIP","floor":35},{"not_picked":["Slice","Sucker Punch+1"],"picked":"Deflect+1","floor":39},{"not_picked":["Grand Finale","Backflip+1"],"picked":"Finisher+1","floor":41},{"not_picked":["Dodge and Roll+1","Cloak And Dagger+1"],"picked":"Tactician+1","floor":44},{"not_picked":["Riddle With Holes+1","Quick Slash"],"picked":"Blade Dance+1","floor":48},{"not_picked":["Slice","Quick Slash"],"picked":"Escape Plan+1","floor":54}],"player_experience":371219,"relics_obtained":[{"floor":6,"key":"Paper Crane"},{"floor":9,"key":"Sundial"},{"floor":13,"key":"Meat on the Bone"},{"floor":29,"key":"Oddly Smooth Stone"},{"floor":39,"key":"Incense Burner"},{"floor":43,"key":"Ancient Tea Set"},{"floor":45,"key":"Ornamental Fan"},{"floor":48,"key":"Kunai"},{"floor":54,"key":"Lantern"}],"event_choices":[{"damage_healed":0,"gold_gain":0,"player_choice":"Entered Light","damage_taken":14,"max_hp_gain":0,"max_hp_loss":0,"event_name":"Shining Light","floor":7,"gold_loss":0,"cards_upgraded":["Neutralize","Defend_G"]},{"damage_healed":0,"gold_gain":0,"player_choice":"Opened","damage_taken":0,"relics_obtained":["Regal Pillow"],"max_hp_gain":0,"max_hp_loss":0,"event_name":"The Mausoleum","floor":19,"gold_loss":0},{"damage_healed":0,"gold_gain":0,"player_choice":"Shed Blood","damage_taken":18,"max_hp_gain":5,"max_hp_loss":0,"event_name":"Forgotten Altar","floor":20,"gold_loss":0},{"damage_healed":0,"gold_gain":0,"cards_transformed":["Defend_G","Defend_G"],"player_choice":"Became Test Subject","damage_taken":0,"max_hp_gain":0,"max_hp_loss":0,"event_name":"Drug Dealer","floor":22,"gold_loss":0,"cards_obtained":["Doppelganger","A Thousand Cuts"]},{"cards_removed":["Strike_G"],"damage_healed":0,"gold_gain":0,"player_choice":"Removed Attack","damage_taken":0,"max_hp_gain":0,"max_hp_loss":0,"event_name":"Falling","floor":36,"gold_loss":0},{"damage_healed":0,"gold_gain":0,"player_choice":"Embrace Madness","damage_taken":9,"max_hp_gain":0,"max_hp_loss":0,"event_name":"Winding Halls","floor":37,"gold_loss":0,"cards_obtained":["Madness","Madness"]},{"damage_healed":0,"gold_gain":0,"player_choice":"Fight","damage_taken":0,"max_hp_gain":0,"max_hp_loss":0,"event_name":"Mysterious Sphere","floor":39,"gold_loss":0},{"damage_healed":0,"gold_gain":0,"player_choice":"Paid","damage_taken":0,"relics_obtained":["Red Mask"],"max_hp_gain":0,"max_hp_loss":0,"event_name":"Tomb of Lord Red Mask","floor":47,"gold_loss":61}],"is_beta":false,"boss_relics":[{"not_picked":["Black Star","White Beast Statue"],"picked":"Empty Cage"},{"not_picked":["WristBlade","Eternal Feather"],"picked":"Cursed Key"}],"items_purged_floors":[38,46],"is_endless":false,"potions_floor_spawned":[3,6,11,18,27,30,31,35,48],"killed_by":"The Heart","ascension_level":7}