{"gold_per_floor":[115,126,126,126,140,140,160,191,191,191,31,54,78,117,117,210,210,226,151,21,35,35,75,99,99,150,150],"floor_reached":27,"playtime":1154,"items_purged":[],"score":532,"play_id":"5a7acbd5-4059-4495-b5cb-5a1f14ef4862","local_time":"20181116121248","is_ascension_mode":true,"campfire_choices":[{"data":"Zap","floor":6,"key":"SMITH"},{"floor":10,"key":"REST"},{"data":"Defragment","floor":15,"key":"SMITH"},{"floor":25,"key":"REST"}],"neow_cost":"PERCENT_DAMAGE","seed_source_timestamp":173130880174601,"circlet_count":0,"master_deck":["AscendersBane","Strike_B","Strike_B","Strike_B","Defend_B","Defend_B","Defend_B","Defend_B","Zap+1","Dualcast","Defragment+1","Glacier","Cold Snap","Cold Snap","Core Surge","Defragment+1","Static Discharge","Meteor Strike","Coolheaded","Defragment","White Noise","Compile Driver","Go for the Eyes"],"relics":["Cracked Core","Golden Idol","Mercury Hourglass","Pear","Art of War","Vajra","Singing Bowl","Nuclear Battery","Blood Vial","Lantern"],"potions_floor_usage":[8,16,16,23],"damage_taken":[{"damage":7,"enemies":"Jaw Worm","floor":1,"turns":3},{"damage":0,"enemies":"Cultist","floor":2,"turns":3},{"damage":8,"enemies":"Small Slimes","floor":5,"turns":4},{"damage":4,"enemies":"Exordium Thugs","floor":7,"turns":5},{"damage":15,"enemies":"Gremlin Nob","floor":8,"turns":4},{"damage":8,"enemies":"Lots of Slimes","floor":13,"turns":3},{"damage":0,"enemies":"Lagavulin","floor":14,"turns":7},{"damage":13,"enemies":"Slime Boss","floor":16,"turns":9},{"damage":0,"enemies":"Spheric Guardian","floor":18,"turns":6},{"damage":16,"enemies":"Shell Parasite","floor":21,"turns":6},{"damage":35,"enemies":"Slavers","floor":23,"turns":7},{"damage":18,"enemies":"Snake Plant","floor":24,"turns":3},{"damage":44,"enemies":"Book of Stabbing","floor":27,"turns":4}],"seed_played":"-165735894103966943","potions_obtained":[{"floor":2,"key":"EssenceOfSteel"},{"floor":5,"key":"Ancient Potion"},{"floor":8,"key":"Explosive Potion"},{"floor":14,"key":"Regen Potion"},{"floor":18,"key":"SkillPotion"}],"is_trial":false,"path_per_floor":["M","M","?","?","M","R","M","E","T","R","$","T","M","E","R","B",null,"M","?","$","M","$","E","M","R","T","E"],"character_chosen":"DEFECT","items_purchased":["Art of War","Defragment","White Noise"],"campfire_rested":2,"item_purchase_floors":[11,20,20],"current_hp_per_floor":[53,53,53,53,45,45,41,26,36,62,62,62,54,54,54,56,79,79,79,79,63,63,28,14,40,40,0],"gold":150,"neow_bonus":"TWENTY_PERCENT_HP_BONUS","is_prod":false,"is_daily":false,"chose_seed":false,"campfire_upgraded":2,"win_rate":0,"timestamp":1542388368,"path_taken":["M","M","?","?","?","R","M","E","T","R","$","?","M","E","R","BOSS","M","?","?","?","$","E","M","R","T","E"],"build_version":"2018-11-15","purchased_purges":0,"victory":false,"max_hp_per_floor":[85,85,77,77,77,77,77,77,87,87,87,87,87,87,87,87,87,87,87,87,87,87,87,89,89,89,89],"card_choices":[{"not_picked":["Sweeping Beam","Compile Driver"],"picked":"Defragment","floor":1},{"not_picked":["Chill","Force Field"],"picked":"Glacier","floor":2},{"not_picked":["Lockon","Conserve Battery"],"picked":"Cold Snap","floor":5},{"not_picked":["Rip and Tear","Conserve Battery"],"picked":"Cold Snap","floor":7},{"not_picked":["Gash","Redo"],"picked":"Core Surge","floor":8},{"not_picked":["Turbo","Hologram"],"picked":"Defragment","floor":13},{"not_picked":["Skim","Reprogram"],"picked":"Static Discharge","floor":14},{"not_picked":["Hyperbeam","Multi-Cast"],"picked":"Meteor Strike","floor":16},{"not_picked":["Gash","Steam"],"picked":"Coolheaded","floor":18},{"not_picked":["Turbo","Go for the Eyes"],"picked":"Compile Driver","floor":21},{"not_picked":["Conserve Battery","Steam"],"picked":"Go for the Eyes","floor":23},{"not_picked":["Coolheaded","Go for the Eyes","Sweeping Beam"],"picked":"Singing Bowl","floor":24}],"player_experience":1065136,"relics_obtained":[{"floor":8,"key":"Mercury Hourglass"},{"floor":9,"key":"Pear"},{"floor":12,"key":"Vajra"},{"floor":14,"key":"Singing Bowl"},{"floor":23,"key":"Blood Vial"},{"floor":26,"key":"Lantern"}],"event_choices":[{"damage_healed":0,"gold_gain":0,"player_choice":"Lose Max HP","damage_taken":0,"relics_obtained":["Golden Idol"],"max_hp_gain":0,"max_hp_loss":8,"event_name":"Golden Idol","floor":3,"gold_loss":0},{"damage_healed":0,"gold_gain":0,"player_choice":"Upgraded","damage_taken":0,"max_hp_gain":0,"max_hp_loss":0,"event_name":"Upgrade Shrine","floor":4,"gold_loss":0,"cards_upgraded":["Defragment"]},{"cards_removed":["Strike_B"],"damage_healed":0,"gold_gain":0,"player_choice":"Single Remove","damage_taken":0,"max_hp_gain":0,"max_hp_loss":0,"event_name":"Designer","floor":19,"gold_loss":75}],"is_beta":false,"boss_relics":[{"not_picked":["Tiny House","Philosopher\u0027s Stone"],"picked":"Nuclear Battery"}],"items_purged_floors":[],"is_endless":false,"potions_floor_spawned":[2,5,8,14,18],"killed_by":"Book of Stabbing","ascension_level":20}