{"gold_per_floor":[116,129,129,129,129,129,161,126,126,145,145,145,156,190,190,288,288,302,52,52,69,79,79],"floor_reached":23,"playtime":897,"items_purged":[],"score":279,"play_id":"0a2bd9d1-b76a-4905-8224-4060c7a9a719","local_time":"20190721205640","is_ascension_mode":true,"campfire_choices":[{"data":"Bouncing Flask","floor":6,"key":"SMITH"},{"floor":11,"key":"REST"},{"floor":15,"key":"REST"}],"neow_cost":"NONE","seed_source_timestamp":332578395253509,"circlet_count":0,"master_deck":["Strike_G","Strike_G","Strike_G","Defend_G","Defend_G","Defend_G","Defend_G","Defend_G","Survivor","Neutralize","Bouncing Flask+1","Backflip","Quick Slash","Crippling Poison","A Thousand Cuts","Predator","HandOfGreed","Decay","Noxious Fumes","Predator"],"relics":["Ring of the Snake","Regal Pillow","Tough Bandages","Boot","Bronze Scales","Snecko Eye"],"potions_floor_usage":[23,23],"damage_taken":[{"damage":0,"enemies":"Small Slimes","floor":1,"turns":5},{"damage":3,"enemies":"2 Louse","floor":2,"turns":3},{"damage":38,"enemies":"Gremlin Nob","floor":7,"turns":5},{"damage":0,"enemies":"Jaw Worm","floor":10,"turns":4},{"damage":13,"enemies":"Large Slime","floor":13,"turns":5},{"damage":19,"enemies":"Lagavulin","floor":14,"turns":5},{"damage":43,"enemies":"Hexaghost","floor":16,"turns":8},{"damage":14,"enemies":"Shell Parasite","floor":18,"turns":4},{"damage":8,"enemies":"2 Thieves","floor":21,"turns":3},{"damage":17,"enemies":"Snake Plant","floor":22,"turns":3},{"damage":22,"enemies":"Book of Stabbing","floor":23,"turns":3}],"seed_played":"-7657068652876886814","potions_obtained":[{"floor":7,"key":"Poison Potion"},{"floor":10,"key":"Ancient Potion"},{"floor":14,"key":"Explosive Potion"}],"is_trial":false,"path_per_floor":["M","M","?","?","?","R","E","?","T","M","R","?","M","E","R","B",null,"M","$","?","M","M","E"],"character_chosen":"THE_SILENT","items_purchased":["Predator","HandOfGreed"],"campfire_rested":2,"item_purchase_floors":[19,19],"current_hp_per_floor":[63,60,60,60,57,57,19,36,36,36,70,63,50,31,67,24,59,45,45,45,37,20,0],"gold":79,"neow_bonus":"REMOVE_CARD","is_prod":false,"is_daily":false,"chose_seed":false,"campfire_upgraded":1,"win_rate":0,"timestamp":1563760600,"path_taken":["M","M","?","?","?","R","E","?","T","?","R","?","M","E","R","BOSS","M","$","?","M","M","E"],"build_version":"2019-07-17","purchased_purges":0,"victory":false,"max_hp_per_floor":[70,70,70,70,70,70,70,70,70,70,70,70,70,70,70,70,70,70,70,70,70,70,70],"card_choices":[{"not_picked":["Dagger Throw","Flying Knee"],"picked":"Bouncing Flask","floor":1},{"not_picked":["Acrobatics","Deflect"],"picked":"Backflip","floor":2},{"not_picked":["Dodge and Roll","Sucker Punch"],"picked":"Quick Slash","floor":7},{"not_picked":["Underhanded Strike","Dodge and Roll"],"picked":"Crippling Poison","floor":10},{"not_picked":["Acrobatics","Outmaneuver","Sucker Punch"],"picked":"SKIP","floor":13},{"not_picked":["Unload","Infinite Blades","Underhanded Strike"],"picked":"SKIP","floor":14},{"not_picked":["Malaise","Night Terror"],"picked":"A Thousand Cuts","floor":16},{"not_picked":["Dagger Spray","Prepared+1","Slice+1"],"picked":"SKIP","floor":18},{"not_picked":["Slice","Blur"],"picked":"Noxious Fumes","floor":21},{"not_picked":["Slice","Dodge and Roll"],"picked":"Predator","floor":22}],"player_experience":199742,"relics_obtained":[{"floor":7,"key":"Tough Bandages"},{"floor":9,"key":"Boot"},{"floor":14,"key":"Bronze Scales"}],"event_choices":[{"damage_healed":0,"gold_gain":0,"player_choice":"Ignored","damage_taken":0,"max_hp_gain":0,"max_hp_loss":0,"event_name":"Liars Game","floor":3,"gold_loss":0},{"damage_healed":0,"gold_gain":0,"player_choice":"Ignored","damage_taken":0,"max_hp_gain":0,"max_hp_loss":0,"event_name":"Shining Light","floor":4,"gold_loss":0},{"damage_healed":0,"gold_gain":0,"player_choice":"Success","damage_taken":3,"relics_obtained":["Regal Pillow"],"max_hp_gain":0,"max_hp_loss":0,"event_name":"Scrap Ooze","floor":5,"gold_loss":0},{"damage_healed":17,"gold_gain":0,"player_choice":"Healed","damage_taken":0,"max_hp_gain":0,"max_hp_loss":0,"event_name":"The Cleric","floor":8,"gold_loss":35},{"cards_removed":["Strike_G"],"damage_healed":0,"gold_gain":0,"player_choice":"Card Removal","damage_taken":7,"max_hp_gain":0,"max_hp_loss":0,"event_name":"Golden Wing","floor":12,"gold_loss":0},{"damage_healed":0,"gold_gain":0,"player_choice":"Smashed Altar","damage_taken":0,"max_hp_gain":0,"max_hp_loss":0,"event_name":"Forgotten Altar","floor":20,"gold_loss":0,"cards_obtained":["Decay"]}],"is_beta":false,"boss_relics":[{"not_picked":["Velvet Choker","Ectoplasm"],"picked":"Snecko Eye"}],"items_purged_floors":[],"is_endless":false,"potions_floor_spawned":[7,10,14,18,21],"killed_by":"Book of Stabbing","ascension_level":8}