{"gold_per_floor":[115,115,85,99,117,149,74,106,106,106,123,123,156,172,172,244,294,312,325,97,109,123,123,38,38,38,38,66,66,66,76,76,76],"floor_reached":33,"playtime":1490,"items_purged":["Strike_R"],"score":570,"play_id":"9f6bcb68-e783-4c29-beb3-bd22f99d8835","local_time":"20181118182911","is_ascension_mode":true,"campfire_choices":[{"data":"Whirlwind","floor":10,"key":"SMITH"},{"floor":12,"key":"REST"},{"floor":15,"key":"REST"},{"floor":23,"key":"REST"},{"data":"Bash","floor":29,"key":"SMITH"},{"data":"Inflame","floor":32,"key":"SMITH"}],"neow_cost":"NONE","seed_source_timestamp":368192625731399,"circlet_count":0,"master_deck":["AscendersBane","Strike_R+1","Strike_R+1","Strike_R+1","Defend_R+1","Defend_R+1","Defend_R+1","Defend_R+1","Bash+1","Inflame+1","Shrug It Off+1","Headbutt","Whirlwind+1","Pommel Strike","Pommel Strike","Offering","Power Through","Feed","Warcry","Shrug It Off","Corruption","Warcry","Battle Trance+1"],"relics":["Burning Blood","NeowsBlessing","Bronze Scales","Dodecahedron","Regal Pillow","Nunchaku","Tiny House","OrangePellets","Self Forming Clay","Charon\u0027s Ashes","Meat on the Bone","Darkstone Periapt"],"potions_floor_usage":[6,6,14,21,28,33,33],"damage_taken":[{"damage":0,"enemies":"Cultist","floor":1,"turns":1},{"damage":0,"enemies":"2 Louse","floor":4,"turns":1},{"damage":0,"enemies":"Jaw Worm","floor":5,"turns":1},{"damage":22,"enemies":"Lagavulin","floor":6,"turns":5},{"damage":22,"enemies":"3 Sentries","floor":8,"turns":8},{"damage":20,"enemies":"Exordium Wildlife","floor":11,"turns":5},{"damage":52,"enemies":"Lagavulin","floor":13,"turns":9},{"damage":1,"enemies":"Blue Slaver","floor":14,"turns":3},{"damage":33,"enemies":"Slime Boss","floor":16,"turns":10},{"damage":8,"enemies":"Chosen","floor":18,"turns":5},{"damage":9,"enemies":"3 Byrds","floor":19,"turns":2},{"damage":35,"enemies":"Snecko","floor":21,"turns":6},{"damage":24,"enemies":"Snake Plant","floor":22,"turns":5},{"damage":38,"enemies":"Slavers","floor":28,"turns":5},{"damage":6,"enemies":"Centurion and Healer","floor":31,"turns":7},{"damage":64,"enemies":"Automaton","floor":33,"turns":6}],"seed_played":"-9085995046636679319","potions_obtained":[{"floor":3,"key":"FairyPotion"},{"floor":3,"key":"AttackPotion"},{"floor":5,"key":"SteroidPotion"},{"floor":11,"key":"LiquidBronze"},{"floor":13,"key":"Block Potion"},{"floor":14,"key":"LiquidBronze"},{"floor":16,"key":"Fire Potion"},{"floor":19,"key":"Fruit Juice"},{"floor":22,"key":"Strength Potion"},{"floor":31,"key":"PowerPotion"}],"is_trial":false,"path_per_floor":["M","?","?","M","M","E","$","E","T","R","M","R","E","M","R","B",null,"M","M","$","M","M","R","?","?","T","T","E","R","?","M","R","B"],"character_chosen":"IRONCLAD","items_purchased":["OrangePellets"],"campfire_rested":3,"item_purchase_floors":[20],"current_hp_per_floor":[74,67,67,73,75,59,59,43,43,43,29,66,20,25,62,35,70,68,68,68,39,21,60,60,60,60,60,43,43,43,58,58,0],"gold":76,"neow_bonus":"THREE_ENEMY_KILL","is_prod":false,"is_daily":false,"chose_seed":false,"campfire_upgraded":3,"win_rate":0,"timestamp":1542583751,"path_taken":["M","?","?","M","?","E","$","E","T","R","M","R","E","M","R","BOSS","M","M","$","M","M","R","?","?","T","?","E","R","?","M","R","BOSS"],"build_version":"2018-11-15","purchased_purges":1,"victory":false,"max_hp_per_floor":[75,75,75,75,75,75,75,75,75,75,75,75,75,75,75,75,80,80,83,83,83,83,83,83,83,83,83,86,86,86,89,89,94],"card_choices":[{"not_picked":["Headbutt","Flex"],"picked":"Inflame","floor":1},{"not_picked":["Feel No Pain","Rupture"],"picked":"Shrug It Off","floor":4},{"not_picked":["Iron Wave","Clash"],"picked":"Headbutt","floor":5},{"not_picked":["Iron Wave","Cleave"],"picked":"Whirlwind","floor":6},{"not_picked":["Flame Barrier","True Grit"],"picked":"Pommel Strike","floor":8},{"not_picked":["Warcry","Entrench"],"picked":"Pommel Strike","floor":11},{"not_picked":["Perfected Strike","Sever Soul"],"picked":"Offering","floor":13},{"not_picked":["Blood for Blood","Rupture"],"picked":"Power Through","floor":14},{"not_picked":["Bludgeon","Dark Embrace"],"picked":"Feed","floor":16},{"not_picked":["Twin Strike","Thunderclap"],"picked":"Warcry","floor":18},{"not_picked":["Bloodletting","Flex","Reckless Charge"],"picked":"SKIP","floor":19},{"not_picked":["Twin Strike","Spot Weakness"],"picked":"Shrug It Off","floor":21},{"not_picked":["Clothesline","Armaments"],"picked":"Corruption","floor":22},{"not_picked":["Pummel","Carnage","Flex"],"picked":"SKIP","floor":28},{"not_picked":["Blood for Blood","Carnage"],"picked":"Battle Trance+1","floor":31}],"player_experience":1096775,"relics_obtained":[{"floor":6,"key":"Bronze Scales"},{"floor":8,"key":"Dodecahedron"},{"floor":9,"key":"Regal Pillow"},{"floor":13,"key":"Nunchaku"},{"floor":26,"key":"Charon\u0027s Ashes"},{"floor":27,"key":"Meat on the Bone"},{"floor":28,"key":"Darkstone Periapt"}],"event_choices":[{"cards_removed":["Strike_R"],"damage_healed":0,"gold_gain":0,"player_choice":"Card Removal","damage_taken":7,"max_hp_gain":0,"max_hp_loss":0,"event_name":"Golden Wing","floor":2,"gold_loss":0},{"damage_healed":0,"gold_gain":0,"player_choice":"Bought 2 Potions","damage_taken":0,"max_hp_gain":0,"max_hp_loss":0,"event_name":"The Woman in Blue","floor":3,"gold_loss":0},{"damage_healed":0,"gold_gain":0,"player_choice":"Obtained Relic","damage_taken":0,"relics_obtained":["Self Forming Clay"],"max_hp_gain":0,"max_hp_loss":0,"event_name":"Addict","floor":24,"gold_loss":85},{"damage_healed":0,"gold_gain":0,"player_choice":"Simplicity","damage_taken":0,"max_hp_gain":0,"max_hp_loss":0,"event_name":"Back to Basics","floor":25,"gold_loss":0,"cards_upgraded":["Strike_R","Strike_R","Strike_R","Defend_R","Defend_R","Defend_R","Defend_R"]},{"damage_healed":0,"gold_gain":0,"player_choice":"Read","damage_taken":0,"max_hp_gain":0,"max_hp_loss":0,"event_name":"The Library","floor":30,"gold_loss":0,"cards_obtained":["Warcry"]}],"is_beta":false,"boss_relics":[{"not_picked":["Busted Crown","Calling Bell"],"picked":"Tiny House"}],"items_purged_floors":[7],"is_endless":false,"potions_floor_spawned":[5,11,13,14,16,19,22,31],"killed_by":"Automaton","ascension_level":20}