{"gold_per_floor":[365,375,91,109,59,59,84,84,84,111,111,111,125,143,143,242,242,260,278,62,76,76,76,95,111,111,111,126,69,99,129,141,153],"floor_reached":33,"playtime":1438,"items_purged":["Defend_R","Strike_R"],"score":313,"play_id":"f08c3598-732c-447a-8bb1-a25db84d2a51","local_time":"20190723141139","is_ascension_mode":true,"campfire_choices":[{"data":"Flame Barrier","floor":6,"key":"SMITH"},{"data":"Bash","floor":8,"key":"SMITH"},{"floor":12,"key":"REST"},{"floor":15,"key":"REST"},{"floor":23,"key":"REST"},{"floor":32,"key":"REST"}],"neow_cost":"TEN_PERCENT_HP_LOSS","seed_source_timestamp":164013212125788,"circlet_count":0,"master_deck":["Strike_R","Strike_R","Strike_R","Strike_R","Defend_R","Defend_R","Bash+1","Clash","Clothesline","Shrug It Off","Flame Barrier+1","Thunderclap","Dropkick","Whirlwind","Uppercut","Shrug It Off","Feed","Shockwave+1","Body Slam","Perfected Strike+1","Flame Barrier","Battle Trance","Heavy Blade+1"],"relics":["Burning Blood","Dream Catcher","The Courier","Smiling Mask","Boot","Black Star","Brimstone","Nloth\u0027s Gift","Bottled Lightning","MawBank"],"potions_floor_usage":[10,16,18,21,21,30,31,33],"damage_taken":[{"damage":6,"enemies":"Cultist","floor":1,"turns":3},{"damage":0,"enemies":"2 Louse","floor":2,"turns":2},{"damage":4,"enemies":"Small Slimes","floor":4,"turns":3},{"damage":12,"enemies":"Gremlin Nob","floor":7,"turns":5},{"damage":22,"enemies":"Lagavulin","floor":10,"turns":9},{"damage":1,"enemies":"Exordium Wildlife","floor":13,"turns":4},{"damage":0,"enemies":"Gremlin Gang","floor":14,"turns":2},{"damage":61,"enemies":"Slime Boss","floor":16,"turns":9},{"damage":11,"enemies":"Chosen","floor":18,"turns":6},{"damage":30,"enemies":"Shell Parasite","floor":19,"turns":6},{"damage":10,"enemies":"3 Cultists","floor":21,"turns":3},{"damage":18,"enemies":"Shelled Parasite and Fungi","floor":24,"turns":3},{"damage":17,"enemies":"Centurion and Healer","floor":25,"turns":5},{"damage":19,"enemies":"Snecko","floor":28,"turns":5},{"damage":10,"enemies":"Cultist and Chosen","floor":30,"turns":6},{"damage":23,"enemies":"Snake Plant","floor":31,"turns":4},{"damage":60,"enemies":"Collector","floor":33,"turns":5}],"seed_played":"-1592341731535568695","potions_obtained":[{"floor":2,"key":"Dexterity Potion"},{"floor":4,"key":"Swift Potion"},{"floor":13,"key":"FearPotion"},{"floor":14,"key":"Strength Potion"},{"floor":18,"key":"Poison Potion"},{"floor":19,"key":"SkillPotion"},{"floor":25,"key":"SkillPotion"},{"floor":30,"key":"SpeedPotion"}],"is_trial":false,"path_per_floor":["M","M","$","M","?","R","E","R","T","E","?","R","M","M","R","B",null,"M","M","$","M","?","R","M","M","T","$","M","?","M","M","R","B"],"character_chosen":"IRONCLAD","items_purchased":["Dream Catcher","Shrug It Off","Brimstone"],"campfire_rested":4,"item_purchase_floors":[3,3,20],"current_hp_per_floor":[72,72,72,72,72,72,66,66,66,50,17,38,43,49,70,15,72,67,46,46,45,45,68,59,51,51,51,38,38,37,23,50,0],"gold":153,"neow_bonus":"TWO_FIFTY_GOLD","is_prod":false,"is_daily":false,"chose_seed":false,"campfire_upgraded":2,"win_rate":0,"timestamp":1563883899,"path_taken":["M","?","$","M","?","R","E","R","T","E","?","R","M","M","R","BOSS","M","M","$","M","?","R","M","?","T","$","M","?","?","M","R","BOSS"],"build_version":"2019-07-17","purchased_purges":2,"victory":false,"max_hp_per_floor":[72,72,72,72,72,72,72,72,72,72,72,72,72,72,72,72,72,72,75,75,78,78,78,81,84,84,84,84,84,87,90,90,90],"card_choices":[{"not_picked":["Headbutt","Sword Boomerang"],"picked":"Clash","floor":1},{"not_picked":["Heavy Blade","Sword Boomerang"],"picked":"Clothesline","floor":2},{"not_picked":["Impervious","Sword Boomerang"],"picked":"Flame Barrier","floor":4},{"not_picked":["Clothesline","Shockwave"],"picked":"Thunderclap","floor":7},{"not_picked":["Sword Boomerang","Twin Strike","Dark Embrace"],"picked":"SKIP","floor":10},{"not_picked":["Intimidate","Clothesline"],"picked":"Dropkick","floor":12},{"not_picked":["Metallicize","Heavy Blade"],"picked":"Whirlwind","floor":13},{"not_picked":["Pommel Strike","Clothesline"],"picked":"Uppercut","floor":14},{"not_picked":["Perfected Strike","Havoc"],"picked":"Shrug It Off","floor":15},{"not_picked":["Juggernaut","Bludgeon"],"picked":"Feed","floor":16},{"not_picked":["Rage","Iron Wave"],"picked":"Shockwave+1","floor":18},{"not_picked":["Disarm","Twin Strike"],"picked":"Body Slam","floor":19},{"not_picked":["Corruption","Carnage"],"picked":"Perfected Strike+1","floor":21},{"not_picked":["Iron Wave","Wild Strike"],"picked":"Flame Barrier","floor":23},{"not_picked":["Feel No Pain+1","Disarm+1"],"picked":"Battle Trance","floor":24},{"not_picked":["Anger","Dropkick","Havoc"],"picked":"SKIP","floor":25},{"not_picked":["Iron Wave","Anger","Cleave"],"picked":"SKIP","floor":28},{"not_picked":["Corruption","True Grit","Berserk"],"picked":"SKIP","floor":30},{"not_picked":["Dropkick","Corruption+1"],"picked":"Heavy Blade+1","floor":31}],"player_experience":288302,"relics_obtained":[{"floor":7,"key":"The Courier"},{"floor":9,"key":"Letter Opener"},{"floor":10,"key":"Smiling Mask"},{"floor":26,"key":"Bottled Lightning"}],"event_choices":[{"cards_removed":["Defend_R"],"damage_healed":0,"gold_gain":0,"player_choice":"Card Removal","damage_taken":0,"max_hp_gain":0,"max_hp_loss":0,"event_name":"The Cleric","floor":5,"gold_loss":50},{"damage_healed":0,"gold_gain":0,"player_choice":"Success","damage_taken":33,"relics_obtained":["Boot"],"max_hp_gain":0,"max_hp_loss":0,"event_name":"Scrap Ooze","floor":11,"gold_loss":0},{"damage_healed":0,"gold_gain":0,"player_choice":"Traded Relic","damage_taken":0,"relics_obtained":["Nloth\u0027s Gift"],"max_hp_gain":0,"max_hp_loss":0,"event_name":"N\u0027loth","floor":22,"relics_lost":["Letter Opener"],"gold_loss":0},{"damage_healed":0,"gold_gain":0,"player_choice":"Paid Gold","damage_taken":0,"relics_obtained":["MawBank"],"max_hp_gain":0,"max_hp_loss":0,"event_name":"WeMeetAgain","floor":29,"gold_loss":57}],"is_beta":false,"boss_relics":[{"not_picked":["Lizard Tail","White Beast Statue"],"picked":"Black Star"}],"items_purged_floors":[3,20],"is_endless":false,"potions_floor_spawned":[2,4,13,14,18,19,25,30],"killed_by":"Collector","ascension_level":4}