{"gold_per_floor":[118,131,111,128,140,140,152,185,212,228,228,286,286],"floor_reached":13,"playtime":520,"items_purged":[],"score":152,"play_id":"3cd1ee8c-1075-4f66-ac70-090f8cb7c0ab","local_time":"20181209184225","is_ascension_mode":true,"campfire_choices":[{"data":"Zap","floor":6,"key":"SMITH"},{"data":"Coolheaded","floor":11,"key":"SMITH"}],"neow_cost":"NONE","seed_source_timestamp":190940210318216,"circlet_count":0,"master_deck":["AscendersBane","Strike_B","Strike_B","Strike_B","Strike_B","Defend_B","Defend_B","Defend_B","Defend_B","Zap+1","Dualcast","Ball Lightning","Capacitor","Cold Snap","Coolheaded+1","Meteor Strike","Steam","Ball Lightning"],"relics":["Cracked Core","Oddly Smooth Stone","Regal Pillow","Omamori"],"potions_floor_usage":[4,7,10,10,10,12],"damage_taken":[{"damage":6,"enemies":"2 Louse","floor":1,"turns":2},{"damage":1,"enemies":"Cultist","floor":2,"turns":3},{"damage":8,"enemies":"Jaw Worm","floor":4,"turns":4},{"damage":0,"enemies":"Large Slime","floor":5,"turns":4},{"damage":5,"enemies":"Lots of Slimes","floor":7,"turns":4},{"damage":14,"enemies":"Lagavulin","floor":8,"turns":8},{"damage":0,"enemies":"3 Louse","floor":10,"turns":1},{"damage":30,"enemies":"Lagavulin Event","floor":12,"turns":7},{"damage":20,"enemies":"3 Sentries","floor":13,"turns":4}],"seed_played":"3091506995453154169","potions_obtained":[{"floor":2,"key":"Regen Potion"},{"floor":3,"key":"SkillPotion"},{"floor":4,"key":"Block Potion"},{"floor":5,"key":"SteroidPotion"},{"floor":8,"key":"EntropicBrew"}],"is_trial":false,"path_per_floor":["M","M","?","M","M","R","M","E","T","M","R","?","E"],"character_chosen":"DEFECT","items_purchased":[],"campfire_rested":0,"item_purchase_floors":[],"current_hp_per_floor":[65,64,64,68,68,68,63,49,49,49,49,19,0],"gold":286,"neow_bonus":"TEN_PERCENT_HP_BONUS","is_prod":false,"is_daily":false,"chose_seed":false,"campfire_upgraded":2,"win_rate":0,"timestamp":1544398945,"path_taken":["M","M","?","M","M","R","M","E","T","?","R","?","E"],"build_version":"2018-12-06","purchased_purges":0,"victory":false,"max_hp_per_floor":[78,78,78,78,78,78,78,78,78,78,78,78,78],"card_choices":[{"not_picked":["Sweeping Beam","Gash"],"picked":"Ball Lightning","floor":1},{"not_picked":["Lockon","Double Energy","Barrage"],"picked":"SKIP","floor":2},{"not_picked":["Self Repair","Beam Cell"],"picked":"Capacitor","floor":4},{"not_picked":["Rebound","Heatsinks"],"picked":"Cold Snap","floor":5},{"not_picked":["Beam Cell","Redo"],"picked":"Coolheaded","floor":7},{"not_picked":["Lockon","Self Repair"],"picked":"Meteor Strike","floor":8},{"not_picked":["Aggregate","Barrage"],"picked":"Steam","floor":10},{"not_picked":["Blizzard","Go for the Eyes"],"picked":"Ball Lightning","floor":12}],"player_experience":1245172,"relics_obtained":[{"floor":8,"key":"Oddly Smooth Stone"},{"floor":9,"key":"Regal Pillow"},{"floor":12,"key":"Omamori"}],"event_choices":[{"damage_healed":0,"gold_gain":0,"player_choice":"Bought 1 Potion","damage_taken":0,"max_hp_gain":0,"max_hp_loss":0,"event_name":"The Woman in Blue","floor":3,"gold_loss":0},{"damage_healed":0,"gold_gain":0,"player_choice":"Searched \u00272\u0027 times","damage_taken":0,"max_hp_gain":0,"max_hp_loss":0,"event_name":"Dead Adventurer","floor":12,"gold_loss":0}],"is_beta":false,"boss_relics":[],"items_purged_floors":[],"is_endless":false,"potions_floor_spawned":[2,4,5,8],"killed_by":"3 Sentries","ascension_level":15}