{"gold_per_floor":[17,32,52,52,67,67,92,92,118,144,158,158,175,188,188,262,262,281,295,307,307,175,175,190,240,293,293],"floor_reached":27,"playtime":1480,"items_purged":["Strike_R"],"score":454,"play_id":"bb428e9c-8bae-4f56-8e57-f9169a866425","local_time":"20181118224733","is_ascension_mode":true,"campfire_choices":[{"data":"Bash","floor":6,"key":"SMITH"},{"data":"True Grit","floor":8,"key":"SMITH"},{"data":"Corruption","floor":12,"key":"SMITH"},{"data":"Feed","floor":15,"key":"SMITH"},{"data":"True Grit","floor":23,"key":"SMITH"}],"neow_cost":"NO_GOLD","seed_source_timestamp":383703552324686,"circlet_count":0,"master_deck":["AscendersBane","Strike_R","Defend_R","Defend_R+1","Defend_R","Defend_R+1","Bash+1","Feed+1","True Grit+1","Corruption+1","Shrug It Off","Wild Strike","Clothesline","Demon Form","Reckless Charge","Offering","Disarm+1","Pommel Strike+1","Burning Pact+1","True Grit+1","Metallicize+1","Juggernaut","Ghostly","Ghostly","Ghostly","Shrug It Off","Shrug It Off+1"],"relics":["Burning Blood","Red Skull","Juzu Bracelet","Anchor","War Paint","Astrolabe"],"potions_floor_usage":[7,10,10,11,16,20],"damage_taken":[{"damage":7,"enemies":"Cultist","floor":1,"turns":4},{"damage":9,"enemies":"Jaw Worm","floor":2,"turns":5},{"damage":6,"enemies":"2 Louse","floor":3,"turns":5},{"damage":39,"enemies":"Exordium Thugs","floor":5,"turns":11},{"damage":24,"enemies":"Lagavulin","floor":7,"turns":6},{"damage":16,"enemies":"3 Sentries","floor":10,"turns":8},{"damage":0,"enemies":"2 Fungi Beasts","floor":11,"turns":3},{"damage":0,"enemies":"Looter","floor":13,"turns":4},{"damage":6,"enemies":"Lots of Slimes","floor":14,"turns":5},{"damage":11,"enemies":"Slime Boss","floor":16,"turns":10},{"damage":19,"enemies":"Shell Parasite","floor":18,"turns":6},{"damage":25,"enemies":"Chosen","floor":19,"turns":5},{"damage":47,"enemies":"Sentry and Sphere","floor":20,"turns":11},{"damage":22,"enemies":"3 Cultists","floor":24,"turns":6},{"damage":14,"enemies":"Gremlin Leader","floor":27,"turns":6}],"seed_played":"2376565486949391330","potions_obtained":[{"floor":2,"key":"FearPotion"},{"floor":5,"key":"Swift Potion"},{"floor":7,"key":"Energy Potion"},{"floor":10,"key":"GamblersBrew"},{"floor":13,"key":"Swift Potion"},{"floor":19,"key":"Fruit Juice"}],"is_trial":false,"path_per_floor":["M","M","M","T","M","R","E","R","T","E","M","R","M","M","R","B",null,"M","M","M","?","$","R","M","?","T","E"],"character_chosen":"IRONCLAD","items_purchased":["Shrug It Off"],"campfire_rested":0,"item_purchase_floors":[22],"current_hp_per_floor":[67,67,70,70,40,40,25,25,25,18,27,27,33,36,36,35,84,75,56,24,24,24,24,12,12,12,0],"gold":293,"neow_bonus":"THREE_RARE_CARDS","is_prod":false,"is_daily":false,"chose_seed":false,"campfire_upgraded":5,"win_rate":0,"timestamp":1542599253,"path_taken":["M","M","M","?","?","R","E","R","T","E","M","R","M","M","R","BOSS","M","M","M","?","$","R","M","?","T","E"],"build_version":"2018-11-15","purchased_purges":1,"victory":false,"max_hp_per_floor":[75,78,81,81,84,84,87,87,87,90,93,93,93,96,96,100,100,104,104,113,56,56,56,60,60,60,60],"card_choices":[{"not_picked":["Exhume","Offering"],"picked":"Feed","floor":0},{"not_picked":["Feel No Pain","Cleave"],"picked":"True Grit","floor":1},{"not_picked":["Reckless Charge","Thunderclap"],"picked":"Corruption","floor":2},{"not_picked":["Headbutt","Perfected Strike"],"picked":"Shrug It Off","floor":3},{"not_picked":["Brutality","Havoc"],"picked":"Wild Strike","floor":5},{"not_picked":["Armaments","Sword Boomerang"],"picked":"Clothesline","floor":7},{"not_picked":["Thunderclap","Heavy Blade"],"picked":"Demon Form","floor":10},{"not_picked":["Sword Boomerang","Twin Strike"],"picked":"Reckless Charge","floor":11},{"not_picked":["Thunderclap","Rampage","Searing Blow"],"picked":"SKIP","floor":13},{"not_picked":["Second Wind","Perfected Strike","Headbutt"],"picked":"SKIP","floor":14},{"not_picked":["Demon Form","Fiend Fire"],"picked":"Offering","floor":16},{"not_picked":["Wild Strike","Infernal Blade"],"picked":"True Grit","floor":18},{"not_picked":["Thunderclap+1","Clash"],"picked":"Metallicize+1","floor":19},{"not_picked":["Anger","Pommel Strike+1"],"picked":"Juggernaut","floor":20},{"not_picked":["Dual Wield","Sword Boomerang"],"picked":"Shrug It Off+1","floor":24}],"player_experience":1107115,"relics_obtained":[{"floor":4,"key":"Red Skull"},{"floor":7,"key":"Juzu Bracelet"},{"floor":9,"key":"Anchor"},{"floor":10,"key":"War Paint"}],"event_choices":[{"damage_healed":0,"gold_gain":0,"player_choice":"Became a Ghost","damage_taken":0,"max_hp_gain":0,"max_hp_loss":57,"event_name":"Ghosts","floor":21,"gold_loss":0,"cards_obtained":["Ghostly","Ghostly","Ghostly"]},{"damage_healed":0,"gold_gain":100,"player_choice":"Bet on Murderer","damage_taken":0,"max_hp_gain":0,"max_hp_loss":0,"event_name":"The Joust","floor":25,"gold_loss":50}],"is_beta":false,"boss_relics":[{"not_picked":["Lizard Tail","Runic Pyramid"],"picked":"Astrolabe"}],"items_purged_floors":[22],"is_endless":false,"potions_floor_spawned":[2,5,7,10,13,19],"killed_by":"Gremlin Leader","ascension_level":20}