{"gold_per_floor":[117,292,304,314,18,83,8,38,62,74,121,133,145,173,185,197],"floor_reached":16,"playtime":649,"items_purged":["Doubt"],"score":165,"play_id":"4676cc27-8290-4984-adac-d44679fde434","local_time":"20180731194715","is_ascension_mode":true,"campfire_choices":[{"floor":10,"key":"REST"},{"data":"Clothesline","floor":15,"key":"SMITH"}],"neow_cost":"NONE","seed_source_timestamp":75353829887695,"circlet_count":0,"master_deck":["Strike_R","Strike_R","Strike_R","Strike_R+1","Defend_R","Defend_R","Defend_R","Defend_R","Bash","Wild Strike+1","Shrug It Off","Heavy Blade","Shrug It Off","Clothesline+1","Seeing Red"],"relics":["Burning Blood","Ancient Tea Set","Du-Vu Doll","Tiny Chest","Vajra","MawBank","Whetstone","Bottled Lightning"],"potions_floor_usage":[6,6,8,16],"damage_taken":[{"damage":4,"enemies":"Small Slimes","floor":1,"turns":4},{"damage":11,"enemies":"2 Louse","floor":3,"turns":4},{"damage":1,"enemies":"Cultist","floor":4,"turns":4},{"damage":26,"enemies":"Gremlin Nob","floor":6,"turns":4},{"damage":31,"enemies":"3 Sentries","floor":8,"turns":10},{"damage":49,"enemies":"Lagavulin","floor":11,"turns":11},{"damage":0,"enemies":"Looter","floor":14,"turns":3},{"damage":18,"enemies":"Hexaghost","floor":16,"turns":9}],"seed_played":"-3811999213754901423","potions_obtained":[{"floor":1,"key":"Energy Potion"},{"floor":4,"key":"PowerPotion"},{"floor":6,"key":"PowerPotion"},{"floor":14,"key":"Strength Potion"}],"is_trial":false,"path_per_floor":["M","?","M","M","$","E","$","E","T","R","E","T","?","M","R"],"character_chosen":"IRONCLAD","items_purchased":["Du-Vu Doll"],"campfire_rested":1,"item_purchase_floors":[5],"current_hp_per_floor":[74,74,69,74,74,54,54,29,29,53,10,10,10,16,16,0],"gold":197,"neow_bonus":"RANDOM_COMMON_RELIC","is_prod":false,"is_daily":false,"chose_seed":false,"campfire_upgraded":1,"win_rate":0,"timestamp":1533080835,"path_taken":["M","?","M","M","$","E","?","E","T","R","E","?","?","M","R","BOSS"],"build_version":"2018-07-26","purchased_purges":1,"victory":false,"max_hp_per_floor":[80,80,80,80,80,80,80,80,80,80,80,80,80,80,80,80],"card_choices":[{"not_picked":["Burning Pact","Disarm","Reckless Charge"],"picked":"SKIP","floor":1},{"not_picked":["Burning Pact","Disarm"],"picked":"Wild Strike","floor":3},{"not_picked":["Rage","Headbutt"],"picked":"Shrug It Off","floor":4},{"not_picked":["Sentinel","Clash"],"picked":"Heavy Blade","floor":6},{"not_picked":["Heavy Blade","Fire Breathing"],"picked":"Shrug It Off","floor":8},{"not_picked":["Heavy Blade","Dark Embrace"],"picked":"Clothesline","floor":11},{"not_picked":["True Grit","Rupture"],"picked":"Seeing Red","floor":14}],"player_experience":411421,"relics_obtained":[{"floor":6,"key":"Tiny Chest"},{"floor":8,"key":"Vajra"},{"floor":9,"key":"MawBank"},{"floor":11,"key":"Whetstone"},{"floor":12,"key":"Bottled Lightning"}],"event_choices":[{"event_name":"Liars Game","player_choice":"agreed","floor":2,"damage_taken":0},{"event_name":"Bonfire Elementals","player_choice":"BASIC","floor":13,"damage_taken":0}],"is_beta":false,"boss_relics":[],"items_purged_floors":[7],"is_endless":false,"potions_floor_spawned":[1,4,6,14],"killed_by":"Hexaghost","ascension_level":8}