{"gold_per_floor":[118,136,148,148,159,159,188,188,188,115,145,176,176,13,13,103,103,124,24,24],"floor_reached":20,"playtime":735,"items_purged":["Strike_G","Strike_G"],"score":360,"play_id":"ae95c8f5-fcb7-4972-9855-f108f7149876","local_time":"20190119153230","is_ascension_mode":true,"campfire_choices":[{"data":"Neutralize","floor":6,"key":"SMITH"},{"floor":13,"key":"REST"},{"data":"Noxious Fumes","floor":15,"key":"SMITH"}],"neow_cost":"TEN_PERCENT_HP_LOSS","seed_source_timestamp":13710676781412,"circlet_count":0,"master_deck":["AscendersBane","Defend_G","Defend_G","Defend_G","Defend_G","Defend_G","Strike_G","Strike_G","Strike_G","Survivor","Neutralize+1","Dash","Terror","PiercingWail","Infinite Blades","Noxious Fumes+1","Grand Finale","Catalyst"],"relics":["Ring of the Snake","Tingsha","StoneCalendar","Unceasing Top","Golden Idol","The Specimen","Boot","Snecko Eye"],"potions_floor_usage":[5,12,16],"damage_taken":[{"damage":1,"enemies":"Cultist","floor":1,"turns":5},{"damage":0,"enemies":"Small Slimes","floor":2,"turns":4},{"damage":2,"enemies":"Jaw Worm","floor":3,"turns":4},{"damage":0,"enemies":"2 Fungi Beasts","floor":5,"turns":4},{"damage":33,"enemies":"Gremlin Nob","floor":7,"turns":4},{"damage":9,"enemies":"3 Sentries","floor":12,"turns":7},{"damage":9,"enemies":"The Guardian","floor":16,"turns":10},{"damage":28,"enemies":"Shell Parasite","floor":18,"turns":7},{"damage":17,"enemies":"3 Byrds","floor":20,"turns":3}],"seed_played":"-4711130018059893059","potions_obtained":[{"floor":1,"key":"Block Potion"},{"floor":7,"key":"SpeedPotion"},{"floor":12,"key":"GamblersBrew"}],"is_trial":false,"path_per_floor":["M","M","M","?","M","R","E","?","T","?","?","E","R","$","R","B",null,"M","$","M"],"character_chosen":"THE_SILENT","items_purchased":["Noxious Fumes"],"campfire_rested":1,"item_purchase_floors":[14],"current_hp_per_floor":[58,58,56,45,45,45,12,12,12,12,12,3,19,19,19,10,43,15,15,0],"gold":24,"neow_bonus":"ONE_RARE_RELIC","is_prod":false,"is_daily":false,"chose_seed":false,"campfire_upgraded":2,"win_rate":0,"timestamp":1547929950,"path_taken":["M","M","?","?","M","R","E","?","T","?","?","E","R","$","R","BOSS","M","$","M"],"build_version":"2019-01-17v2","purchased_purges":2,"victory":false,"max_hp_per_floor":[60,60,60,60,60,60,60,54,54,54,54,54,54,54,54,54,54,54,54,54],"card_choices":[{"not_picked":["Bane","Blade Dance"],"picked":"Dash","floor":1},{"not_picked":["Flechettes","Blade Dance","Accuracy"],"picked":"SKIP","floor":2},{"not_picked":["Backflip","Finisher"],"picked":"Terror","floor":3},{"not_picked":["Prepared","Outmaneuver","Underhanded Strike"],"picked":"SKIP","floor":5},{"not_picked":["Dagger Throw","Eviscerate"],"picked":"PiercingWail","floor":7},{"not_picked":["Skewer","Setup"],"picked":"Infinite Blades","floor":12},{"not_picked":["Tools of the Trade","Venomology"],"picked":"Grand Finale","floor":16},{"not_picked":["Flying Knee","Dagger Throw"],"picked":"Catalyst","floor":18}],"player_experience":1335741,"relics_obtained":[{"floor":7,"key":"Unceasing Top"},{"floor":9,"key":"The Specimen"},{"floor":12,"key":"Boot"}],"event_choices":[{"damage_healed":0,"gold_gain":0,"player_choice":"Success","damage_taken":11,"relics_obtained":["StoneCalendar"],"max_hp_gain":0,"max_hp_loss":0,"event_name":"Scrap Ooze","floor":4,"gold_loss":0},{"damage_healed":0,"gold_gain":0,"player_choice":"Lose Max HP","damage_taken":0,"relics_obtained":["Golden Idol"],"max_hp_gain":0,"max_hp_loss":6,"event_name":"Golden Idol","floor":8,"gold_loss":0},{"damage_healed":0,"gold_gain":0,"player_choice":"Left Gold","damage_taken":0,"max_hp_gain":0,"max_hp_loss":0,"event_name":"World of Goop","floor":10,"gold_loss":73},{"damage_healed":0,"gold_gain":30,"player_choice":"Searched \u00271\u0027 times","damage_taken":0,"max_hp_gain":0,"max_hp_loss":0,"event_name":"Dead Adventurer","floor":11,"gold_loss":0}],"is_beta":false,"boss_relics":[{"not_picked":["Eternal Feather","Black Star"],"picked":"Snecko Eye"}],"items_purged_floors":[14,19],"is_endless":false,"potions_floor_spawned":[1,7,12],"killed_by":"3 Byrds","ascension_level":20}