{"gold_per_floor":[111,134,150,165,165,194,207,207,207,218,249,249,249,276,288,395,407,435,372,73,73,83,83],"floor_reached":23,"playtime":1502,"items_purged":[],"score":324,"play_id":"bac96698-60f9-4614-94bf-1f4eb3a033ff","local_time":"20190723172115","is_ascension_mode":true,"campfire_choices":[{"floor":8,"key":"REST"},{"data":"True Grit","floor":12,"key":"SMITH"},{"floor":15,"key":"REST"}],"neow_cost":"PERCENT_DAMAGE","seed_source_timestamp":175327150989753,"circlet_count":0,"master_deck":["Strike_R","Strike_R","Strike_R","Defend_R","Defend_R","Defend_R","Bash","Fiend Fire","Battle Trance","Infernal Blade","True Grit+1","Immolate","Warcry+1","Shrug It Off","Flash of Steel"],"relics":["Burning Blood","Oddly Smooth Stone","Sundial","Prayer Wheel","Self Forming Clay","MawBank","Runic Cube","Lee\u0027s Waffle","MutagenicStrength"],"potions_floor_usage":[16,18,22,23],"damage_taken":[{"damage":1,"enemies":"Cultist","floor":1,"turns":3},{"damage":10,"enemies":"Small Slimes","floor":3,"turns":3},{"damage":6,"enemies":"Jaw Worm","floor":4,"turns":2},{"damage":40,"enemies":"3 Sentries","floor":6,"turns":22},{"damage":5,"enemies":"Looter","floor":7,"turns":2},{"damage":0,"enemies":"2 Fungi Beasts","floor":10,"turns":5},{"damage":20,"enemies":"Lagavulin","floor":11,"turns":5},{"damage":15,"enemies":"Gremlin Nob","floor":14,"turns":4},{"damage":6,"enemies":"Slime Boss","floor":16,"turns":7},{"damage":14,"enemies":"Shell Parasite","floor":18,"turns":2},{"damage":13,"enemies":"2 Thieves","floor":22,"turns":2},{"damage":82,"enemies":"Book of Stabbing","floor":23,"turns":9}],"seed_played":"-6942146351601413971","potions_obtained":[{"floor":3,"key":"Energy Potion"},{"floor":10,"key":"GamblersBrew"},{"floor":14,"key":"SkillPotion"},{"floor":18,"key":"AttackPotion"}],"is_trial":false,"path_per_floor":["M","T","M","M","?","E","M","R","T","M","E","R","$","E","R","B",null,"M","?","$","?","M","E"],"character_chosen":"IRONCLAD","items_purchased":["Shrug It Off","Flash of Steel","Lee\u0027s Waffle"],"campfire_rested":2,"item_purchase_floors":[20,20,20],"current_hp_per_floor":[61,61,57,57,57,23,24,48,48,54,40,40,40,31,55,55,74,66,66,87,87,80,0],"gold":83,"neow_bonus":"TRANSFORM_TWO_CARDS","is_prod":false,"is_daily":false,"chose_seed":false,"campfire_upgraded":1,"win_rate":0,"timestamp":1563895275,"path_taken":["M","?","M","M","?","E","?","R","T","M","E","R","?","E","R","BOSS","M","?","$","?","M","E"],"build_version":"2019-07-17","purchased_purges":0,"victory":false,"max_hp_per_floor":[80,80,80,80,80,80,80,80,80,80,80,80,80,80,80,80,80,80,80,87,87,87,87],"card_choices":[{"not_picked":["Clothesline","Shrug It Off","Flex"],"picked":"SKIP","floor":1},{"not_picked":["Sword Boomerang","Perfected Strike","Thunderclap"],"picked":"SKIP","floor":3},{"not_picked":["Thunderclap","Spot Weakness","Dropkick"],"picked":"SKIP","floor":4},{"not_picked":["Anger","Pommel Strike"],"picked":"Battle Trance","floor":6},{"not_picked":["Juggernaut","Body Slam","Metallicize"],"picked":"SKIP","floor":7},{"not_picked":["Thunderclap","Sword Boomerang"],"picked":"Infernal Blade","floor":10},{"not_picked":["Seeing Red","Wild Strike","Sword Boomerang"],"picked":"SKIP","floor":10},{"not_picked":["Heavy Blade","Carnage"],"picked":"True Grit","floor":11},{"not_picked":["Wild Strike","Pommel Strike","Havoc"],"picked":"SKIP","floor":14},{"not_picked":["Limit Break","Berserk"],"picked":"Immolate","floor":16},{"not_picked":["Armaments","Headbutt+1"],"picked":"Warcry+1","floor":18},{"not_picked":["Heavy Blade+1","Headbutt","Perfected Strike"],"picked":"SKIP","floor":18},{"not_picked":["Ghostly Armor","Fire Breathing","Armaments+1"],"picked":"SKIP","floor":22},{"not_picked":["Rage","Searing Blow","Entrench"],"picked":"SKIP","floor":22}],"player_experience":299088,"relics_obtained":[{"floor":2,"key":"Oddly Smooth Stone"},{"floor":6,"key":"Sundial"},{"floor":9,"key":"Prayer Wheel"},{"floor":11,"key":"Self Forming Clay"},{"floor":14,"key":"MawBank"}],"event_choices":[{"cards_removed":["Blood for Blood"],"damage_healed":0,"gold_gain":0,"player_choice":"Purged","damage_taken":0,"max_hp_gain":0,"max_hp_loss":0,"event_name":"Purifier","floor":5,"gold_loss":0},{"cards_removed":["Strike_R"],"damage_healed":0,"gold_gain":0,"player_choice":"Gave Gold","damage_taken":0,"max_hp_gain":0,"max_hp_loss":0,"event_name":"Beggar","floor":19,"gold_loss":75},{"damage_healed":0,"gold_gain":0,"player_choice":"Inject Mutagens","damage_taken":0,"relics_obtained":["MutagenicStrength"],"max_hp_gain":0,"max_hp_loss":0,"event_name":"Drug Dealer","floor":21,"gold_loss":0}],"is_beta":false,"boss_relics":[{"not_picked":["Coffee Dripper","Calling Bell"],"picked":"Runic Cube"}],"items_purged_floors":[],"is_endless":false,"potions_floor_spawned":[3,10,14,18],"killed_by":"Book of Stabbing","ascension_level":5}