{"gold_per_floor":[13,27,40,52,152,152,179,179,259,276,290,303,303,319,319,422,422,435,360,374,374,92,92,103,103,103,103,118,133,150,170,170,273,273,286,286,306,306,306],"floor_reached":39,"playtime":2138,"items_purged":["Strike_G"],"score":609,"play_id":"3ebfea81-3da5-4520-add0-788654d488f5","local_time":"20190709205000","is_ascension_mode":true,"campfire_choices":[{"data":"Neutralize","floor":6,"key":"SMITH"},{"floor":8,"key":"REST"},{"floor":15,"key":"REST"},{"floor":23,"key":"REST"},{"floor":25,"key":"REST"},{"data":"Bullet Time","floor":27,"key":"SMITH"},{"floor":32,"key":"REST"}],"neow_cost":"NO_GOLD","seed_source_timestamp":27003840261919,"circlet_count":0,"master_deck":["AscendersBane","Strike_G","Strike_G","Strike_G","Defend_G","Defend_G","Defend_G","Defend_G","Defend_G","Survivor","Neutralize+1","Slice","Slice","Tactician","Dagger Spray","Predator","Slice","Dagger Spray","Backflip","Backflip","Bullet Time+1","Well Laid Plans","Footwork","Acrobatics","Spot Weakness","Conserve Battery","Envenom","Pummel+1","Tools of the Trade","Corruption","Shrug It Off+1","Writhe","Deflect+1","Underhanded Strike+1","Secret Technique","Flash of Steel","Mind Blast"],"relics":["Ring of the Snake","Du-Vu Doll","Bird Faced Urn","Paper Crane","Eternal Feather","Nloth\u0027s Gift","PrismaticShard","Prayer Wheel","WristBlade"],"potions_floor_usage":[16,16,29,31,33,39],"damage_taken":[{"damage":3,"enemies":"Jaw Worm","floor":1,"turns":4},{"damage":0,"enemies":"Cultist","floor":2,"turns":3},{"damage":0,"enemies":"2 Louse","floor":3,"turns":2},{"damage":10,"enemies":"Lots of Slimes","floor":4,"turns":6},{"damage":41,"enemies":"Lagavulin","floor":7,"turns":9},{"damage":14,"enemies":"Red Slaver","floor":10,"turns":3},{"damage":0,"enemies":"3 Louse","floor":11,"turns":2},{"damage":0,"enemies":"Blue Slaver","floor":12,"turns":3},{"damage":0,"enemies":"2 Fungi Beasts","floor":14,"turns":2},{"damage":33,"enemies":"Hexaghost","floor":16,"turns":9},{"damage":34,"enemies":"Spheric Guardian","floor":18,"turns":6},{"damage":14,"enemies":"Shell Parasite","floor":20,"turns":6},{"damage":33,"enemies":"Shelled Parasite and Fungi","floor":24,"turns":6},{"damage":33,"enemies":"Snecko","floor":28,"turns":7},{"damage":13,"enemies":"Snake Plant","floor":29,"turns":5},{"damage":11,"enemies":"Centurion and Healer","floor":30,"turns":9},{"damage":0,"enemies":"Cultist and Chosen","floor":31,"turns":8},{"damage":56,"enemies":"Collector","floor":33,"turns":9},{"damage":6,"enemies":"3 Shapes","floor":35,"turns":8},{"damage":29,"enemies":"Orb Walker","floor":37,"turns":5},{"damage":55,"enemies":"3 Darklings","floor":39,"turns":5}],"seed_played":"6813899513437320875","potions_obtained":[{"floor":1,"key":"LiquidBronze"},{"floor":10,"key":"Energy Potion"},{"floor":28,"key":"GhostInAJar"},{"floor":30,"key":"Weak Potion"},{"floor":31,"key":"Strength Potion"},{"floor":33,"key":"Regen Potion"}],"is_trial":false,"path_per_floor":["M","M","M","M","?","R","E","R","T","M","M","M","T","M","R","B",null,"M","?","M","?","$","R","M","R","T","R","M","M","M","M","R","B",null,"M","?","M","?","M"],"character_chosen":"THE_SILENT","items_purchased":["PrismaticShard"],"campfire_rested":5,"item_purchase_floors":[22],"current_hp_per_floor":[60,60,60,50,50,50,9,30,30,16,16,16,16,16,37,4,54,20,20,8,8,8,41,12,45,45,57,26,17,12,18,57,9,55,59,70,45,35,0],"gold":306,"neow_bonus":"ONE_RARE_RELIC","is_prod":false,"is_daily":false,"chose_seed":false,"campfire_upgraded":2,"win_rate":0,"timestamp":1562719800,"path_taken":["M","M","M","M","?","R","E","R","T","?","M","M","?","M","R","BOSS","M","?","M","?","$","R","M","R","T","R","M","M","M","?","R","BOSS","M","?","M","?","M"],"build_version":"2019-07-05","purchased_purges":1,"victory":false,"max_hp_per_floor":[70,70,70,70,70,70,70,70,70,70,70,70,70,70,70,70,70,70,70,70,70,70,70,70,70,70,70,70,70,70,70,70,70,70,70,70,70,70,70],"card_choices":[{"not_picked":["Flechettes","Deflect"],"picked":"Slice","floor":1},{"not_picked":["Acrobatics","PiercingWail"],"picked":"Slice","floor":2},{"not_picked":["Outmaneuver","Cloak And Dagger"],"picked":"Tactician","floor":3},{"not_picked":["All Out Attack","Eviscerate"],"picked":"Dagger Spray","floor":4},{"not_picked":["Caltrops","Catalyst"],"picked":"Predator","floor":7},{"not_picked":["Endless Agony","Outmaneuver"],"picked":"Slice","floor":10},{"not_picked":["Sucker Punch","Flying Knee"],"picked":"Dagger Spray","floor":11},{"not_picked":["Die Die Die","Dodge and Roll"],"picked":"Backflip","floor":12},{"not_picked":["Dagger Spray","PiercingWail"],"picked":"Backflip","floor":14},{"not_picked":["Corpse Explosion","Doppelganger"],"picked":"Bullet Time","floor":16},{"not_picked":["Slice","Prepared"],"picked":"Well Laid Plans","floor":18},{"not_picked":["Catalyst","Deflect"],"picked":"Footwork","floor":20},{"not_picked":["Sentinel","Gash"],"picked":"Acrobatics","floor":24},{"not_picked":["Flex+1","Slice"],"picked":"Spot Weakness","floor":28},{"not_picked":["Iron Wave+1","Perfected Strike+1","Bane"],"picked":"SKIP","floor":28},{"not_picked":["Coolheaded","Wild Strike"],"picked":"Conserve Battery","floor":29},{"not_picked":["Clash","Conserve Battery"],"picked":"Envenom","floor":29},{"not_picked":["Sword Boomerang","Recycle+1"],"picked":"Pummel+1","floor":30},{"not_picked":["Warcry","Seeing Red","Second Wind"],"picked":"SKIP","floor":30},{"not_picked":["Shrug It Off","Perfected Strike+1"],"picked":"Tools of the Trade","floor":31},{"not_picked":["Anger","Sever Soul"],"picked":"Corruption","floor":31},{"not_picked":["Envenom","Stack+1"],"picked":"Shrug It Off+1","floor":35},{"not_picked":["Turbo","Good Instincts","Well Laid Plans+1"],"picked":"SKIP","floor":35},{"not_picked":["Compile Driver+1","Sucker Punch+1"],"picked":"Deflect+1","floor":37},{"not_picked":["Glass Knife","Prepared+1"],"picked":"Underhanded Strike+1","floor":37},{"not_picked":["Enlightenment","Dark Shackles"],"picked":"Secret Technique","floor":38},{"not_picked":["Metamorphosis","Bandage Up"],"picked":"Flash of Steel","floor":38},{"not_picked":["Impatience","Jack Of All Trades"],"picked":"Mind Blast","floor":38}],"player_experience":487844,"relics_obtained":[{"floor":7,"key":"Bird Faced Urn"},{"floor":9,"key":"Paper Crane"},{"floor":13,"key":"Gremlin Horn"},{"floor":26,"key":"Prayer Wheel"}],"event_choices":[{"damage_healed":0,"gold_gain":100,"player_choice":"Pray","damage_taken":0,"max_hp_gain":0,"max_hp_loss":0,"event_name":"Golden Shrine","floor":5,"gold_loss":0},{"cards_removed":["Strike_G"],"damage_healed":0,"gold_gain":0,"player_choice":"Gave Gold","damage_taken":0,"max_hp_gain":0,"max_hp_loss":0,"event_name":"Beggar","floor":19,"gold_loss":75},{"damage_healed":0,"gold_gain":0,"player_choice":"Traded Relic","damage_taken":0,"relics_obtained":["Nloth\u0027s Gift"],"max_hp_gain":0,"max_hp_loss":0,"event_name":"N\u0027loth","floor":21,"relics_lost":["Gremlin Horn"],"gold_loss":0},{"damage_healed":18,"gold_gain":0,"player_choice":"Writhe","damage_taken":0,"max_hp_gain":0,"max_hp_loss":0,"event_name":"Winding Halls","floor":36,"gold_loss":0,"cards_obtained":["Writhe"]},{"damage_healed":0,"gold_gain":0,"player_choice":"Memory 3","damage_taken":10,"max_hp_gain":0,"max_hp_loss":0,"event_name":"SensoryStone","floor":38,"gold_loss":0}],"is_beta":false,"boss_relics":[{"not_picked":["Black Star","Runic Dome"],"picked":"Eternal Feather"},{"not_picked":["Ring of the Serpent","Tiny House"],"picked":"WristBlade"}],"items_purged_floors":[22],"is_endless":false,"potions_floor_spawned":[1,10,28,30,31,33],"killed_by":"3 Darklings","ascension_level":10}