{"gold_per_floor":[118,20,20,38,38,67,84,115,140,0,0,15,15,15,15,88,88,107,107,24,38,38,38,38],"floor_reached":24,"playtime":784,"items_purged":[],"score":479,"play_id":"c0eddd2f-7427-48c5-b2df-4ac8b133bd98","local_time":"20181118184920","is_ascension_mode":true,"campfire_choices":[{"data":"Bash","floor":11,"key":"SMITH"},{"data":"Corruption","floor":13,"key":"SMITH"},{"data":"Spot Weakness","floor":15,"key":"SMITH"},{"data":"Body Slam","floor":23,"key":"SMITH"}],"neow_cost":"NONE","seed_source_timestamp":370109485314230,"circlet_count":0,"master_deck":["AscendersBane","Defend_R","Defend_R","Defend_R","Defend_R","Bash+1","Spot Weakness+1","Flash of Steel","Battle Trance","Cleave","Anger","Exhume","Corruption+1","Shrug It Off","Havoc","Limit Break","Sentinel","Bite","Bite","Bite","Bite","Bite","Dropkick","Headbutt","Body Slam+1"],"relics":["Burning Blood","NeowsBlessing","Bag of Preparation","Juzu Bracelet","Bag of Marbles","Runic Dome"],"potions_floor_usage":[8,16,24,24],"damage_taken":[{"damage":0,"enemies":"Cultist","floor":1,"turns":1},{"damage":0,"enemies":"Jaw Worm","floor":4,"turns":1},{"damage":0,"enemies":"Gremlin Nob","floor":6,"turns":1},{"damage":9,"enemies":"Small Slimes","floor":7,"turns":3},{"damage":13,"enemies":"Lagavulin","floor":8,"turns":6},{"damage":13,"enemies":"Gremlin Gang","floor":12,"turns":4},{"damage":55,"enemies":"The Guardian","floor":16,"turns":8},{"damage":29,"enemies":"Chosen","floor":18,"turns":5},{"damage":20,"enemies":"2 Thieves","floor":21,"turns":3},{"damage":43,"enemies":"Book of Stabbing","floor":24,"turns":3}],"seed_played":"-123140902329938375","potions_obtained":[{"floor":4,"key":"SpeedPotion"},{"floor":7,"key":"Dexterity Potion"},{"floor":12,"key":"SpeedPotion"},{"floor":16,"key":"BloodPotion"},{"floor":21,"key":"PowerPotion"}],"is_trial":false,"path_per_floor":["M","$","?","M","?","E","M","E","T","$","R","M","R","$","R","B",null,"M","?","$","M","?","R","E"],"character_chosen":"IRONCLAD","items_purchased":["Flash of Steel","Corruption","Shrug It Off","Dropkick"],"campfire_rested":0,"item_purchase_floors":[2,10,10,20],"current_hp_per_floor":[74,74,74,75,75,75,72,65,65,65,65,58,58,58,58,9,59,36,36,36,30,30,30,0],"gold":38,"neow_bonus":"THREE_ENEMY_KILL","is_prod":false,"is_daily":false,"chose_seed":false,"campfire_upgraded":4,"win_rate":0,"timestamp":1542584960,"path_taken":["M","?","?","?","?","E","?","E","T","$","R","M","R","$","R","BOSS","M","?","$","M","?","R","E"],"build_version":"2018-11-15","purchased_purges":0,"victory":false,"max_hp_per_floor":[75,75,75,75,75,75,75,75,75,75,75,75,75,75,75,75,75,75,52,52,52,52,52,52],"card_choices":[{"not_picked":["Perfected Strike","Second Wind"],"picked":"Spot Weakness","floor":1},{"not_picked":["Infernal Blade","Evolve"],"picked":"Battle Trance","floor":4},{"not_picked":["Havoc","Perfected Strike"],"picked":"Cleave","floor":6},{"not_picked":["Clothesline","Second Wind"],"picked":"Anger","floor":7},{"not_picked":["Armaments","Warcry"],"picked":"Exhume","floor":8},{"not_picked":["Twin Strike","Wild Strike"],"picked":"Havoc","floor":12},{"not_picked":["Feed","Brutality"],"picked":"Limit Break","floor":16},{"not_picked":["Rage","Burning Pact"],"picked":"Sentinel","floor":18},{"not_picked":["Anger","Twin Strike"],"picked":"Headbutt","floor":21}],"player_experience":1098669,"relics_obtained":[{"floor":6,"key":"Bag of Preparation"},{"floor":8,"key":"Juzu Bracelet"},{"floor":9,"key":"Bag of Marbles"}],"event_choices":[{"cards_removed":["Strike_R"],"damage_healed":0,"gold_gain":0,"player_choice":"Offered Basic","damage_taken":0,"max_hp_gain":0,"max_hp_loss":0,"event_name":"Bonfire Elementals","floor":3,"gold_loss":0},{"cards_removed":["Strike_R"],"damage_healed":0,"gold_gain":0,"player_choice":"Purged","damage_taken":0,"max_hp_gain":0,"max_hp_loss":0,"event_name":"Purifier","floor":5,"gold_loss":0},{"damage_healed":0,"gold_gain":0,"player_choice":"Became a vampire","damage_taken":0,"max_hp_gain":0,"max_hp_loss":23,"event_name":"Vampires","floor":19,"gold_loss":0,"cards_obtained":["Bite","Bite","Bite","Bite","Bite"]},{"damage_healed":0,"gold_gain":0,"player_choice":"Read","damage_taken":0,"max_hp_gain":0,"max_hp_loss":0,"event_name":"The Library","floor":22,"gold_loss":0,"cards_obtained":["Body Slam"]}],"is_beta":false,"boss_relics":[{"not_picked":["Velvet Choker","Calling Bell"],"picked":"Runic Dome"}],"items_purged_floors":[],"is_endless":false,"potions_floor_spawned":[4,7,12,16,21],"killed_by":"Book of Stabbing","ascension_level":20}