{"gold_per_floor":[111,70,84,103,121,121,155,155,155,155,175,190,205,230,230,326,326,337,355,140,156,156,156,183,183,208,234,234,246,1,20,20,116,116,135,135,135,145,165,165,90,103,103,117,151,151,220,220,220,220],"floor_reached":51,"playtime":4008,"items_purged":["Writhe"],"score":1157,"play_id":"3ce7a96c-49b6-4c0d-bed5-0052a8611dc1","local_time":"20190723153449","is_ascension_mode":true,"campfire_choices":[{"data":"Backstab","floor":6,"key":"SMITH"},{"floor":8,"key":"REST"},{"floor":15,"key":"REST"},{"data":"Wraith Form v2","floor":23,"key":"SMITH"},{"floor":25,"key":"REST"},{"floor":32,"key":"REST"},{"floor":40,"key":"RECALL"},{"floor":46,"key":"REST"},{"floor":49,"key":"REST"}],"neow_cost":"NONE","seed_source_timestamp":457600960691118,"circlet_count":0,"master_deck":["Survivor+1","Neutralize+1","Leg Sweep+1","Backstab+1","Flying Knee+1","Dagger Spray+1","Blur+1","Flash of Steel+1","Wraith Form v2+1","Crippling Poison+1","Bouncing Flask+1","Deflect+1","Doppelganger+1","After Image+1","Backflip+1","Choke+1","Wraith Form v2+1","Catalyst+1","PiercingWail+1","Expertise+1","Noxious Fumes+1","A Thousand Cuts+1","Leg Sweep+1","Wraith Form v2+1","Deadly Poison+1","Distraction+1","Infinite Blades+1","All Out Attack+1","Dash+1","Noxious Fumes+1","Bouncing Flask+1","Prepared+1","Blur+1","Prepared+1","Caltrops+1","Underhanded Strike+1","Deadly Poison+1","Backflip+1"],"special_seed":0,"relics":["Ring of the Snake","Shuriken","The Specimen","Pocketwatch","Snecko Eye","Ninja Scroll","Kunai","Ancient Tea Set","Prayer Wheel","Ice Cream","Singing Bowl","Pandora\u0027s Box","Mark of the Bloom","Regal Pillow","Potion Belt","Blue Candle"],"potions_floor_usage":[7,14,18,19,24,27,33,33,48,50],"damage_taken":[{"damage":3.0,"enemies":"Jaw Worm","floor":1.0,"turns":7.0},{"damage":2,"enemies":"2 Louse","floor":3,"turns":5},{"damage":4,"enemies":"Cultist","floor":4,"turns":5},{"damage":7,"enemies":"Lots of Slimes","floor":5,"turns":5},{"damage":20,"enemies":"3 Sentries","floor":7,"turns":10},{"damage":6,"enemies":"Gremlin Gang","floor":11,"turns":4},{"damage":4,"enemies":"Blue Slaver","floor":12,"turns":3},{"damage":5,"enemies":"Exordium Wildlife","floor":13,"turns":3},{"damage":15,"enemies":"Lagavulin","floor":14,"turns":6},{"damage":30,"enemies":"The Guardian","floor":16,"turns":13},{"damage":13,"enemies":"Chosen","floor":18,"turns":7},{"damage":5,"enemies":"3 Byrds","floor":19,"turns":3},{"damage":3,"enemies":"3 Cultists","floor":21,"turns":5},{"damage":23,"enemies":"Slavers","floor":24,"turns":8},{"damage":3,"enemies":"Gremlin Leader","floor":27,"turns":5},{"damage":14,"enemies":"Snake Plant","floor":29,"turns":5},{"damage":0,"enemies":"Cultist and Chosen","floor":31,"turns":5},{"damage":28,"enemies":"Champ","floor":33,"turns":12},{"damage":1,"enemies":"Orb Walker","floor":35,"turns":4},{"damage":0,"enemies":"3 Darklings","floor":38,"turns":4},{"damage":1,"enemies":"Transient","floor":39,"turns":5},{"damage":0,"enemies":"Spire Growth","floor":42,"turns":4},{"damage":0,"enemies":"3 Darklings","floor":44,"turns":4},{"damage":0,"enemies":"Reptomancer","floor":45,"turns":6},{"damage":0,"enemies":"Maw","floor":48,"turns":1},{"damage":0,"enemies":"Time Eater","floor":50,"turns":10}],"seed_played":"3887484923949058519","potions_obtained":[{"floor":0.0,"key":"EntropicBrew"},{"floor":0.0,"key":"SmokeBomb"},{"floor":0.0,"key":"Explosive Potion"},{"floor":11,"key":"AttackPotion"},{"floor":19,"key":"Fire Potion"},{"floor":24,"key":"PowerPotion"},{"floor":31,"key":"Strength Potion"},{"floor":35,"key":"GhostInAJar"},{"floor":38,"key":"AttackPotion"},{"floor":45,"key":"Dexterity Potion"}],"is_trial":false,"path_per_floor":["M","?","M","M","M","R","E","R","T","?","M","M","M","E","R","B",null,"M","M","$","M","?","R","E","R","T","E","T","M","$","M","R","B",null,"M","?","?","M","M","R","$","M","T","M","E","R","T","M","R","B",null],"character_chosen":"THE_SILENT","items_purchased":["Wraith Form v2","Catalyst","PiercingWail","Singing Bowl"],"campfire_rested":6,"item_purchase_floors":[20,20,20,30],"current_hp_per_floor":[60,60,58,54,47,47,27,48,48,48,42,38,33,18,39,9,55,42,37,37,34,34,34,11,32,32,29,29,15,15,19,41,13,59,62,78,78,78,77,77,77,77,77,77,77,77,77,77,77,77],"gold":220,"neow_bonus":"THREE_SMALL_POTIONS","is_prod":false,"is_daily":false,"chose_seed":false,"campfire_upgraded":2,"win_rate":0,"timestamp":1563914089,"path_taken":["M","?","M","M","M","R","E","R","T","?","M","?","M","E","R","BOSS","M","M","?","?","?","R","E","R","T","E","?","M","$","M","R","BOSS","M","?","?","M","M","R","?","M","T","?","E","R","?","M","R","BOSS"],"build_version":"2019-07-17","purchased_purges":1,"victory":true,"max_hp_per_floor":[70,70,70,70,70,70,70,70,70,70,70,70,70,70,70,70,70,70,70,70,70,70,70,70,70,70,70,70,70,70,74,74,74,74,78,78,78,80,80,80,80,80,80,80,80,80,80,80,80,80],"card_choices":[{"not_picked":["Dagger Spray","Cloak And Dagger"],"picked":"Leg Sweep","floor":1},{"not_picked":["Underhanded Strike","All Out Attack","Deadly Poison"],"picked":"SKIP","floor":3},{"not_picked":["Flying Knee","Dash"],"picked":"Backstab","floor":4},{"not_picked":["Bane","Outmaneuver"],"picked":"Flying Knee","floor":5},{"not_picked":["Deadly Poison","Calculated Gamble"],"picked":"Dagger Spray","floor":7},{"not_picked":["Well Laid Plans","Storm of Steel"],"picked":"Crippling Poison","floor":11},{"not_picked":["Dagger Spray","Deflect"],"picked":"Bouncing Flask","floor":12},{"not_picked":["Slice","Backflip"],"picked":"Deflect","floor":13},{"not_picked":["Dodge and Roll","Backstab"],"picked":"Doppelganger","floor":14},{"not_picked":["Tools of the Trade","Burst"],"picked":"After Image","floor":16},{"not_picked":["Flechettes","Bane"],"picked":"Backflip","floor":18},{"not_picked":["Skewer","PiercingWail"],"picked":"Choke","floor":19},{"not_picked":["Backstab","Cloak And Dagger"],"picked":"Expertise+1","floor":21},{"not_picked":["Cloak And Dagger","Prepared"],"picked":"Noxious Fumes+1","floor":24},{"not_picked":["Sucker Punch","Backflip+1"],"picked":"A Thousand Cuts","floor":27},{"not_picked":["Escape Plan","Prepared"],"picked":"Leg Sweep","floor":29},{"not_picked":["Poisoned Stab","Dodge and Roll","Bane"],"picked":"SKIP","floor":29},{"not_picked":["Caltrops","Poisoned Stab+1","Endless Agony"],"picked":"Singing Bowl","floor":31},{"not_picked":["Poisoned Stab","Tactician","Flechettes"],"picked":"Singing Bowl","floor":31},{"not_picked":["Glass Knife","After Image"],"picked":"Wraith Form v2","floor":33},{"not_picked":["Deflect+1","Slice+1","Dagger Throw+1"],"picked":"Singing Bowl","floor":35},{"not_picked":["PiercingWail","Blade Dance+1","Poisoned Stab"],"picked":"Singing Bowl","floor":35},{"not_picked":["Slice+1","Sucker Punch+1"],"picked":"Caltrops+1","floor":38},{"not_picked":["Noxious Fumes+1","Glass Knife","Finisher+1"],"picked":"Singing Bowl","floor":38},{"not_picked":["Prepared+1","Dagger Spray"],"picked":"Underhanded Strike+1","floor":39},{"not_picked":["Sucker Punch+1","Deadly Poison+1","Outmaneuver+1"],"picked":"SKIP","floor":39},{"not_picked":["Dagger Spray","Doppelganger"],"picked":"Deadly Poison+1","floor":42},{"not_picked":["Calculated Gamble","Dagger Spray","Quick Slash"],"picked":"SKIP","floor":42},{"not_picked":["Deadly Poison","Dagger Throw"],"picked":"Backflip+1","floor":44},{"not_picked":["Flying Knee+1","Prepared","Dagger Throw+1"],"picked":"SKIP","floor":44},{"not_picked":["Deflect","Prepared","Accuracy+1"],"picked":"SKIP","floor":45}],"player_experience":216062,"relics_obtained":[{"floor":7,"key":"Shuriken"},{"floor":9,"key":"The Specimen"},{"floor":14,"key":"Pocketwatch"},{"floor":24,"key":"Kunai"},{"floor":26,"key":"Ancient Tea Set"},{"floor":27,"key":"Prayer Wheel"},{"floor":28,"key":"Ice Cream"},{"floor":43,"key":"Regal Pillow"},{"floor":45,"key":"Potion Belt"},{"floor":47,"key":"Blue Candle"}],"event_choices":[{"damage_healed":0,"gold_gain":0,"player_choice":"Left Gold","damage_taken":0,"max_hp_gain":0,"max_hp_loss":0,"event_name":"World of Goop","floor":2,"gold_loss":41},{"damage_healed":0,"gold_gain":0,"player_choice":"3 cards matched","damage_taken":0,"max_hp_gain":0,"max_hp_loss":0,"event_name":"Match and Keep!","floor":10,"gold_loss":0,"cards_obtained":["Blur","Flash of Steel","Wraith Form v2"]},{"damage_healed":0,"gold_gain":0,"player_choice":"Opened","damage_taken":0,"relics_obtained":["Ninja Scroll"],"max_hp_gain":0,"max_hp_loss":0,"event_name":"The Mausoleum","floor":22,"gold_loss":0},{"damage_healed":20,"gold_gain":0,"player_choice":"Writhe","damage_taken":0,"max_hp_gain":0,"max_hp_loss":0,"event_name":"Winding Halls","floor":36,"gold_loss":0,"cards_obtained":["Writhe"]},{"damage_healed":0,"gold_gain":0,"player_choice":"Upgrade","damage_taken":0,"relics_obtained":["Mark of the Bloom"],"max_hp_gain":0,"max_hp_loss":0,"event_name":"MindBloom","floor":37,"gold_loss":0,"cards_upgraded":["Survivor","Neutralize","Leg Sweep","Flying Knee","Dagger Spray","Blur","Flash of Steel","Wraith Form v2","Crippling Poison","Bouncing Flask","Deflect","Doppelganger","After Image","Backflip","Choke","Catalyst","PiercingWail","A Thousand Cuts","Leg Sweep","Wraith Form v2","Deadly Poison","Distraction","Infinite Blades","All Out Attack","Dash","Noxious Fumes","Bouncing Flask","Prepared","Blur","Prepared"]}],"is_beta":false,"boss_relics":[{"not_picked":["Runic Dome","Ring of the Serpent"],"picked":"Snecko Eye"},{"not_picked":["White Beast Statue","Runic Pyramid"],"picked":"Pandora\u0027s Box"}],"items_purged_floors":[41],"is_endless":false,"potions_floor_spawned":[4,11,12,19,21,24,31,35,38,44,45,48],"ascension_level":9}