{"gold_per_floor":[212,228,1,13,113,139,139,152,152,172,172,172,192,521,521,625,625,643,655,193,203,303,303,218,68,68,68,87,116,116,129,129,231,231,244,1,1,16,16,16,28,62,62,82,95,114,114,114,114,114],"floor_reached":51,"playtime":3864,"items_purged":["Defend_R"],"score":808,"play_id":"0dca8900-e982-4872-8fb2-fdb6d42e1f03","local_time":"20190507081109","is_ascension_mode":true,"campfire_choices":[{"data":"Shrug It Off","floor":7,"key":"SMITH"},{"data":"Perfected Strike","floor":11,"key":"SMITH"},{"floor":15,"key":"REST"},{"data":"Armaments","floor":23,"key":"SMITH"},{"data":"Offering","floor":27,"key":"SMITH"},{"data":"Body Slam","floor":30,"key":"SMITH"},{"floor":32,"key":"REST"},{"data":"Limit Break","floor":40,"key":"SMITH"},{"floor":49,"key":"REST"}],"neow_cost":"NONE","seed_source_timestamp":18178920818869,"circlet_count":0,"master_deck":["Strike_R","Strike_R","Strike_R","Strike_R","Strike_R","Defend_R","Defend_R","Defend_R","Perfected Strike+1","Shrug It Off+1","Body Slam+1","Clothesline","Offering+1","Disarm+1","Armaments+1","Sentinel+1","Perfected Strike","Pommel Strike","Limit Break+1","Ghostly Armor+1","Shrug It Off+1","Ghostly Armor+1","Pommel Strike","Ghostly Armor+1","Writhe"],"relics":["Burning Blood","Chemical X","Pear","StoneCalendar","Old Coin","Velvet Choker","Shuriken","Red Skull","Turnip","Dodecahedron","Vajra","Lantern","Pocketwatch","Torii","Sozu","Matryoshka","Frozen Egg 2","Kunai","Blood Vial","Letter Opener","Strawberry","Paper Frog"],"potions_floor_usage":[6,14,16,22,22,22,33,42],"damage_taken":[{"damage":1,"enemies":"Cultist","floor":1,"turns":3},{"damage":0,"enemies":"Small Slimes","floor":2,"turns":3},{"damage":7,"enemies":"Jaw Worm","floor":4,"turns":4},{"damage":28,"enemies":"Lagavulin","floor":6,"turns":6},{"damage":8,"enemies":"Blue Slaver","floor":8,"turns":4},{"damage":1,"enemies":"Looter","floor":10,"turns":3},{"damage":1,"enemies":"2 Fungi Beasts","floor":13,"turns":4},{"damage":41,"enemies":"Gremlin Nob","floor":14,"turns":6},{"damage":40,"enemies":"Slime Boss","floor":16,"turns":7},{"damage":6,"enemies":"Shell Parasite","floor":18,"turns":6},{"damage":30,"enemies":"Chosen","floor":19,"turns":7},{"damage":7,"enemies":"Centurion and Healer","floor":21,"turns":7},{"damage":12,"enemies":"Colosseum Slavers","floor":22,"turns":5},{"damage":17,"enemies":"Colosseum Nobs","floor":22,"turns":5},{"damage":21,"enemies":"Shelled Parasite and Fungi","floor":28,"turns":5},{"damage":9,"enemies":"Book of Stabbing","floor":29,"turns":5},{"damage":7,"enemies":"Chosen and Byrds","floor":31,"turns":4},{"damage":66,"enemies":"Automaton","floor":33,"turns":10},{"damage":15,"enemies":"3 Shapes","floor":35,"turns":5},{"damage":0,"enemies":"Orb Walker","floor":38,"turns":2},{"damage":14,"enemies":"Spire Growth","floor":41,"turns":5},{"damage":40,"enemies":"Reptomancer","floor":42,"turns":6},{"damage":6,"enemies":"Transient","floor":44,"turns":5},{"damage":18,"enemies":"Jaw Worm Horde","floor":45,"turns":5},{"damage":0,"enemies":"Sphere and 2 Shapes","floor":46,"turns":5},{"damage":28,"enemies":"Awakened One","floor":50,"turns":13}],"seed_played":"3172828485329515426","potions_obtained":[{"floor":1,"key":"AttackPotion"},{"floor":13,"key":"Weak Potion"},{"floor":14,"key":"LiquidBronze"},{"floor":16,"key":"Poison Potion"},{"floor":19,"key":"SkillPotion"},{"floor":21,"key":"Regen Potion"},{"floor":28,"key":"SkillPotion"},{"floor":33,"key":"PowerPotion"}],"is_trial":false,"path_per_floor":["M","M","$","M","?","E","R","M","T","M","R","?","M","E","R","B",null,"M","M","$","M","?","R","?","$","T","R","M","E","R","M","R","B",null,"M","$","?","M","?","R","M","E","T","M","M","M","?","T","R","B",null],"character_chosen":"IRONCLAD","items_purchased":["Chemical X","Shrug It Off","Shuriken","Red Skull","Lantern","Matryoshka"],"campfire_rested":3,"item_purchase_floors":[3,3,20,20,25,36],"current_hp_per_floor":[80,80,80,79,79,67,67,65,65,70,70,63,68,33,60,26,90,90,66,66,65,62,62,62,62,62,62,47,44,44,43,70,10,90,81,81,81,87,87,87,79,45,45,47,37,45,68,75,97,75],"gold":114,"neow_bonus":"HUNDRED_GOLD","is_prod":false,"is_daily":false,"chose_seed":false,"campfire_upgraded":6,"win_rate":0,"timestamp":1557231069,"path_taken":["M","M","$","?","?","E","R","M","T","?","R","?","M","E","R","BOSS","M","M","$","M","?","R","?","$","T","R","M","E","R","M","R","BOSS","M","$","?","M","?","R","M","E","T","M","?","M","?","?","R","BOSS"],"build_version":"2019-01-23","purchased_purges":1,"victory":true,"max_hp_per_floor":[80,80,80,80,80,90,90,90,90,90,90,90,90,90,90,90,90,90,90,90,90,90,90,90,90,90,90,90,90,90,90,90,90,90,90,90,90,90,90,90,90,90,90,90,90,90,90,97,97,97],"card_choices":[{"not_picked":["True Grit","Clash"],"picked":"Ghostly Armor","floor":1},{"not_picked":["Carnage","Thunderclap"],"picked":"Perfected Strike","floor":2},{"not_picked":["Body Slam","Iron Wave","Intimidate"],"picked":"SKIP","floor":4},{"not_picked":["Seeing Red","Anger","Body Slam"],"picked":"SKIP","floor":6},{"not_picked":["Blood for Blood","Metallicize"],"picked":"Body Slam","floor":8},{"not_picked":["Power Through","Body Slam","Rage"],"picked":"SKIP","floor":10},{"not_picked":["Flex","Fiend Fire","Anger"],"picked":"SKIP","floor":13},{"not_picked":["Headbutt","Ghostly Armor"],"picked":"Clothesline","floor":14},{"not_picked":["Feed","Brutality"],"picked":"Offering","floor":16},{"not_picked":["Wild Strike","Pummel"],"picked":"Disarm+1","floor":18},{"not_picked":["Metallicize","Sword Boomerang","Anger"],"picked":"SKIP","floor":19},{"not_picked":["Feel No Pain","Second Wind"],"picked":"Armaments","floor":21},{"not_picked":["Clothesline","Inflame"],"picked":"Sentinel+1","floor":22},{"not_picked":["Cleave+1","Fire Breathing"],"picked":"Perfected Strike","floor":28},{"not_picked":["Twin Strike","Rupture+1"],"picked":"Pommel Strike","floor":29},{"not_picked":["Evolve+1","Thunderclap","Havoc+1"],"picked":"SKIP","floor":31},{"not_picked":["Offering","Exhume"],"picked":"Limit Break","floor":33},{"not_picked":["Thunderclap+1","Entrench"],"picked":"Ghostly Armor+1","floor":35},{"not_picked":["Burning Pact+1","Havoc"],"picked":"Shrug It Off+1","floor":38},{"not_picked":["Disarm","Infernal Blade"],"picked":"Ghostly Armor+1","floor":41},{"not_picked":["Thunderclap+1","Feel No Pain+1","Cleave"],"picked":"SKIP","floor":42},{"not_picked":["Sever Soul","Anger+1"],"picked":"Pommel Strike","floor":44},{"not_picked":["Carnage","Clothesline+1"],"picked":"Ghostly Armor+1","floor":45},{"not_picked":["Havoc","Carnage","Headbutt"],"picked":"SKIP","floor":46}],"player_experience":226559,"relics_obtained":[{"floor":6,"key":"Pear"},{"floor":9,"key":"StoneCalendar"},{"floor":14,"key":"Old Coin"},{"floor":22,"key":"Turnip"},{"floor":22,"key":"Dodecahedron"},{"floor":26,"key":"Pocketwatch"},{"floor":29,"key":"Torii"},{"floor":42,"key":"Kunai"},{"floor":43,"key":"Blood Vial"},{"floor":43,"key":"Letter Opener"},{"floor":48,"key":"Strawberry"},{"floor":48,"key":"Paper Frog"}],"event_choices":[{"damage_healed":0,"gold_gain":100,"player_choice":"Pray","damage_taken":0,"max_hp_gain":0,"max_hp_loss":0,"event_name":"Golden Shrine","floor":5,"gold_loss":0},{"cards_removed":["Bash"],"damage_healed":0,"gold_gain":0,"player_choice":"Card Removal","damage_taken":7,"max_hp_gain":0,"max_hp_loss":0,"event_name":"Golden Wing","floor":12,"gold_loss":0},{"damage_healed":0,"gold_gain":0,"player_choice":"Fight","damage_taken":0,"max_hp_gain":0,"max_hp_loss":0,"event_name":"Colosseum","floor":22,"gold_loss":0},{"damage_healed":0,"gold_gain":0,"player_choice":"Fought Nobs","damage_taken":0,"max_hp_gain":0,"max_hp_loss":0,"event_name":"Colosseum","floor":22,"gold_loss":0},{"damage_healed":0,"gold_gain":0,"player_choice":"Obtained Relic","damage_taken":0,"relics_obtained":["Vajra"],"max_hp_gain":0,"max_hp_loss":0,"event_name":"Addict","floor":24,"gold_loss":85},{"damage_healed":0,"gold_gain":0,"player_choice":"Ignored","damage_taken":0,"max_hp_gain":0,"max_hp_loss":0,"event_name":"Mysterious Sphere","floor":37,"gold_loss":0},{"cards_removed":["Ghostly Armor"],"damage_healed":0,"gold_gain":0,"player_choice":"Gave Card","damage_taken":0,"relics_obtained":["Frozen Egg 2"],"max_hp_gain":0,"max_hp_loss":0,"event_name":"WeMeetAgain","floor":39,"gold_loss":0},{"damage_healed":23,"gold_gain":0,"player_choice":"Writhe","damage_taken":0,"max_hp_gain":0,"max_hp_loss":0,"event_name":"Winding Halls","floor":47,"gold_loss":0,"cards_obtained":["Writhe"]}],"is_beta":false,"boss_relics":[{"not_picked":["Tiny House","Black Star"],"picked":"Velvet Choker"},{"not_picked":["Pandora\u0027s Box","Snecko Eye"],"picked":"Sozu"}],"items_purged_floors":[20],"is_endless":false,"potions_floor_spawned":[1,13,14,16,19,21,28,33,41,45,46],"ascension_level":3}