{"gold_per_floor":[109,284,299,151,164,195,210,210,210,224,258,269,300,300,300,398,398,416,416,2,2,14,14,43,55,67,79],"floor_reached":27,"playtime":1875,"items_purged":["Doubt","Intimidate"],"score":354,"play_id":"8177c2b5-4748-46f9-958a-e94de841aaf9","local_time":"20190509203617","is_ascension_mode":true,"campfire_choices":[{"data":"Feed","floor":8,"key":"SMITH"},{"floor":15,"key":"REST"},{"data":"Armaments","floor":23,"key":"SMITH"},{"floor":25,"key":"REST"}],"neow_cost":"TEN_PERCENT_HP_LOSS","seed_source_timestamp":10505639512319,"circlet_count":0,"master_deck":["Defend_R","Defend_R","Defend_R","Defend_R","Bash","Feel No Pain","Feed+1","Shockwave","Rampage","Whirlwind","Armaments+1","Fiend Fire","Demon Form","Anger+1","Cleave+1","Warcry+1","Shrug It Off","Deep Breath","Secret Weapon","Shrug It Off","Ghostly Armor"],"relics":["Burning Blood","Blue Candle","Sundial","Oddly Smooth Stone","Astrolabe","MawBank","Girya"],"potions_floor_usage":[6,11,13,14,24],"damage_taken":[{"damage":10,"enemies":"Jaw Worm","floor":1,"turns":8},{"damage":3,"enemies":"2 Louse","floor":3,"turns":5},{"damage":2,"enemies":"Cultist","floor":5,"turns":4},{"damage":18,"enemies":"3 Sentries","floor":6,"turns":9},{"damage":16,"enemies":"Lots of Slimes","floor":7,"turns":6},{"damage":2,"enemies":"3 Louse","floor":10,"turns":4},{"damage":38,"enemies":"Lagavulin","floor":11,"turns":6},{"damage":22,"enemies":"Gremlin Gang","floor":12,"turns":5},{"damage":17,"enemies":"3 Sentries","floor":13,"turns":11},{"damage":0,"enemies":"Lots of Slimes","floor":14,"turns":1},{"damage":41,"enemies":"The Guardian","floor":16,"turns":14},{"damage":9,"enemies":"Chosen","floor":18,"turns":6},{"damage":20,"enemies":"2 Thieves","floor":22,"turns":4},{"damage":44,"enemies":"Gremlin Leader","floor":24,"turns":6},{"damage":59,"enemies":"Book of Stabbing","floor":27,"turns":7}],"seed_played":"-8520349286039003014","potions_obtained":[{"floor":1,"key":"Poison Potion"},{"floor":5,"key":"SmokeBomb"},{"floor":10,"key":"Poison Potion"},{"floor":12,"key":"AttackPotion"},{"floor":16,"key":"Weak Potion"},{"floor":19,"key":"EssenceOfSteel"},{"floor":19,"key":"AttackPotion"},{"floor":19,"key":"Ancient Potion"}],"is_trial":false,"path_per_floor":["M","?","M","$","M","E","M","R","T","M","E","M","E","M","R","B",null,"M","?","$","$","M","R","E","R","T","E"],"character_chosen":"IRONCLAD","items_purchased":["Rampage","Shrug It Off","Deep Breath","Secret Weapon"],"campfire_rested":2,"item_purchase_floors":[4,20,20,20],"current_hp_per_floor":[71,71,77,77,81,72,65,65,65,73,41,29,22,28,57,22,80,81,81,81,81,67,67,29,59,59,0],"gold":79,"neow_bonus":"TRANSFORM_TWO_CARDS","is_prod":false,"is_daily":false,"chose_seed":false,"campfire_upgraded":2,"win_rate":0,"timestamp":1557448577,"path_taken":["M","?","M","$","M","E","M","R","T","M","E","M","E","M","R","BOSS","M","?","?","$","M","R","E","R","T","E"],"build_version":"2019-01-23","purchased_purges":2,"victory":false,"max_hp_per_floor":[75,75,78,78,81,84,87,87,87,91,91,95,99,99,99,99,99,103,103,103,103,103,103,103,103,103,103],"card_choices":[{"not_picked":["Evolve","Sword Boomerang"],"picked":"Intimidate","floor":1},{"not_picked":["Sword Boomerang","Thunderclap"],"picked":"Shockwave","floor":3},{"not_picked":["Twin Strike","Flex","Immolate"],"picked":"SKIP","floor":5},{"not_picked":["Sword Boomerang","Cleave","Hemokinesis"],"picked":"SKIP","floor":6},{"not_picked":["True Grit","Rupture"],"picked":"Whirlwind","floor":7},{"not_picked":["Iron Wave","Combust","Evolve"],"picked":"SKIP","floor":10},{"not_picked":["Cleave","Body Slam"],"picked":"Armaments","floor":11},{"not_picked":["Havoc","Sword Boomerang","Perfected Strike"],"picked":"SKIP","floor":12},{"not_picked":["Perfected Strike","Flame Barrier"],"picked":"Fiend Fire","floor":13},{"not_picked":["Brutality","Dark Embrace"],"picked":"Demon Form","floor":16},{"not_picked":["Reckless Charge","Sever Soul","Pommel Strike"],"picked":"SKIP","floor":18},{"not_picked":["Anger","Searing Blow"],"picked":"Shrug It Off","floor":22},{"not_picked":["Thunderclap","Cleave"],"picked":"Ghostly Armor","floor":24}],"player_experience":256595,"relics_obtained":[{"floor":6,"key":"Blue Candle"},{"floor":11,"key":"Sundial"},{"floor":13,"key":"Oddly Smooth Stone"},{"floor":24,"key":"MawBank"},{"floor":26,"key":"Girya"}],"event_choices":[{"damage_healed":0,"gold_gain":175,"player_choice":"AGREE","damage_taken":0,"max_hp_gain":0,"max_hp_loss":0,"event_name":"Liars Game","floor":2,"gold_loss":0,"cards_obtained":["Doubt"]},{"damage_healed":0,"gold_gain":0,"player_choice":"Got Potions","damage_taken":0,"max_hp_gain":0,"max_hp_loss":0,"event_name":"Lab","floor":19,"gold_loss":0}],"is_beta":false,"boss_relics":[{"not_picked":["Black Blood","Empty Cage"],"picked":"Astrolabe"}],"items_purged_floors":[4,20],"is_endless":false,"potions_floor_spawned":[1,5,10,12,14,16],"killed_by":"Book of Stabbing","ascension_level":6}