{"gold_per_floor":[115,130,16,91,91,91,101,132,132,167,182,198,198,213,213,314,314,332,332,347,361,361,394,394,428,452,452,465,465,493,90,90,90],"floor_reached":33,"playtime":1762,"items_purged":["Strike_R"],"score":441,"play_id":"c33b8dea-cce4-47ba-a039-f6a88bab8a5e","local_time":"20180801133313","is_ascension_mode":true,"campfire_choices":[{"floor":6,"key":"REST"},{"data":"Infernal Blade","floor":13,"key":"SMITH"},{"data":"True Grit","floor":15,"key":"SMITH"},{"floor":24,"key":"REST"},{"floor":27,"key":"REST"},{"data":"Infernal Blade","floor":32,"key":"SMITH"}],"neow_cost":"NONE","seed_source_timestamp":1611002811131,"circlet_count":0,"master_deck":["Strike_R+1","Strike_R+1","Strike_R+1","Defend_R+1","Defend_R+1","Defend_R+1","Defend_R+1","Bash+1","Infernal Blade+1","Headbutt","Shockwave","True Grit+1","Dropkick","Battle Trance","Exhume","Warcry","Fiend Fire","Bludgeon","Pommel Strike","Reckless Charge","Infernal Blade+1","Headbutt","Body Slam+1","Rage+1","Metallicize","Seeing Red+1","Shrug It Off+1","Ghostly Armor+1","Shrug It Off+1"],"relics":["Black Blood","Pantograph","Bottled Flame","Gremlin Horn","Happy Flower","Toxic Egg 2","Shuriken","Bottled Lightning","Orichalcum","Bird Faced Urn","DollysMirror","Tiny Chest"],"potions_floor_usage":[14,18,21,25,28],"damage_taken":[{"damage":1,"enemies":"Cultist","floor":1,"turns":3},{"damage":8,"enemies":"2 Louse","floor":2,"turns":3},{"damage":1,"enemies":"Small Slimes","floor":7,"turns":3},{"damage":25,"enemies":"Lagavulin","floor":8,"turns":8},{"damage":18,"enemies":"Gremlin Nob","floor":10,"turns":3},{"damage":8,"enemies":"Looter","floor":11,"turns":4},{"damage":2,"enemies":"3 Louse","floor":12,"turns":3},{"damage":0,"enemies":"Gremlin Gang","floor":14,"turns":4},{"damage":7,"enemies":"Slime Boss","floor":16,"turns":6},{"damage":8,"enemies":"2 Thieves","floor":18,"turns":3},{"damage":0,"enemies":"3 Byrds","floor":20,"turns":4},{"damage":50,"enemies":"Sentry and Sphere","floor":21,"turns":6},{"damage":43,"enemies":"Gremlin Leader","floor":23,"turns":7},{"damage":38,"enemies":"Book of Stabbing","floor":25,"turns":4},{"damage":10,"enemies":"Centurion and Healer","floor":28,"turns":4},{"damage":19,"enemies":"Slavers","floor":30,"turns":5},{"damage":53,"enemies":"Automaton","floor":33,"turns":10}],"seed_played":"-5892127158020516187","potions_obtained":[{"floor":2,"key":"Swift Potion"},{"floor":7,"key":"GamblersBrew"},{"floor":11,"key":"SkillPotion"},{"floor":23,"key":"Poison Potion"},{"floor":25,"key":"AttackPotion"},{"floor":30,"key":"Strength Potion"}],"is_trial":false,"path_per_floor":["M","M","$","?","?","R","M","E","T","E","M","M","R","M","R","B",null,"M","?","M","M","T","E","R","E","T","R","M","?","E","$","R"],"character_chosen":"IRONCLAD","items_purchased":["Shockwave","Shrug It Off+1","Ghostly Armor+1","DollysMirror","Tiny Chest"],"campfire_rested":3,"item_purchase_floors":[3,31,31,31,31],"current_hp_per_floor":[77,75,75,64,31,55,60,41,41,29,27,31,31,37,37,61,75,77,77,80,40,40,15,39,11,11,35,35,35,26,26,26,0],"gold":90,"neow_bonus":"UPGRADE_CARD","is_prod":false,"is_daily":false,"chose_seed":false,"campfire_upgraded":3,"win_rate":0,"timestamp":1533144793,"path_taken":["M","?","$","?","?","R","M","E","T","E","M","M","R","M","R","BOSS","M","?","M","M","?","E","R","E","T","R","M","?","E","$","R","BOSS"],"build_version":"2018-07-26","purchased_purges":1,"victory":false,"max_hp_per_floor":[80,80,80,80,80,80,80,80,80,80,80,80,80,80,80,80,80,80,80,80,80,80,80,80,80,80,80,80,80,80,80,80,80],"card_choices":[{"not_picked":["Pommel Strike","Headbutt"],"picked":"Infernal Blade","floor":1},{"not_picked":["Heavy Blade","Whirlwind"],"picked":"Headbutt","floor":2},{"not_picked":["Flex","Wild Strike"],"picked":"True Grit","floor":7},{"not_picked":["Bloodletting","Anger"],"picked":"Dropkick","floor":8},{"not_picked":["Cleave","Inflame"],"picked":"Battle Trance","floor":10},{"not_picked":["Warcry","Fire Breathing"],"picked":"Exhume","floor":11},{"not_picked":["Armaments","Havoc"],"picked":"Warcry","floor":12},{"not_picked":["Heavy Blade","Blood for Blood"],"picked":"Fiend Fire","floor":14},{"not_picked":["Offering","Double Tap"],"picked":"Bludgeon","floor":16},{"not_picked":["Iron Wave","Pummel"],"picked":"Pommel Strike","floor":18},{"not_picked":["Twin Strike","Rampage"],"picked":"Infernal Blade","floor":20},{"not_picked":["Clash","Clothesline"],"picked":"Headbutt","floor":21},{"not_picked":["Searing Blow","Fire Breathing"],"picked":"Body Slam+1","floor":23},{"not_picked":["Burning Pact+1","Bludgeon"],"picked":"Rage+1","floor":25},{"not_picked":["Uppercut","Anger"],"picked":"Metallicize","floor":28},{"not_picked":["Twin Strike+1","Clash"],"picked":"Seeing Red+1","floor":30}],"player_experience":416232,"relics_obtained":[{"floor":8,"key":"Bottled Flame"},{"floor":9,"key":"Gremlin Horn"},{"floor":10,"key":"Happy Flower"},{"floor":22,"key":"Toxic Egg 2"},{"floor":23,"key":"Shuriken"},{"floor":25,"key":"Bottled Lightning"},{"floor":26,"key":"Orichalcum"},{"floor":30,"key":"Bird Faced Urn"}],"event_choices":[{"event_name":"World of Goop","player_choice":"Gather Gold","floor":4,"damage_taken":0},{"event_name":"Scrap Ooze","player_choice":"success","floor":5,"damage_taken":33},{"event_name":"Transmorgrifier","player_choice":"Transform","floor":19,"damage_taken":0},{"event_name":"Back to Basics","player_choice":"Simplicity","floor":29,"damage_taken":0}],"is_beta":false,"boss_relics":[{"not_picked":["Ectoplasm","Calling Bell"],"picked":"Black Blood"}],"items_purged_floors":[3],"is_endless":false,"potions_floor_spawned":[2,7,11,23,25,30],"killed_by":"Automaton","ascension_level":8}