{"gold_per_floor":[113,113,127,141,141,141,169,169,169,169,169,200,215,215,215,308,308,331,87,67,80,105,105,19,19,19,53,53,91,7,7,7,100,100,113,129,51,72,72,97,97,110,110,144,157,178,178,217,217,217,217],"floor_reached":52,"playtime":2149,"items_purged":["Strike_B"],"score":1991,"play_id":"d7a0f1e0-4434-44f2-aec9-4d59900a281d","local_time":"20181026223234","is_ascension_mode":true,"campfire_choices":[{"data":"Zap","floor":6,"key":"SMITH"},{"data":"Streamline","floor":8,"key":"SMITH"},{"data":"Coolheaded","floor":11,"key":"SMITH"},{"floor":15,"key":"REST"},{"floor":23,"key":"REST"},{"data":"Electrodynamics","floor":25,"key":"SMITH"},{"data":"Defragment","floor":32,"key":"SMITH"},{"floor":41,"key":"REST"},{"floor":47,"key":"REST"},{"floor":49,"key":"REST"}],"neow_cost":"NONE","seed_source_timestamp":698374924190149,"circlet_count":0,"master_deck":["Strike_B","Strike_B","Defend_B","Defend_B","Defend_B","Defend_B","Zap+1","Dualcast","AscendersBane","Conserve Battery","Coolheaded+1","Streamline+1","Ball Lightning","BootSequence","Electrodynamics+1","Compile Driver","Genetic Algorithm+1","Thunder Strike","Meteor Strike","Defragment+1","Recycle","Fusion+1","Meteor Strike","Leap","Echo Form","Reinforced Body+1","Creative AI"],"relics":["Cracked Core","Boot","Symbiotic Virus","Gremlin Horn","Golden Idol","Snecko Eye","Art of War","PreservedInsect","Strawberry","Gambling Chip","Fusion Hammer","Ancient Tea Set","Pear","Meat on the Bone","Bronze Scales"],"potions_floor_usage":[7,7,29,33,42,44,44],"damage_taken":[{"damage":0,"enemies":"2 Louse","floor":1,"turns":4},{"damage":1,"enemies":"Cultist","floor":3,"turns":3},{"damage":7,"enemies":"Small Slimes","floor":4,"turns":3},{"damage":15,"enemies":"Lagavulin","floor":7,"turns":8},{"damage":9,"enemies":"Gremlin Nob","floor":12,"turns":3},{"damage":1,"enemies":"Blue Slaver","floor":13,"turns":3},{"damage":8,"enemies":"Slime Boss","floor":16,"turns":7},{"damage":18,"enemies":"Chosen","floor":18,"turns":4},{"damage":9,"enemies":"2 Thieves","floor":21,"turns":3},{"damage":1,"enemies":"Snecko","floor":22,"turns":4},{"damage":0,"enemies":"Gremlin Leader","floor":27,"turns":2},{"damage":7,"enemies":"Slavers","floor":29,"turns":2},{"damage":70,"enemies":"Collector","floor":33,"turns":9},{"damage":6,"enemies":"Orb Walker","floor":35,"turns":3},{"damage":0,"enemies":"3 Shapes","floor":36,"turns":3},{"damage":42,"enemies":"Maw","floor":38,"turns":5},{"damage":3,"enemies":"3 Darklings","floor":40,"turns":2},{"damage":10,"enemies":"Spire Growth","floor":42,"turns":4},{"damage":3,"enemies":"Giant Head","floor":44,"turns":5},{"damage":14,"enemies":"Maw","floor":45,"turns":5},{"damage":0,"enemies":"4 Shapes","floor":46,"turns":3},{"damage":0,"enemies":"Nemesis","floor":48,"turns":3},{"damage":21,"enemies":"Donu and Deca","floor":50,"turns":6},{"damage":67,"enemies":"Time Eater","floor":51,"turns":11}],"seed_played":"-7170015507237575948","potions_obtained":[{"floor":3,"key":"Block Potion"},{"floor":4,"key":"AttackPotion"},{"floor":12,"key":"FairyPotion"},{"floor":20,"key":"Block Potion"},{"floor":29,"key":"Weak Potion"},{"floor":38,"key":"Poison Potion"},{"floor":40,"key":"GamblersBrew"},{"floor":42,"key":"Poison Potion"}],"is_trial":false,"path_per_floor":["M","?","M","M","?","R","E","R","T","?","R","E","M","?","R","B",null,"M","$","?","M","M","R","$","R","T","E","$","E","$","?","R","B",null,"M","M","$","M","T","M","R","M","T","E","M","M","R","E","R","B","B"],"character_chosen":"DEFECT","items_purchased":["Art of War","Thunder Strike","Defragment","Meteor Strike"],"campfire_rested":5,"item_purchase_floors":[19,24,30,37],"current_hp_per_floor":[71,71,70,63,68,68,53,53,53,42,42,33,32,3,27,19,67,49,49,49,40,39,63,63,63,63,70,70,63,63,63,63,9,70,64,64,64,22,22,19,46,36,46,43,41,53,83,83,100,79,24],"gold":217,"neow_bonus":"TEN_PERCENT_HP_BONUS","is_prod":false,"is_daily":false,"chose_seed":false,"campfire_upgraded":5,"win_rate":0,"timestamp":1540607554,"path_taken":["M","?","M","M","?","R","E","R","T","?","R","E","M","?","R","BOSS","M","?","?","M","M","R","?","R","T","E","$","E","$","?","R","BOSS","M","M","$","M","?","M","R","M","T","E","M","M","R","E","R","BOSS","BOSS"],"build_version":"2018-10-25v2","purchased_purges":1,"victory":true,"max_hp_per_floor":[78,78,78,78,83,83,83,83,83,83,83,83,83,83,83,83,83,83,83,83,83,83,83,83,83,83,90,90,90,90,90,90,90,90,90,90,90,90,90,90,90,90,100,100,100,100,100,100,100,100,100],"card_choices":[{"not_picked":["Turbo","Heatsinks","Blizzard"],"picked":"SKIP","floor":1},{"not_picked":["Chaos","Barrage"],"picked":"Conserve Battery","floor":3},{"not_picked":["Hologram","Steam"],"picked":"Coolheaded","floor":4},{"not_picked":["Gash","Redo"],"picked":"Streamline","floor":7},{"not_picked":["Static Discharge","Stack"],"picked":"Ball Lightning","floor":12},{"not_picked":["Aggregate","Heatsinks"],"picked":"BootSequence","floor":13},{"not_picked":["Fission","Machine Learning"],"picked":"Electrodynamics","floor":16},{"not_picked":["Redo","Stack"],"picked":"Compile Driver","floor":18},{"not_picked":["Chill","Hologram","Capacitor"],"picked":"SKIP","floor":21},{"not_picked":["Storm+1","Rip and Tear"],"picked":"Genetic Algorithm+1","floor":22},{"not_picked":["Go for the Eyes","Barrage+1","Aggregate"],"picked":"SKIP","floor":27},{"not_picked":["Skim+1","Steam"],"picked":"Meteor Strike","floor":29},{"not_picked":["Redo","Streamline+1"],"picked":"Fusion+1","floor":35},{"not_picked":["Rebound","Go for the Eyes","Coolheaded"],"picked":"SKIP","floor":36},{"not_picked":["FTL","Rebound"],"picked":"Leap","floor":38},{"not_picked":["Rebound","Sweeping Beam","Storm"],"picked":"SKIP","floor":40},{"not_picked":["Hologram","Undo"],"picked":"Echo Form","floor":42},{"not_picked":["Ball Lightning","Turbo","Static Discharge"],"picked":"SKIP","floor":44},{"not_picked":["Static Discharge","Cold Snap","Darkness"],"picked":"SKIP","floor":45},{"not_picked":["Double Energy","Turbo"],"picked":"Reinforced Body+1","floor":46},{"not_picked":["Ball Lightning","Hello World"],"picked":"Creative AI","floor":48}],"player_experience":997773,"relics_obtained":[{"floor":9,"key":"Boot"},{"floor":12,"key":"Gremlin Horn"},{"floor":26,"key":"PreservedInsect"},{"floor":27,"key":"Strawberry"},{"floor":29,"key":"Gambling Chip"},{"floor":39,"key":"Ancient Tea Set"},{"floor":43,"key":"Pear"},{"floor":44,"key":"Meat on the Bone"},{"floor":48,"key":"Bronze Scales"}],"event_choices":[{"cards_removed":["Strike_B"],"damage_healed":0,"gold_gain":0,"player_choice":"Offered Basic","damage_taken":0,"max_hp_gain":0,"max_hp_loss":0,"event_name":"Bonfire Elementals","floor":2,"gold_loss":0},{"damage_healed":0,"gold_gain":0,"player_choice":"Donut","damage_taken":0,"max_hp_gain":5,"max_hp_loss":0,"event_name":"Big Fish","floor":5,"gold_loss":0},{"damage_healed":0,"gold_gain":0,"player_choice":"Success","damage_taken":11,"relics_obtained":["Symbiotic Virus"],"max_hp_gain":0,"max_hp_loss":0,"event_name":"Scrap Ooze","floor":10,"gold_loss":0},{"damage_healed":0,"gold_gain":0,"player_choice":"Take Damage","damage_taken":29,"relics_obtained":["Golden Idol"],"max_hp_gain":0,"max_hp_loss":0,"event_name":"Golden Idol","floor":14,"gold_loss":0},{"damage_healed":0,"gold_gain":0,"player_choice":"Bought 1 Potion","damage_taken":0,"max_hp_gain":0,"max_hp_loss":0,"event_name":"The Woman in Blue","floor":20,"gold_loss":0},{"damage_healed":0,"gold_gain":0,"player_choice":"Read","damage_taken":0,"max_hp_gain":0,"max_hp_loss":0,"event_name":"The Library","floor":31,"gold_loss":0,"cards_obtained":["Recycle"]}],"is_beta":false,"boss_relics":[{"not_picked":["Orrery","Nuclear Battery"],"picked":"Snecko Eye"},{"not_picked":["Black Star","Calling Bell"],"picked":"Fusion Hammer"}],"items_purged_floors":[19],"is_endless":false,"potions_floor_spawned":[3,4,12,22,29,38,40,42],"ascension_level":20}