{"gold_per_floor":[117,131,150,169,187,187,219,247,284,313,325,354,366,397,409,421],"floor_reached":16,"playtime":576,"items_purged":[],"score":216,"play_id":"ad90f131-e96a-453a-a51c-cae632d88d3c","local_time":"20190122141927","is_ascension_mode":true,"campfire_choices":[{"data":"Zap","floor":6,"key":"SMITH"},{"data":"Recycle","floor":11,"key":"SMITH"},{"floor":15,"key":"REST"}],"neow_cost":"NONE","seed_source_timestamp":177325939605934,"circlet_count":0,"master_deck":["AscendersBane","Strike_B","Strike_B","Strike_B","Strike_B","Defend_B","Defend_B","Defend_B","Defend_B","Zap+1","Dualcast","Doom and Gloom","Recycle+1","Auto Shields","Ball Lightning","Compile Driver","Sunder","Reinforced Body","Compile Driver","Cold Snap"],"relics":["Cracked Core","MawBank","Juzu Bracelet","Bronze Scales"],"potions_floor_usage":[4,4,7,16,16],"damage_taken":[{"damage":1,"enemies":"Cultist","floor":1,"turns":3},{"damage":2,"enemies":"Jaw Worm","floor":2,"turns":3},{"damage":7,"enemies":"Small Slimes","floor":3,"turns":3},{"damage":13,"enemies":"Exordium Wildlife","floor":4,"turns":2},{"damage":11,"enemies":"Exordium Thugs","floor":5,"turns":5},{"damage":20,"enemies":"3 Sentries","floor":7,"turns":7},{"damage":0,"enemies":"2 Fungi Beasts","floor":8,"turns":2},{"damage":0,"enemies":"Looter","floor":10,"turns":3},{"damage":0,"enemies":"Large Slime","floor":12,"turns":3},{"damage":0,"enemies":"3 Louse","floor":14,"turns":3},{"damage":39,"enemies":"Slime Boss","floor":16,"turns":6}],"seed_played":"-4715578661879544802","potions_obtained":[{"floor":1,"key":"SteroidPotion"},{"floor":3,"key":"Poison Potion"},{"floor":4,"key":"Weak Potion"},{"floor":5,"key":"Strength Potion"},{"floor":12,"key":"GamblersBrew"}],"is_trial":false,"path_per_floor":["M","M","M","M","M","R","E","M","T","M","R","M","?","M","R","B"],"character_chosen":"DEFECT","items_purchased":[],"campfire_rested":1,"item_purchase_floors":[],"current_hp_per_floor":[70,68,61,48,37,37,17,17,17,17,17,17,12,12,35,0],"gold":421,"neow_bonus":"TEN_PERCENT_HP_BONUS","is_prod":false,"is_daily":false,"chose_seed":false,"campfire_upgraded":2,"win_rate":0,"timestamp":1548184767,"path_taken":["M","M","?","M","M","R","E","M","T","M","R","M","?","M","R","BOSS"],"build_version":"2019-01-17v2","purchased_purges":0,"victory":false,"max_hp_per_floor":[78,78,78,78,78,78,78,78,78,78,78,78,78,78,78,78],"card_choices":[{"not_picked":["Compile Driver","Hello World"],"picked":"Doom and Gloom","floor":1},{"not_picked":["Barrage","Leap"],"picked":"Recycle","floor":2},{"not_picked":["Turbo","Darkness"],"picked":"Auto Shields","floor":3},{"not_picked":["Turbo","Streamline"],"picked":"Ball Lightning","floor":4},{"not_picked":["Turbo","Steam"],"picked":"Compile Driver","floor":5},{"not_picked":["Auto Shields","Go for the Eyes"],"picked":"Sunder","floor":7},{"not_picked":["Darkness","Reprogram"],"picked":"Reinforced Body","floor":8},{"not_picked":["Conserve Battery","Sweeping Beam","Consume"],"picked":"SKIP","floor":10},{"not_picked":["Reprogram","Redo"],"picked":"Compile Driver","floor":12},{"not_picked":["Turbo","Streamline"],"picked":"Cold Snap","floor":14}],"player_experience":1349038,"relics_obtained":[{"floor":7,"key":"MawBank"},{"floor":9,"key":"Juzu Bracelet"}],"event_choices":[{"damage_healed":0,"gold_gain":0,"player_choice":"Success","damage_taken":5,"relics_obtained":["Bronze Scales"],"max_hp_gain":0,"max_hp_loss":0,"event_name":"Scrap Ooze","floor":13,"gold_loss":0}],"is_beta":false,"boss_relics":[],"items_purged_floors":[],"is_endless":false,"potions_floor_spawned":[1,3,4,5,12,14],"killed_by":"Slime Boss","ascension_level":20}