{"gold_per_floor":[110,120,120,17,17,17,51,51,106,136,150,161,172,35,35,35],"floor_reached":16,"playtime":522,"items_purged":["Strike_G","Strike_G"],"score":270,"play_id":"77ddc2e0-6cfd-4492-8391-08b960a2bb2c","local_time":"20190712141950","is_ascension_mode":true,"campfire_choices":[{"data":"Deadly Poison","floor":6,"key":"SMITH"},{"data":"Dash","floor":8,"key":"SMITH"},{"data":"All Out Attack","floor":15,"key":"SMITH"}],"neow_cost":"NONE","seed_source_timestamp":246330036623414,"circlet_count":0,"master_deck":["AscendersBane","Strike_G","Defend_G","Defend_G","Defend_G","Defend_G","Defend_G","Survivor","Neutralize","Dash+1","Footwork","Deadly Poison+1","Unload","All Out Attack+1","Noxious Fumes"],"relics":["Ring of the Snake","NeowsBlessing","Dodecahedron","Ancient Tea Set","Pen Nib"],"potions_floor_usage":[12,16],"damage_taken":[{"damage":0,"enemies":"Cultist","floor":1,"turns":1},{"damage":0,"enemies":"Small Slimes","floor":2,"turns":1},{"damage":0,"enemies":"Gremlin Nob","floor":7,"turns":1},{"damage":17,"enemies":"3 Sentries","floor":10,"turns":13},{"damage":0,"enemies":"2 Louse","floor":11,"turns":2},{"damage":0,"enemies":"Lots of Slimes","floor":12,"turns":4},{"damage":0,"enemies":"2 Fungi Beasts","floor":13,"turns":2},{"damage":41,"enemies":"Slime Boss","floor":16,"turns":8}],"seed_played":"8470076172465212237","potions_obtained":[{"floor":1,"key":"LiquidBronze"},{"floor":11,"key":"Explosive Potion"},{"floor":12,"key":"Fruit Juice"}],"is_trial":false,"path_per_floor":["M","M","?","$","?","R","E","R","T","E","M","M","M","$","R","B"],"character_chosen":"THE_SILENT","items_purchased":["Deadly Poison","Noxious Fumes"],"campfire_rested":0,"item_purchase_floors":[4,14],"current_hp_per_floor":[59,59,52,52,52,52,52,52,52,35,35,40,40,40,40,0],"gold":35,"neow_bonus":"THREE_ENEMY_KILL","is_prod":false,"is_daily":false,"chose_seed":false,"campfire_upgraded":3,"win_rate":0,"timestamp":1562955590,"path_taken":["M","M","?","$","?","R","E","R","T","E","M","M","?","$","R","BOSS"],"build_version":"2019-07-05","purchased_purges":2,"victory":false,"max_hp_per_floor":[66,66,66,66,66,66,66,66,66,66,66,71,71,71,71,71],"card_choices":[{"not_picked":["Flying Knee","Accuracy"],"picked":"Dash","floor":1},{"not_picked":["Expertise","Prepared"],"picked":"Footwork","floor":2},{"not_picked":["Acrobatics","Expertise"],"picked":"Unload","floor":7},{"not_picked":["Blur","Bane","Cloak And Dagger"],"picked":"SKIP","floor":10},{"not_picked":["Acrobatics","Footwork"],"picked":"All Out Attack","floor":11},{"not_picked":["Setup","Cloak And Dagger","Bane"],"picked":"SKIP","floor":12},{"not_picked":["Dagger Spray","Slice","Accuracy"],"picked":"SKIP","floor":13}],"player_experience":1474485,"relics_obtained":[{"floor":7,"key":"Dodecahedron"},{"floor":9,"key":"Ancient Tea Set"},{"floor":10,"key":"Pen Nib"}],"event_choices":[{"cards_removed":["Strike_G"],"damage_healed":0,"gold_gain":0,"player_choice":"Card Removal","damage_taken":7,"max_hp_gain":0,"max_hp_loss":0,"event_name":"Golden Wing","floor":3,"gold_loss":0},{"cards_removed":["Strike_G"],"damage_healed":0,"gold_gain":0,"player_choice":"Purged","damage_taken":0,"max_hp_gain":0,"max_hp_loss":0,"event_name":"Purifier","floor":5,"gold_loss":0}],"is_beta":false,"boss_relics":[],"items_purged_floors":[4,14],"is_endless":false,"potions_floor_spawned":[1,11,12],"killed_by":"Slime Boss","ascension_level":20}