{"gold_per_floor":[110,185,110,128,128,159,172,172,196,230,14,30,30,64,76,159,171,202,234,130,142,142,168,28,41,68,68,68,68,97,97],"floor_reached":31,"playtime":1232,"items_purged":["Strike_B","Writhe"],"score":553,"play_id":"9c54a12b-ce24-43d2-8718-9b9f8317d758","local_time":"20181212144838","is_ascension_mode":true,"campfire_choices":[{"data":"Zap","floor":8,"key":"SMITH"},{"data":"Darkness","floor":13,"key":"SMITH"},{"data":"Coolheaded","floor":15,"key":"SMITH"},{"data":"Coolheaded","floor":29,"key":"SMITH"}],"neow_cost":"NONE","seed_source_timestamp":80298546936252,"circlet_count":0,"master_deck":["AscendersBane","Strike_B","Strike_B","Defend_B","Defend_B","Defend_B","Defend_B","Zap+1","Dualcast","Leap","Coolheaded+1","Darkness+1","Coolheaded+1","Ball Lightning","Cold Snap","Sweeping Beam","Electrodynamics","Hologram+1","White Noise","FTL","Compile Driver","Glacier"],"relics":["Cracked Core","NeowsBlessing","Centennial Puzzle","Oddly Smooth Stone","Ancient Tea Set","Lee\u0027s Waffle","MawBank","Coffee Dripper","Orichalcum","Regal Pillow","PreservedInsect","Vajra"],"potions_floor_usage":[10,10,14,16,23],"damage_taken":[{"damage":0,"enemies":"2 Louse","floor":1,"turns":1},{"damage":0,"enemies":"Small Slimes","floor":4,"turns":1},{"damage":0,"enemies":"3 Sentries","floor":6,"turns":1},{"damage":3,"enemies":"Jaw Worm","floor":7,"turns":5},{"damage":16,"enemies":"Gremlin Nob","floor":10,"turns":3},{"damage":4,"enemies":"Lots of Slimes","floor":12,"turns":3},{"damage":10,"enemies":"3 Sentries","floor":14,"turns":7},{"damage":43,"enemies":"Hexaghost","floor":16,"turns":12},{"damage":7,"enemies":"2 Thieves","floor":18,"turns":3},{"damage":0,"enemies":"Shell Parasite","floor":19,"turns":5},{"damage":0,"enemies":"Snecko","floor":21,"turns":7},{"damage":42,"enemies":"Slavers","floor":23,"turns":5},{"damage":14,"enemies":"Snake Plant","floor":25,"turns":3},{"damage":4,"enemies":"Gremlin Leader","floor":30,"turns":5},{"damage":3,"enemies":"Sentry and Sphere","floor":31,"turns":5}],"seed_played":"-4035060970808503963","potions_obtained":[{"floor":6,"key":"Fire Potion"},{"floor":7,"key":"SkillPotion"},{"floor":12,"key":"Block Potion"},{"floor":14,"key":"Poison Potion"},{"floor":16,"key":"PowerPotion"}],"is_trial":false,"path_per_floor":["M","?","?","M","?","E","M","R","T","E","$","M","R","E","R","B",null,"M","M","$","M","?","E","$","M","T","?","?","R","E","M"],"character_chosen":"DEFECT","items_purchased":["Lee\u0027s Waffle","Cold Snap","White Noise","FTL"],"campfire_rested":0,"item_purchase_floors":[11,11,20,24],"current_hp_per_floor":[64,53,53,53,58,58,55,55,55,39,83,79,79,69,69,26,69,62,62,62,62,62,20,20,6,6,6,6,6,2,0],"gold":97,"neow_bonus":"THREE_ENEMY_KILL","is_prod":false,"is_daily":false,"chose_seed":false,"campfire_upgraded":4,"win_rate":0,"timestamp":1544644118,"path_taken":["M","?","?","M","?","E","?","R","T","E","?","M","R","E","R","BOSS","M","M","$","M","?","E","$","M","T","?","?","R","E","M"],"build_version":"2018-12-06","purchased_purges":2,"victory":false,"max_hp_per_floor":[71,71,71,71,76,76,76,76,76,76,83,83,83,83,83,83,83,83,83,83,83,83,83,83,83,83,83,83,83,83,83],"card_choices":[{"not_picked":["Capacitor","Rip and Tear"],"picked":"Leap","floor":1},{"not_picked":["Undo","Conserve Battery"],"picked":"Coolheaded","floor":4},{"not_picked":["Reprogram","Reboot"],"picked":"Darkness","floor":6},{"not_picked":["Self Repair","Steam"],"picked":"Coolheaded","floor":7},{"not_picked":["Sweeping Beam","Rebound"],"picked":"Ball Lightning","floor":10},{"not_picked":["Redo","Aggregate"],"picked":"Sweeping Beam","floor":12},{"not_picked":["Streamline","Reinforced Body","Steam Power"],"picked":"SKIP","floor":14},{"not_picked":["Fission","Buffer"],"picked":"Electrodynamics","floor":16},{"not_picked":["Reprogram","Steam"],"picked":"Hologram","floor":18},{"not_picked":["Chill","Conserve Battery","Turbo"],"picked":"SKIP","floor":19},{"not_picked":["Streamline","Doom and Gloom","Heatsinks+1"],"picked":"SKIP","floor":21},{"not_picked":["Storm","Scrape","Steam"],"picked":"SKIP","floor":23},{"not_picked":["Barrage","Go for the Eyes"],"picked":"Compile Driver","floor":25},{"not_picked":["Stack","Steam","Barrage"],"picked":"SKIP","floor":30}],"player_experience":1269184,"relics_obtained":[{"floor":6,"key":"Centennial Puzzle"},{"floor":9,"key":"Oddly Smooth Stone"},{"floor":10,"key":"Ancient Tea Set"},{"floor":14,"key":"MawBank"},{"floor":23,"key":"Regal Pillow"},{"floor":26,"key":"PreservedInsect"},{"floor":30,"key":"Vajra"}],"event_choices":[{"damage_healed":0,"gold_gain":75,"player_choice":"Gather Gold","damage_taken":11,"max_hp_gain":0,"max_hp_loss":0,"event_name":"World of Goop","floor":2,"gold_loss":0},{"cards_removed":["Strike_B"],"damage_healed":0,"gold_gain":0,"player_choice":"Card Removal","damage_taken":0,"max_hp_gain":0,"max_hp_loss":0,"event_name":"The Cleric","floor":3,"gold_loss":75},{"damage_healed":0,"gold_gain":0,"player_choice":"Donut","damage_taken":0,"max_hp_gain":5,"max_hp_loss":0,"event_name":"Big Fish","floor":5,"gold_loss":0},{"damage_healed":0,"gold_gain":0,"player_choice":"Opened","damage_taken":0,"relics_obtained":["Orichalcum"],"max_hp_gain":0,"max_hp_loss":0,"event_name":"The Mausoleum","floor":22,"gold_loss":0,"cards_obtained":["Writhe"]},{"damage_healed":0,"gold_gain":0,"player_choice":"Read","damage_taken":0,"max_hp_gain":0,"max_hp_loss":0,"event_name":"The Library","floor":27,"gold_loss":0,"cards_obtained":["Glacier"]},{"damage_healed":0,"gold_gain":0,"player_choice":"Upgraded","damage_taken":0,"max_hp_gain":0,"max_hp_loss":0,"event_name":"Upgrade Shrine","floor":28,"gold_loss":0,"cards_upgraded":["Hologram"]}],"is_beta":false,"boss_relics":[{"not_picked":["Busted Crown","Black Star"],"picked":"Coffee Dripper"}],"items_purged_floors":[20,24],"is_endless":false,"potions_floor_spawned":[6,7,12,14,16],"killed_by":"Sentry and Sphere","ascension_level":15}