{"gold_per_floor":[111,127,52,26,26,26,26,26,26,58,76,95,125,125],"floor_reached":14,"playtime":509,"items_purged":[],"score":196,"play_id":"4905b704-f3a7-43ac-98ac-5987a86d1d10","local_time":"20181122223454","is_ascension_mode":true,"campfire_choices":[{"data":"Bash","floor":6.0,"key":"SMITH"},{"data":"Spot Weakness","floor":8.0,"key":"SMITH"}],"neow_cost":"NONE","seed_source_timestamp":0,"circlet_count":0,"master_deck":["AscendersBane","Strike_R","Strike_R+1","Strike_R","Strike_R","Defend_R","Defend_R+1","Defend_R","Defend_R+1","Bash+1","Spot Weakness+1","Spot Weakness+1","Twin Strike","Cleave","Havoc","Dropkick","Thunderclap"],"special_seed":0,"relics":["Burning Blood","War Paint","Mummified Hand","Potion Belt","Sundial"],"potions_floor_usage":[14],"damage_taken":[{"damage":14.0,"enemies":"2 Louse","floor":1.0,"turns":3.0},{"damage":0.0,"enemies":"Jaw Worm","floor":2.0,"turns":3.0},{"damage":9.0,"enemies":"3 Sentries","floor":10.0,"turns":8.0},{"damage":3.0,"enemies":"Small Slimes","floor":11.0,"turns":3.0},{"damage":9,"enemies":"Looter","floor":12,"turns":4},{"damage":32,"enemies":"Lagavulin","floor":13,"turns":5},{"damage":21,"enemies":"Gremlin Gang","floor":14,"turns":3}],"seed_played":"-588666941893647498","potions_obtained":[{"floor":2.0,"key":"PowerPotion"},{"floor":10.0,"key":"FearPotion"}],"is_trial":false,"path_per_floor":["M","M","?","$","?","R","?","R","T","E","M","M","E","M"],"character_chosen":"IRONCLAD","items_purchased":["Twin Strike"],"campfire_rested":0,"item_purchase_floors":[4],"current_hp_per_floor":[60,66,66,66,66,66,43,43,43,40,43,40,14,0],"gold":125,"neow_bonus":"RANDOM_COMMON_RELIC","is_prod":false,"is_daily":false,"chose_seed":false,"campfire_upgraded":2,"win_rate":0,"timestamp":1542944094,"path_taken":["M","M","?","$","?","R","?","R","T","E","M","M","E","M"],"build_version":"2018-11-15","purchased_purges":0,"victory":false,"max_hp_per_floor":[75,75,75,75,75,75,75,75,75,75,75,75,75,75],"card_choices":[{"not_picked":["Wild Strike","Metallicize"],"picked":"Spot Weakness","floor":1.0},{"not_picked":["Perfected Strike","Corruption"],"picked":"Spot Weakness","floor":2.0},{"not_picked":["Seeing Red","Clash"],"picked":"Cleave","floor":10.0},{"not_picked":["Bloodletting","Power Through"],"picked":"Havoc","floor":11.0},{"not_picked":["Uppercut","Perfected Strike"],"picked":"Dropkick","floor":12},{"not_picked":["Bloodletting","Corruption"],"picked":"Thunderclap","floor":13}],"player_experience":1140962,"relics_obtained":[{"floor":9.0,"key":"Mummified Hand"},{"floor":10.0,"key":"Potion Belt"},{"floor":13,"key":"Sundial"}],"event_choices":[{"cards_removed":["Strike_R"],"damage_healed":0.0,"max_hp_gain":0.0,"max_hp_loss":0.0,"gold_gain":0.0,"event_name":"The Cleric","player_choice":"Card Removal","floor":3.0,"gold_loss":75.0,"damage_taken":0.0},{"damage_healed":0.0,"max_hp_gain":0.0,"max_hp_loss":0.0,"gold_gain":0.0,"event_name":"Liars Game","player_choice":"Ignored","floor":5.0,"gold_loss":0.0,"damage_taken":0.0},{"damage_healed":0.0,"max_hp_gain":0.0,"max_hp_loss":0.0,"gold_gain":0.0,"event_name":"Shining Light","player_choice":"Entered Light","floor":7.0,"gold_loss":0.0,"damage_taken":23.0,"cards_upgraded":["Strike_R","Spot Weakness"]}],"is_beta":false,"boss_relics":[],"items_purged_floors":[],"is_endless":false,"potions_floor_spawned":[2,10],"killed_by":"Gremlin Gang","ascension_level":20}