{"gold_per_floor":[110,110,15,35,46,46,74,74,142,142,167,177,195,229,229,333,333,352,352,352,364,380,380,397,397,397,397,397,416,430,447,447,542,542,552,564,564,157,175,205,205,205,205,205,2,13,13,13,13,13],"floor_reached":50,"playtime":2531,"items_purged":[],"score":813,"play_id":"792e7689-811e-4cce-b1d2-2dd3cdb8d056","local_time":"20190513202609","is_ascension_mode":true,"campfire_choices":[{"data":"Mind Blast","floor":6,"key":"SMITH"},{"floor":8,"key":"REST"},{"floor":15,"key":"REST"},{"floor":23,"key":"REST"},{"floor":25,"key":"REST"},{"floor":27,"key":"REST"},{"data":"Defragment","floor":32,"key":"SMITH"},{"floor":41,"key":"REST"},{"floor":42,"key":"REST"},{"floor":44,"key":"RECALL"},{"floor":49,"key":"REST"}],"neow_cost":"NONE","seed_source_timestamp":43786033913575,"circlet_count":0,"master_deck":["AscendersBane","Strike_B+1","Strike_B+1","Defend_B+1","Defend_B+1","Defend_B+1","Defend_B+1","Zap+1","Dualcast","Ball Lightning","Mind Blast+1","Conserve Battery","Reboot","Leap","Beam Cell+1","Cold Snap+1","Leap","Defragment+1","Creative AI","Glacier","Machine Learning","Loop","Rebound+1","Loop","Sweeping Beam+1","Doom and Gloom+1","Cold Snap+1","Self Repair+1","Multi-Cast","Beam Cell+1","Skim+1","Cold Snap+1","White Noise+1","Cold Snap+1","Rebound+1","Stack","Self Repair","Storm+1"],"relics":["Cracked Core","Blood Vial","Molten Egg 2","Juzu Bracelet","Mercury Hourglass","Snecko Eye","Kunai","Nilry\u0027s Codex","Inserter","Bag of Preparation","Sling","WingedGreaves","CultistMask"],"potions_floor_usage":[12,14,22,33,40,40],"damage_taken":[{"damage":7,"enemies":"Small Slimes","floor":1,"turns":3},{"damage":7,"enemies":"Jaw Worm","floor":4,"turns":2},{"damage":8,"enemies":"2 Louse","floor":5,"turns":3},{"damage":25,"enemies":"Gremlin Nob","floor":7,"turns":4},{"damage":8,"enemies":"Lagavulin","floor":11,"turns":6},{"damage":0,"enemies":"Gremlin Gang","floor":12,"turns":3},{"damage":6,"enemies":"Red Slaver","floor":13,"turns":2},{"damage":9,"enemies":"3 Sentries","floor":14,"turns":4},{"damage":30,"enemies":"Slime Boss","floor":16,"turns":9},{"damage":35,"enemies":"3 Byrds","floor":18,"turns":4},{"damage":12,"enemies":"Shell Parasite","floor":21,"turns":7},{"damage":14,"enemies":"Snake Plant","floor":22,"turns":5},{"damage":24,"enemies":"Sentry and Sphere","floor":24,"turns":5},{"damage":5,"enemies":"Chosen and Byrds","floor":29,"turns":5},{"damage":3,"enemies":"Centurion and Healer","floor":30,"turns":5},{"damage":0,"enemies":"Snecko","floor":31,"turns":3},{"damage":1,"enemies":"Automaton","floor":33,"turns":10},{"damage":24,"enemies":"Orb Walker","floor":35,"turns":4},{"damage":55,"enemies":"3 Darklings","floor":36,"turns":7},{"damage":2,"enemies":"4 Shapes","floor":39,"turns":4},{"damage":1,"enemies":"Nemesis","floor":40,"turns":9},{"damage":20,"enemies":"Sphere and 2 Shapes","floor":46,"turns":5},{"damage":81,"enemies":"Awakened One","floor":50,"turns":3}],"seed_played":"8607482692774230691","potions_obtained":[{"floor":7,"key":"Fire Potion"},{"floor":12,"key":"Explosive Potion"},{"floor":13,"key":"FearPotion"},{"floor":16,"key":"SkillPotion"},{"floor":22,"key":"SpeedPotion"},{"floor":24,"key":"Dexterity Potion"},{"floor":33,"key":"FearPotion"},{"floor":39,"key":"GamblersBrew"},{"floor":46,"key":"FearPotion"}],"is_trial":false,"path_per_floor":["M","?","$","M","M","R","E","R","T","?","E","M","M","E","R","B",null,"M","?","?","M","M","R","M","R","T","R","?","M","M","M","R","B",null,"M","M","?","$","M","E","R","R","T","R","$","M","?","$","R","B"],"character_chosen":"DEFECT","items_purchased":["Mind Blast","Bag of Preparation","Swift Potion","Sling","Cold Snap+1","Rebound+1","Stack","Self Repair"],"campfire_rested":8,"item_purchase_floors":[3,38,38,38,45,45,45,45],"current_hp_per_floor":[61,66,66,59,51,51,26,50,50,34,28,30,26,19,43,15,64,31,31,31,21,9,33,11,35,35,59,43,40,39,41,41,52,73,61,8,8,8,18,19,43,67,67,67,67,49,49,49,73,0],"gold":13,"neow_bonus":"UPGRADE_CARD","is_prod":false,"is_daily":false,"chose_seed":false,"campfire_upgraded":2,"win_rate":0,"timestamp":1557793569,"path_taken":["M","?","$","M","M","R","E","R","T","?","E","M","M","E","R","BOSS","M","?","?","M","M","R","M","R","T","R","?","M","M","M","R","BOSS","M","M","?","$","M","E","R","R","T","R","$","M","?","?","R","BOSS"],"build_version":"2019-01-23","purchased_purges":0,"victory":false,"max_hp_per_floor":[75,80,80,80,80,80,80,80,80,80,80,80,80,80,80,80,80,80,80,80,80,80,80,80,80,80,80,80,80,80,80,80,80,80,80,80,80,80,80,80,80,80,80,80,80,80,80,80,80,80],"card_choices":[{"not_picked":["Gash","Undo"],"picked":"Ball Lightning","floor":1},{"not_picked":["Gash","Turbo"],"picked":"Conserve Battery","floor":4},{"not_picked":["Melter","Skim"],"picked":"Reboot","floor":5},{"not_picked":["Reprogram","Undo"],"picked":"Leap","floor":7},{"not_picked":["Steam Power","Consume"],"picked":"Beam Cell+1","floor":11},{"not_picked":["Compile Driver+1","Undo"],"picked":"Cold Snap+1","floor":12},{"not_picked":["Turbo","Compile Driver+1"],"picked":"Leap","floor":13},{"not_picked":["Tempest","Conserve Battery"],"picked":"Defragment","floor":14},{"not_picked":["Seek","Multi-Cast"],"picked":"Creative AI","floor":16},{"not_picked":["Turbo","Ball Lightning+1"],"picked":"Glacier","floor":18},{"not_picked":["Gash+1","Coolheaded"],"picked":"Rebound+1","floor":21},{"not_picked":["Aggregate+1","Static Discharge"],"picked":"Loop","floor":22},{"not_picked":["Coolheaded","Storm+1"],"picked":"Sweeping Beam+1","floor":24},{"not_picked":["Rebound+1","Ball Lightning+1"],"picked":"Doom and Gloom+1","floor":29},{"not_picked":["Rip and Tear+1","Turbo"],"picked":"Cold Snap+1","floor":30},{"not_picked":["Sweeping Beam+1","FTL+1"],"picked":"Self Repair+1","floor":31},{"not_picked":["Machine Learning","Creative AI"],"picked":"Multi-Cast","floor":33},{"not_picked":["Scrape+1","Stack"],"picked":"Beam Cell+1","floor":35},{"not_picked":["FTL+1","Go for the Eyes+1"],"picked":"Skim+1","floor":36},{"not_picked":["Ball Lightning+1","Lockon+1"],"picked":"Cold Snap+1","floor":39},{"not_picked":["Recycle+1","Reprogram+1"],"picked":"White Noise+1","floor":40},{"not_picked":["Rip and Tear+1","Reinforced Body"],"picked":"Storm+1","floor":46}],"player_experience":316861,"relics_obtained":[{"floor":7,"key":"Blood Vial"},{"floor":9,"key":"Molten Egg 2"},{"floor":11,"key":"Juzu Bracelet"},{"floor":14,"key":"Mercury Hourglass"},{"floor":26,"key":"Kunai"},{"floor":28,"key":"Nilry\u0027s Codex"},{"floor":40,"key":"WingedGreaves"}],"event_choices":[{"damage_healed":0,"gold_gain":0,"player_choice":"Donut","damage_taken":0,"max_hp_gain":5,"max_hp_loss":0,"event_name":"Big Fish","floor":2,"gold_loss":0},{"damage_healed":0,"gold_gain":0,"player_choice":"Entered Light","damage_taken":16,"max_hp_gain":0,"max_hp_loss":0,"event_name":"Shining Light","floor":10,"gold_loss":0,"cards_upgraded":["Defend_B","Defend_B"]},{"damage_healed":0,"gold_gain":0,"cards_transformed":["Strike_B","Strike_B"],"player_choice":"Became Test Subject","damage_taken":0,"max_hp_gain":0,"max_hp_loss":0,"event_name":"Drug Dealer","floor":19,"gold_loss":0,"cards_obtained":["Machine Learning","Loop"]},{"damage_healed":0,"gold_gain":0,"player_choice":"Simplicity","damage_taken":0,"max_hp_gain":0,"max_hp_loss":0,"event_name":"Back to Basics","floor":20,"gold_loss":0,"cards_upgraded":["Strike_B","Strike_B","Defend_B","Defend_B"]},{"damage_healed":0,"gold_gain":0,"player_choice":"Obtained Book","damage_taken":16,"max_hp_gain":0,"max_hp_loss":0,"event_name":"Cursed Tome","floor":28,"gold_loss":0},{"damage_healed":0,"gold_gain":0,"player_choice":"Ignored","damage_taken":0,"max_hp_gain":0,"max_hp_loss":0,"event_name":"SecretPortal","floor":37,"gold_loss":0},{"damage_healed":0,"gold_gain":0,"player_choice":"Trade","damage_taken":0,"relics_obtained":["CultistMask"],"max_hp_gain":0,"max_hp_loss":0,"event_name":"FaceTrader","floor":47,"gold_loss":0}],"is_beta":false,"boss_relics":[{"not_picked":["Coffee Dripper","Runic Dome"],"picked":"Snecko Eye"},{"not_picked":["Lizard Tail","Empty Cage"],"picked":"Inserter"}],"items_purged_floors":[],"is_endless":false,"potions_floor_spawned":[7,12,13,16,18,22,24,33,39,46],"killed_by":"Awakened One","ascension_level":11}