{"gold_per_floor":[130,152,164,200,226,251,263,450,489,519,531,543,555,567,579,591],"floor_reached":16,"playtime":540,"items_purged":[],"score":138,"play_id":"c2bf0e19-002a-4fc2-ac2f-c3f0ef5395be","local_time":"20190602200831","is_ascension_mode":true,"campfire_choices":[{"data":"Neutralize","floor":7,"key":"SMITH"},{"floor":12,"key":"REST"},{"data":"Dash","floor":15,"key":"SMITH"}],"neow_cost":"NONE","seed_source_timestamp":130000173787172,"circlet_count":0,"master_deck":["Defend_G","Defend_G","Defend_G","Defend_G","Defend_G","Strike_G","Strike_G","Strike_G","Strike_G","Strike_G","Survivor","Neutralize+1","Dash+1","Catalyst","Injury","Dagger Throw","Deflect","PiercingWail","Catalyst"],"relics":["Ring of the Snake","MawBank","Golden Idol","Bag of Preparation"],"potions_floor_usage":[10,13],"damage_taken":[{"damage":10,"enemies":"Jaw Worm","floor":1,"turns":6},{"damage":1,"enemies":"Small Slimes","floor":2,"turns":4},{"damage":0,"enemies":"2 Louse","floor":4,"turns":2},{"damage":2,"enemies":"2 Fungi Beasts","floor":5,"turns":5},{"damage":7,"enemies":"Blue Slaver","floor":6,"turns":5},{"damage":4,"enemies":"3 Louse","floor":10,"turns":4},{"damage":2,"enemies":"3 Sentries","floor":13,"turns":2},{"damage":64,"enemies":"Hexaghost","floor":16,"turns":15}],"seed_played":"5382734250682599597","potions_obtained":[{"floor":1,"key":"SmokeBomb"},{"floor":6,"key":"Energy Potion"}],"is_trial":false,"path_per_floor":["M","M","?","M","M","M","R","?","T","M","?","R","E","?","R","B"],"character_chosen":"THE_SILENT","items_purchased":[],"campfire_rested":1,"item_purchase_floors":[],"current_hp_per_floor":[53,52,52,52,50,43,43,43,43,39,32,53,51,56,56,0],"gold":591,"neow_bonus":"RANDOM_COMMON_RELIC","is_prod":false,"is_daily":false,"chose_seed":false,"campfire_upgraded":2,"win_rate":0,"timestamp":1559520511,"path_taken":["M","M","?","M","M","M","R","?","T","M","?","R","E","?","R","BOSS"],"build_version":"2019-01-23","purchased_purges":0,"victory":false,"max_hp_per_floor":[70,70,70,70,70,70,70,70,70,70,70,70,70,75,75,75],"card_choices":[{"not_picked":["Calculated Gamble","Slice"],"picked":"Dash","floor":1},{"not_picked":["Blade Dance","Deadly Poison"],"picked":"Catalyst","floor":2},{"not_picked":["Acrobatics","Slice"],"picked":"Dagger Throw","floor":4},{"not_picked":["Bullet Time","Poisoned Stab"],"picked":"Deflect","floor":5},{"not_picked":["Heel Hook","Tactician"],"picked":"PiercingWail","floor":6},{"not_picked":["Predator","Dodge and Roll"],"picked":"Catalyst","floor":10}],"player_experience":370679,"relics_obtained":[{"floor":9,"key":"Bag of Preparation"}],"event_choices":[{"damage_healed":0,"gold_gain":0,"player_choice":"Take Wound","damage_taken":0,"relics_obtained":["Golden Idol"],"max_hp_gain":0,"max_hp_loss":0,"event_name":"Golden Idol","floor":3,"gold_loss":0,"cards_obtained":["Injury"]},{"damage_healed":0,"gold_gain":175,"player_choice":"AGREE","damage_taken":0,"max_hp_gain":0,"max_hp_loss":0,"event_name":"Liars Game","floor":8,"gold_loss":0,"cards_obtained":["Doubt"]},{"cards_removed":["Doubt"],"damage_healed":0,"gold_gain":0,"player_choice":"Card Removal","damage_taken":7,"max_hp_gain":0,"max_hp_loss":0,"event_name":"Golden Wing","floor":11,"gold_loss":0},{"damage_healed":0,"gold_gain":0,"player_choice":"Donut","damage_taken":0,"max_hp_gain":5,"max_hp_loss":0,"event_name":"Big Fish","floor":14,"gold_loss":0}],"is_beta":false,"boss_relics":[],"items_purged_floors":[],"is_endless":false,"potions_floor_spawned":[1,6,13],"killed_by":"Hexaghost","ascension_level":7}