{"gold_per_floor":[164,184,259,31,49,77,77,90,137,149,178,178,194,213,213,313,313,298,298,318,336,336,336,348,348,348,366,366,366,55,75,75,75],"floor_reached":33,"playtime":3528,"items_purged":[],"score":261,"play_id":"abed24bf-9906-478b-a4ac-8c88fa4dbbda","local_time":"20190707185824","is_ascension_mode":false,"campfire_choices":[{"floor":7,"key":"REST"},{"data":"Skewer","floor":12,"key":"SMITH"},{"data":"Adrenaline","floor":15,"key":"SMITH"},{"floor":23,"key":"REST"},{"data":"Doppelganger","floor":25,"key":"SMITH"},{"floor":28,"key":"REST"},{"data":"Transmutation","floor":32,"key":"SMITH"}],"neow_cost":"NONE","seed_source_timestamp":706757290874677,"circlet_count":0,"master_deck":["Strike_G+1","Strike_G+1","Strike_G+1","Strike_G+1","Strike_G+1","Defend_G+1","Defend_G+1","Defend_G+1","Defend_G+1","Defend_G+1","Survivor","Neutralize","Skewer+1","Footwork","Predator","After Image","Flechettes","Infinite Blades","Adrenaline+1","PiercingWail","Riddle With Holes","Blade Dance","Quick Slash","Doppelganger+1","Dash","Underhanded Strike","Skewer+1","Quick Slash","Transmutation+1","Calculated Gamble","Underhanded Strike+1"],"relics":["Tiny House","Bottled Tornado","PreservedInsect","Bronze Scales","HoveringKite","Centennial Puzzle"],"potions_floor_usage":[16,16,18,20,21,21,33,33,33],"damage_taken":[{"damage":0,"enemies":"Jaw Worm","floor":1,"turns":4},{"damage":7,"enemies":"2 Louse","floor":2,"turns":3},{"damage":0,"enemies":"Cultist","floor":5,"turns":4},{"damage":17,"enemies":"3 Sentries","floor":6,"turns":10},{"damage":1,"enemies":"Looter","floor":8,"turns":4},{"damage":5,"enemies":"Blue Slaver","floor":10,"turns":4},{"damage":1,"enemies":"Lagavulin","floor":11,"turns":7},{"damage":0,"enemies":"Large Slime","floor":13,"turns":4},{"damage":8,"enemies":"Exordium Thugs","floor":14,"turns":6},{"damage":40,"enemies":"The Guardian","floor":16,"turns":10},{"damage":20,"enemies":"2 Thieves","floor":18,"turns":5},{"damage":7,"enemies":"Spheric Guardian","floor":20,"turns":4},{"damage":2,"enemies":"Snecko","floor":21,"turns":6},{"damage":4,"enemies":"Centurion and Healer","floor":24,"turns":7},{"damage":13,"enemies":"Shelled Parasite and Fungi","floor":27,"turns":5},{"damage":7,"enemies":"Sentry and Sphere","floor":31,"turns":5},{"damage":95,"enemies":"Champ","floor":33,"turns":12}],"seed_played":"-7590198186388864327","potions_obtained":[{"floor":0,"key":"Weak Potion"},{"floor":1,"key":"Weak Potion"},{"floor":5,"key":"FearPotion"},{"floor":16,"key":"Weak Potion"},{"floor":18,"key":"EssenceOfSteel"},{"floor":19,"key":"Fruit Juice"},{"floor":21,"key":"Energy Potion"},{"floor":24,"key":"Fire Potion"},{"floor":31,"key":"Regen Potion"}],"is_trial":false,"path_per_floor":["M","M","?","$","M","E","R","M","T","M","E","R","M","M","R","B",null,"M","?","M","M","$","R","M","R","T","M","R","?","$","M","R","B"],"character_chosen":"THE_SILENT","items_purchased":["After Image","Flechettes","Quick Slash","Transmutation","Calculated Gamble"],"campfire_rested":3,"item_purchase_floors":[4,4,30,30,30],"current_hp_per_floor":[75,68,68,68,68,51,73,72,72,67,66,66,66,58,58,18,75,55,55,53,51,51,75,71,71,71,58,80,80,80,73,73,0],"gold":75,"neow_bonus":"BOSS_RELIC","is_prod":false,"is_daily":false,"chose_seed":false,"campfire_upgraded":4,"win_rate":0.0,"timestamp":1562543904,"path_taken":["M","M","?","$","M","E","R","M","T","M","E","R","M","M","R","BOSS","M","?","M","M","$","R","M","R","T","?","R","?","$","M","R","BOSS"],"build_version":"2019-07-05","purchased_purges":0,"victory":false,"max_hp_per_floor":[75,75,75,75,75,75,75,75,75,75,75,75,75,75,75,75,75,75,75,80,80,80,80,80,80,80,80,80,80,80,80,80,80],"card_choices":[{"not_picked":["Outmaneuver","Distraction"],"picked":"Skewer","floor":0},{"not_picked":["Dagger Throw","Catalyst"],"picked":"Footwork","floor":1},{"not_picked":["Caltrops","Underhanded Strike"],"picked":"Predator","floor":2},{"not_picked":["Acrobatics","Poisoned Stab"],"picked":"Infinite Blades","floor":5},{"not_picked":["Blur","Quick Slash"],"picked":"Adrenaline","floor":6},{"not_picked":["Infinite Blades","Slice","Dagger Throw"],"picked":"SKIP","floor":8},{"not_picked":["Poisoned Stab","Eviscerate"],"picked":"PiercingWail","floor":10},{"not_picked":["Tactician","Underhanded Strike"],"picked":"Riddle With Holes","floor":11},{"not_picked":["Bouncing Flask","Bane"],"picked":"Blade Dance","floor":13},{"not_picked":["Caltrops","Eviscerate"],"picked":"Quick Slash","floor":14},{"not_picked":["Venomology","Tools of the Trade"],"picked":"Doppelganger","floor":16},{"not_picked":["Backflip","All Out Attack+1"],"picked":"Dash","floor":18},{"not_picked":["Deadly Poison","Dodge and Roll"],"picked":"Underhanded Strike","floor":20},{"not_picked":["Deflect","Blade Dance","Caltrops"],"picked":"SKIP","floor":21},{"not_picked":["Bane","Prepared+1","Flying Knee"],"picked":"SKIP","floor":24},{"not_picked":["Footwork","Expertise"],"picked":"Skewer+1","floor":27},{"not_picked":["Flying Knee","Distraction"],"picked":"Underhanded Strike+1","floor":31}],"player_experience":33558,"relics_obtained":[{"floor":6,"key":"Bottled Tornado"},{"floor":9,"key":"PreservedInsect"},{"floor":11,"key":"Bronze Scales"},{"floor":26,"key":"Centennial Puzzle"}],"event_choices":[{"damage_healed":0,"gold_gain":75,"player_choice":"Gained Gold","damage_taken":0,"max_hp_gain":0,"max_hp_loss":0,"event_name":"Golden Wing","floor":3,"gold_loss":0},{"damage_healed":0,"gold_gain":0,"player_choice":"Got Potions","damage_taken":0,"max_hp_gain":0,"max_hp_loss":0,"event_name":"Lab","floor":19,"gold_loss":0},{"damage_healed":0,"gold_gain":0,"player_choice":"Simplicity","damage_taken":0,"max_hp_gain":0,"max_hp_loss":0,"event_name":"Back to Basics","floor":29,"gold_loss":0,"cards_upgraded":["Strike_G","Strike_G","Strike_G","Strike_G","Strike_G","Defend_G","Defend_G","Defend_G","Defend_G"]}],"is_beta":false,"boss_relics":[{"not_picked":["WristBlade","White Beast Statue"],"picked":"HoveringKite"}],"items_purged_floors":[],"is_endless":false,"potions_floor_spawned":[1,5,8,11,14,16,18,21,24,31],"killed_by":"Champ","ascension_level":0}