{"gold_per_floor":[116,136,61,61,61,93,93,104,104,104,130,53,53,66,66,161,161,172,192,17,32,32,44,44,44],"floor_reached":25,"playtime":1178,"items_purged":["Strike_R"],"score":327,"play_id":"df0b1ebf-2fff-4cc5-b858-59839f0fcf15","local_time":"20180820133317","is_ascension_mode":true,"campfire_choices":[{"data":"Bash","floor":7,"key":"SMITH"},{"data":"Metallicize","floor":10,"key":"SMITH"},{"data":"Dual Wield","floor":13,"key":"SMITH"},{"data":"Spot Weakness","floor":15,"key":"SMITH"},{"data":"Armaments","floor":24,"key":"SMITH"}],"neow_cost":"NONE","seed_source_timestamp":0,"circlet_count":0,"master_deck":["Strike_R","Strike_R","Strike_R","Strike_R","Defend_R","Defend_R","Defend_R","Defend_R","Bash+1","AscendersBane","Clothesline","Anger+1","Injury","Spot Weakness+1","Metallicize+1","Dual Wield+1","Shockwave","Shrug It Off","Offering","Evolve+1","Shrug It Off+1","Reaper","Armaments+1","Body Slam","Pommel Strike"],"special_seed":0,"relics":["Black Blood","Thread and Needle","Frozen Egg 2","Nloth\u0027s Gift"],"potions_floor_usage":[11,11,18],"damage_taken":[{"damage":0.0,"enemies":"Small Slimes","floor":1.0,"turns":3.0},{"damage":2.0,"enemies":"Jaw Worm","floor":2.0,"turns":3.0},{"damage":40,"enemies":"Gremlin Nob","floor":6,"turns":5},{"damage":2,"enemies":"2 Louse","floor":8,"turns":3},{"damage":18,"enemies":"3 Sentries","floor":11,"turns":7},{"damage":1,"enemies":"Gremlin Gang","floor":14,"turns":4},{"damage":9,"enemies":"The Guardian","floor":16,"turns":10},{"damage":17,"enemies":"Spheric Guardian","floor":18,"turns":6},{"damage":8,"enemies":"Shell Parasite","floor":19,"turns":4},{"damage":66,"enemies":"Centurion and Healer","floor":21,"turns":10},{"damage":31,"enemies":"Snake Plant","floor":23,"turns":5},{"damage":24,"enemies":"Slavers","floor":25,"turns":2}],"seed_played":"-3172237951177192118","potions_obtained":[{"floor":2.0,"key":"BloodPotion"},{"floor":8,"key":"Fire Potion"},{"floor":14,"key":"Ancient Potion"},{"floor":16,"key":"Poison Potion"}],"is_trial":false,"path_per_floor":["M","M","$","?","?","E","R","M","T","R","E","$","R","M","R","B",null,"M","M","$","M","?","M","R"],"character_chosen":"IRONCLAD","items_purchased":["Shockwave","Reaper","Armaments"],"campfire_rested":0,"item_purchase_floors":[12,20,20],"current_hp_per_floor":[86,88,88,93,93,59,59,63,63,63,60,60,60,65,65,62,85,78,80,80,44,44,24,24,0],"gold":44,"neow_bonus":"TEN_PERCENT_HP_BONUS","is_prod":false,"is_daily":false,"chose_seed":false,"campfire_upgraded":5,"win_rate":0,"timestamp":1534786397,"path_taken":["M","M","$","?","?","E","R","M","T","R","E","?","R","M","R","BOSS","M","M","$","M","?","M","R","E"],"build_version":"2018-08-16","purchased_purges":1,"victory":false,"max_hp_per_floor":[88,88,88,93,93,93,93,93,93,93,93,93,93,93,93,93,93,93,93,93,93,93,93,93,93],"card_choices":[{"not_picked":["Body Slam","Sword Boomerang"],"picked":"Clothesline","floor":1.0},{"not_picked":["Reckless Charge","Warcry"],"picked":"Anger","floor":2.0},{"not_picked":["Carnage","Corruption"],"picked":"Spot Weakness","floor":6},{"not_picked":["Bloodletting","Wild Strike"],"picked":"Metallicize","floor":8},{"not_picked":["Ghostly Armor","Fire Breathing+1"],"picked":"Dual Wield","floor":11},{"not_picked":["Battle Trance","Warcry"],"picked":"Shrug It Off","floor":14},{"not_picked":["Dark Embrace+1","Bludgeon"],"picked":"Offering","floor":16},{"not_picked":["Ghostly Armor","Corruption+1"],"picked":"Evolve+1","floor":18},{"not_picked":["Iron Wave","Warcry+1"],"picked":"Shrug It Off+1","floor":19},{"not_picked":["Sever Soul","Dual Wield"],"picked":"Body Slam","floor":21},{"not_picked":["Clothesline","Thunderclap"],"picked":"Pommel Strike","floor":23}],"player_experience":516110,"relics_obtained":[{"floor":6,"key":"Thread and Needle"},{"floor":9,"key":"Frozen Egg 2"},{"floor":11,"key":"Bag of Marbles"}],"event_choices":[{"event_name":"Big Fish","player_choice":"Donut","floor":4,"damage_taken":0},{"event_name":"Accursed Blacksmith","player_choice":"Forge","floor":5,"damage_taken":0},{"event_name":"N\u0027loth","player_choice":"Traded a Bag of Marbles","floor":22,"damage_taken":0}],"is_beta":false,"boss_relics":[{"not_picked":["Philosopher\u0027s Stone","Astrolabe"],"picked":"Black Blood"}],"items_purged_floors":[3],"is_endless":false,"potions_floor_spawned":[2,8,14,16],"killed_by":"Slavers","ascension_level":11}