{"gold_per_floor":[116,132,146,146,159,159,186,186,186,203,203,203,231,0,0,0],"floor_reached":16,"playtime":932,"items_purged":["Strike_B"],"score":165,"play_id":"2c571959-7b71-400b-93d3-e0c59b290f1e","local_time":"20190512203024","is_ascension_mode":true,"campfire_choices":[{"data":"Zap","floor":6,"key":"SMITH"},{"floor":8,"key":"REST"},{"data":"Beam Cell","floor":11,"key":"SMITH"},{"data":"Beam Cell","floor":15,"key":"SMITH"}],"neow_cost":"NONE","seed_source_timestamp":24181405671060,"circlet_count":0,"master_deck":["AscendersBane","Strike_B","Strike_B","Strike_B","Defend_B","Defend_B","Defend_B","Defend_B","Zap+1","Dualcast+1","Conserve Battery+1","Chill","Beam Cell+1","Beam Cell+1","Leap","Genetic Algorithm","Ball Lightning+1"],"relics":["Cracked Core","Potion Belt","Thread and Needle","Molten Egg 2","Dodecahedron","Oddly Smooth Stone"],"potions_floor_usage":[5,13,13,16,16,16,16],"damage_taken":[{"damage":2,"enemies":"Jaw Worm","floor":1,"turns":3},{"damage":3,"enemies":"Small Slimes","floor":2,"turns":4},{"damage":0,"enemies":"Cultist","floor":3,"turns":3},{"damage":0,"enemies":"Red Slaver","floor":5,"turns":3},{"damage":24,"enemies":"3 Sentries","floor":7,"turns":12},{"damage":0,"enemies":"2 Fungi Beasts","floor":10,"turns":3},{"damage":14,"enemies":"Lagavulin","floor":13,"turns":8},{"damage":47,"enemies":"Slime Boss","floor":16,"turns":7}],"seed_played":"8831052936769679041","potions_obtained":[{"floor":3,"key":"EssenceOfSteel"},{"floor":5,"key":"Weak Potion"},{"floor":7,"key":"Energy Potion"},{"floor":12,"key":"Swift Potion"},{"floor":12,"key":"SneckoOil"},{"floor":12,"key":"Fire Potion"},{"floor":13,"key":"SneckoOil"}],"is_trial":false,"path_per_floor":["M","M","M","?","M","R","E","R","T","M","R","?","E","$","R","B"],"character_chosen":"DEFECT","items_purchased":["Oddly Smooth Stone"],"campfire_rested":1,"item_purchase_floors":[14],"current_hp_per_floor":[66,63,63,48,48,48,24,46,46,46,46,46,32,32,32,0],"gold":0,"neow_bonus":"RANDOM_COMMON_RELIC","is_prod":false,"is_daily":false,"chose_seed":false,"campfire_upgraded":3,"win_rate":0,"timestamp":1557707424,"path_taken":["M","M","M","?","M","R","E","R","T","M","R","?","E","$","R","BOSS"],"build_version":"2019-01-23","purchased_purges":1,"victory":false,"max_hp_per_floor":[75,75,75,75,75,75,75,75,75,75,75,75,75,75,75,75],"card_choices":[{"not_picked":["Barrage","Blizzard"],"picked":"Conserve Battery","floor":1},{"not_picked":["Gash","Compile Driver"],"picked":"Chill","floor":2},{"not_picked":["Tempest","Rip and Tear"],"picked":"Beam Cell","floor":3},{"not_picked":["Rebound","Meteor Strike"],"picked":"Beam Cell","floor":5},{"not_picked":["Steam","Gash"],"picked":"Leap","floor":7},{"not_picked":["Compile Driver+1","Consume"],"picked":"Genetic Algorithm","floor":10},{"not_picked":["Genetic Algorithm","Lockon+1"],"picked":"Ball Lightning+1","floor":13}],"player_experience":308706,"relics_obtained":[{"floor":7,"key":"Thread and Needle"},{"floor":9,"key":"Molten Egg 2"},{"floor":13,"key":"Dodecahedron"}],"event_choices":[{"damage_healed":0,"gold_gain":0,"player_choice":"Entered Light","damage_taken":15,"max_hp_gain":0,"max_hp_loss":0,"event_name":"Shining Light","floor":4,"gold_loss":0,"cards_upgraded":["Dualcast","Conserve Battery"]},{"damage_healed":0,"gold_gain":0,"player_choice":"Got Potions","damage_taken":0,"max_hp_gain":0,"max_hp_loss":0,"event_name":"Lab","floor":12,"gold_loss":0}],"is_beta":false,"boss_relics":[],"items_purged_floors":[14],"is_endless":false,"potions_floor_spawned":[3,5,7,13],"killed_by":"Slime Boss","ascension_level":10}