{"gold_per_floor":[109,126,126,142,154,154,187,187,234,234,260,260,225,254,254,332,332,346,346,346,22,42,71,71,105,105,105,380,18,18,36,36,110,110,129,141,159,178,178,178,191,191,214,214,214,7,27,43,43,43,43],"floor_reached":51,"playtime":2683,"items_purged":["Pain","Normality"],"score":1456,"play_id":"0354e7df-ac5c-4211-ad50-2970008edc54","local_time":"20181026215601","is_ascension_mode":true,"campfire_choices":[{"floor":6.0,"key":"REST"},{"data":"Malaise","floor":8.0,"key":"SMITH"},{"data":"Deadly Poison","floor":10.0,"key":"SMITH"},{"data":"Cloak And Dagger","floor":12,"key":"SMITH"},{"data":"Blur","floor":15,"key":"SMITH"},{"data":"A Thousand Cuts","floor":24,"key":"SMITH"},{"data":"Corpse Explosion","floor":27,"key":"SMITH"},{"floor":30,"key":"REST"},{"data":"Well Laid Plans","floor":32,"key":"SMITH"},{"data":"Wraith Form v2","floor":40,"key":"SMITH"},{"data":"Noxious Fumes","floor":42,"key":"SMITH"},{"data":"Finisher","floor":44,"key":"SMITH"},{"data":"Endless Agony","floor":49,"key":"SMITH"}],"neow_cost":"PERCENT_DAMAGE","seed_source_timestamp":695606973337307,"circlet_count":0,"master_deck":["Survivor","Neutralize+1","AscendersBane","Deadly Poison+1","Backstab","Backstab","Cloak And Dagger+1","Malaise+1","Blur+1","Heel Hook","A Thousand Cuts+1","Endless Agony+1","Well Laid Plans+1","Acrobatics","Acrobatics+1","Corpse Explosion+1","Finisher+1","Wraith Form v2+1","Outmaneuver","Quick Slash","Slice","Dagger Spray","Quick Slash","Blur","Blur","Backflip","Endless Agony+1","Deadly Poison","Prepared+1","Noxious Fumes+1","Escape Plan","Sucker Punch+1","Finesse","Dodge and Roll+1"],"special_seed":0,"relics":["Ring of the Snake","Nunchaku","Letter Opener","Bronze Scales","Bag of Marbles","Pen Nib","Cursed Key","WarpedTongs","Centennial Puzzle","Omamori","Whetstone","PreservedInsect","Mercury Hourglass","Pantograph","Pandora\u0027s Box","Snake Skull"],"potions_floor_usage":[11,16,23,33,48,48,50],"damage_taken":[{"damage":1.0,"enemies":"2 Louse","floor":1.0,"turns":3.0},{"damage":0.0,"enemies":"Small Slimes","floor":2.0,"turns":5.0},{"damage":0.0,"enemies":"Jaw Worm","floor":4.0,"turns":3.0},{"damage":9.0,"enemies":"Red Slaver","floor":5.0,"turns":4.0},{"damage":7.0,"enemies":"Lagavulin","floor":7.0,"turns":6.0},{"damage":10,"enemies":"Gremlin Nob","floor":11,"turns":4},{"damage":4,"enemies":"Lagavulin","floor":14,"turns":6},{"damage":0,"enemies":"Hexaghost","floor":16,"turns":10},{"damage":0,"enemies":"2 Thieves","floor":18,"turns":3},{"damage":1,"enemies":"3 Byrds","floor":22,"turns":2},{"damage":10,"enemies":"Gremlin Leader","floor":23,"turns":5},{"damage":22,"enemies":"Book of Stabbing","floor":25,"turns":4},{"damage":0,"enemies":"3 Cultists","floor":31,"turns":2},{"damage":30,"enemies":"Collector","floor":33,"turns":7},{"damage":0,"enemies":"Orb Walker","floor":35,"turns":2},{"damage":0,"enemies":"3 Shapes","floor":36,"turns":2},{"damage":5,"enemies":"3 Darklings","floor":37,"turns":4},{"damage":6,"enemies":"Transient","floor":38,"turns":6},{"damage":0,"enemies":"4 Shapes","floor":41,"turns":4},{"damage":0,"enemies":"Sphere and 2 Shapes","floor":47,"turns":4},{"damage":0,"enemies":"Writhing Mass","floor":48,"turns":1},{"damage":32,"enemies":"Donu and Deca","floor":50,"turns":7},{"damage":86,"enemies":"Time Eater","floor":51,"turns":11}],"seed_played":"2710209985930728804","potions_obtained":[{"floor":4.0,"key":"Strength Potion"},{"floor":7.0,"key":"Explosive Potion"},{"floor":11,"key":"Explosive Potion"},{"floor":14,"key":"Swift Potion"},{"floor":16,"key":"Strength Potion"},{"floor":23,"key":"Fire Potion"},{"floor":31,"key":"Swift Potion"},{"floor":35,"key":"SmokeBomb"},{"floor":37,"key":"SteroidPotion"},{"floor":41,"key":"PowerPotion"},{"floor":48,"key":"PowerPotion"}],"is_trial":false,"path_per_floor":["M","M","?","M","M","R","E","R","T","R","E","R","?","E","R","B",null,"M","?","?","$","M","E","R","E","T","R","?","$","R","M","R","B",null,"M","M","M","M","?","R","M","R","T","R","T","$","M","M","R","B"],"character_chosen":"THE_SILENT","items_purchased":["Omamori","Well Laid Plans","Pantograph","Finisher","Finesse"],"campfire_rested":2,"item_purchase_floors":[21,21,29,29,46],"current_hp_per_floor":[43,43,23,23,14,33,26,26,26,26,16,16,32,28,28,28,57,57,57,57,57,56,46,46,24,24,24,24,24,43,43,43,36,59,59,59,54,48,48,48,48,48,48,48,48,48,48,48,48,34,0],"gold":43,"neow_bonus":"ONE_RARE_RELIC","is_prod":false,"is_daily":false,"chose_seed":false,"campfire_upgraded":11,"win_rate":0,"timestamp":1540605361,"path_taken":["M","M","?","M","M","R","E","R","T","R","E","R","?","E","R","BOSS","M","?","?","$","M","E","R","E","T","R","?","$","R","M","R","BOSS","M","M","M","?","?","R","?","R","T","R","?","?","M","M","R","BOSS","BOSS"],"build_version":"2018-10-25v2","purchased_purges":2,"victory":false,"max_hp_per_floor":[66,66,66,66,66,66,66,66,66,66,66,66,66,66,66,66,66,66,66,66,66,66,66,66,66,66,66,66,66,66,66,66,66,66,66,66,66,66,66,66,66,66,66,66,66,66,66,66,66,66,66],"card_choices":[{"not_picked":["Dagger Throw","Slice"],"picked":"Deadly Poison","floor":1.0},{"not_picked":["Flechettes","Reflex"],"picked":"Backstab","floor":2.0},{"not_picked":["Reflex","Outmaneuver"],"picked":"Backstab","floor":4.0},{"not_picked":["Quick Slash","Deflect"],"picked":"Cloak And Dagger","floor":5.0},{"not_picked":["Poisoned Stab","Crippling Poison"],"picked":"Malaise","floor":7.0},{"not_picked":["Flying Knee","Sucker Punch"],"picked":"Blur","floor":11},{"not_picked":["Deflect","All Out Attack"],"picked":"Heel Hook","floor":14},{"not_picked":["Grand Finale","Tools of the Trade"],"picked":"A Thousand Cuts","floor":16},{"not_picked":["Escape Plan","Tactician"],"picked":"Endless Agony+1","floor":18},{"not_picked":["Deflect","Distraction"],"picked":"Acrobatics","floor":22},{"not_picked":["PiercingWail","Tactician"],"picked":"Acrobatics+1","floor":23},{"not_picked":["Deadly Poison","Dodge and Roll"],"picked":"Corpse Explosion","floor":25},{"not_picked":["Eviscerate+1","Poisoned Stab","Tactician"],"picked":"SKIP","floor":31},{"not_picked":["Burst","Tools of the Trade"],"picked":"Wraith Form v2","floor":33},{"not_picked":["Cloak And Dagger","Sucker Punch"],"picked":"Prepared+1","floor":35},{"not_picked":["Blur+1","Flechettes","Prepared"],"picked":"SKIP","floor":36},{"not_picked":["Prepared+1","Slice"],"picked":"Noxious Fumes","floor":37},{"not_picked":["Backflip","Predator"],"picked":"Escape Plan","floor":38},{"not_picked":["All Out Attack","Backflip"],"picked":"Sucker Punch+1","floor":41},{"not_picked":["Infinite Blades+1","Finisher+1"],"picked":"Dodge and Roll+1","floor":47},{"not_picked":["Acrobatics","Bane","Flying Knee"],"picked":"SKIP","floor":48}],"player_experience":995090,"relics_obtained":[{"floor":7.0,"key":"Letter Opener"},{"floor":9.0,"key":"Bronze Scales"},{"floor":11,"key":"Bag of Marbles"},{"floor":14,"key":"Pen Nib"},{"floor":23,"key":"Whetstone"},{"floor":25,"key":"PreservedInsect"},{"floor":26,"key":"Mercury Hourglass"},{"floor":43,"key":"Snake Skull"}],"event_choices":[{"damage_healed":0.0,"max_hp_gain":0.0,"max_hp_loss":0.0,"gold_gain":0.0,"event_name":"Shining Light","player_choice":"Entered Light","floor":3.0,"gold_loss":0.0,"damage_taken":20.0,"cards_upgraded":["Defend_G","Neutralize"]},{"damage_healed":16,"gold_gain":0,"player_choice":"Healed","damage_taken":0,"max_hp_gain":0,"max_hp_loss":0,"event_name":"The Cleric","floor":13,"gold_loss":35},{"damage_healed":0,"gold_gain":0,"player_choice":"Rummage","damage_taken":0,"relics_obtained":["WarpedTongs"],"max_hp_gain":0,"max_hp_loss":0,"event_name":"Accursed Blacksmith","floor":19,"gold_loss":0,"cards_obtained":["Pain"]},{"damage_healed":0,"gold_gain":0,"player_choice":"Gave Potion","damage_taken":0,"relics_obtained":["Centennial Puzzle"],"max_hp_gain":0,"max_hp_loss":0,"event_name":"WeMeetAgain","floor":20,"gold_loss":0},{"damage_healed":0,"gold_gain":275,"player_choice":"Desecrate","damage_taken":0,"max_hp_gain":0,"max_hp_loss":0,"event_name":"Golden Shrine","floor":28,"gold_loss":0,"cards_obtained":["Regret"]},{"damage_healed":0,"gold_gain":0,"player_choice":"Ignored","damage_taken":0,"max_hp_gain":0,"max_hp_loss":0,"event_name":"Tomb of Lord Red Mask","floor":39,"gold_loss":0}],"is_beta":false,"boss_relics":[{"not_picked":["Ectoplasm","Lizard Tail"],"picked":"Cursed Key"},{"not_picked":["Philosopher\u0027s Stone","Velvet Choker"],"picked":"Pandora\u0027s Box"}],"items_purged_floors":[21,46],"is_endless":false,"potions_floor_spawned":[4,7,11,14,16,23,31,35,37,41,48],"killed_by":"Time Eater","ascension_level":20}