{"gold_per_floor":[169,169,169,90,90,90,7,27,27,27,58,72,72,97,97,227,227,246,49,67,67],"floor_reached":21,"playtime":1219,"items_purged":[],"score":202,"play_id":"53b96512-1f50-40a9-a03c-9700e92caabe","local_time":"20190709185444","is_ascension_mode":false,"campfire_choices":[{"floor":6,"key":"REST"},{"data":"Choke","floor":10,"key":"SMITH"},{"data":"Catalyst","floor":13,"key":"SMITH"},{"data":"Noxious Fumes","floor":15,"key":"SMITH"}],"neow_cost":"NONE","seed_source_timestamp":881684843295574,"circlet_count":0,"master_deck":["Strike_G+1","Strike_G","Strike_G","Strike_G","Strike_G","Defend_G","Defend_G","Defend_G","Defend_G","Defend_G","Survivor","Neutralize","Quick Slash","Choke+1","Predator","Infinite Blades","Blade Dance","Blur","Catalyst+1","Noxious Fumes+1","Corpse Explosion","Cloak And Dagger","Choke+1","Adrenaline"],"relics":["Tiny House","Golden Idol","Pear","Mercury Hourglass","Tough Bandages","Black Star","DollysMirror"],"potions_floor_usage":[16,16,21,21],"damage_taken":[{"damage":0,"enemies":"Small Slimes","floor":1,"turns":3},{"damage":3,"enemies":"Jaw Worm","floor":8,"turns":3},{"damage":18,"enemies":"Lagavulin","floor":11,"turns":5},{"damage":0,"enemies":"Cultist","floor":12,"turns":2},{"damage":4,"enemies":"Exordium Wildlife","floor":14,"turns":3},{"damage":30,"enemies":"Hexaghost","floor":16,"turns":7},{"damage":35,"enemies":"Shell Parasite","floor":18,"turns":7},{"damage":22,"enemies":"3 Byrds","floor":20,"turns":5},{"damage":46,"enemies":"Sentry and Sphere","floor":21,"turns":5}],"seed_played":"7610574374273073501","potions_obtained":[{"floor":0,"key":"Regen Potion"},{"floor":1,"key":"Swift Potion"},{"floor":11,"key":"FearPotion"},{"floor":18,"key":"Regen Potion"}],"is_trial":false,"path_per_floor":["M","?","?","$","?","R","$","M","T","R","E","M","R","M","R","B",null,"M","$","M","M"],"character_chosen":"THE_SILENT","items_purchased":["Predator","Infinite Blades","Blade Dance","DollysMirror"],"campfire_rested":1,"item_purchase_floors":[4,7,7,19],"current_hp_per_floor":[75,57,57,57,42,67,67,64,64,64,46,46,46,42,42,26,85,50,50,28,0],"gold":67,"neow_bonus":"BOSS_RELIC","is_prod":false,"is_daily":false,"chose_seed":false,"campfire_upgraded":3,"win_rate":0.0,"timestamp":1562716484,"path_taken":["M","?","?","$","?","R","?","M","T","R","E","?","R","M","R","BOSS","M","$","M","M"],"build_version":"2019-07-05","purchased_purges":0,"victory":false,"max_hp_per_floor":[75,75,75,75,85,85,85,85,85,85,85,85,85,85,85,85,85,85,85,85,85],"card_choices":[{"not_picked":["Calculated Gamble","Dagger Throw"],"picked":"Quick Slash","floor":0},{"not_picked":["Tactician","Dagger Spray"],"picked":"Choke","floor":1},{"not_picked":["Dodge and Roll","PiercingWail","Prepared"],"picked":"SKIP","floor":8},{"not_picked":["Cloak And Dagger","Deadly Poison"],"picked":"Blur","floor":11},{"not_picked":["PiercingWail","Eviscerate"],"picked":"Catalyst","floor":12},{"not_picked":["Heel Hook","Flying Knee"],"picked":"Noxious Fumes","floor":14},{"not_picked":["Phantasmal Killer","Venomology"],"picked":"Corpse Explosion","floor":16},{"not_picked":["Deadly Poison","Flying Knee"],"picked":"Cloak And Dagger","floor":18},{"not_picked":["Dodge and Roll+1","Expertise"],"picked":"Adrenaline","floor":20}],"player_experience":73331,"relics_obtained":[{"floor":9,"key":"Mercury Hourglass"},{"floor":11,"key":"Tough Bandages"}],"event_choices":[{"damage_healed":0,"gold_gain":0,"player_choice":"Take Damage","damage_taken":18,"relics_obtained":["Golden Idol"],"max_hp_gain":0,"max_hp_loss":0,"event_name":"Golden Idol","floor":2,"gold_loss":0},{"damage_healed":0,"gold_gain":0,"player_choice":"Ignored","damage_taken":0,"max_hp_gain":0,"max_hp_loss":0,"event_name":"Liars Game","floor":3,"gold_loss":0},{"damage_healed":0,"gold_gain":0,"player_choice":"Success","damage_taken":25,"relics_obtained":["Pear"],"max_hp_gain":0,"max_hp_loss":0,"event_name":"Scrap Ooze","floor":5,"gold_loss":0}],"is_beta":false,"boss_relics":[{"not_picked":["Snecko Eye","Velvet Choker"],"picked":"Black Star"}],"items_purged_floors":[],"is_endless":false,"potions_floor_spawned":[1,11,18],"killed_by":"Sentry and Sphere","ascension_level":0}