{"gold_per_floor":[114,130,130,76,76,108,108,128,128,128,154,173,123,8,8,110,110,124,124,134,134,134,134,150,150],"floor_reached":25,"playtime":952,"items_purged":["Strike_R"],"score":234,"play_id":"b1db414e-4a51-4b55-9784-3abbd232c728","local_time":"20180814213243","is_ascension_mode":false,"campfire_choices":[{"data":"Anger","floor":7,"key":"SMITH"},{"data":"Infernal Blade","floor":10,"key":"SMITH"},{"data":"Rampage","floor":15,"key":"SMITH"},{"data":"Armaments","floor":23,"key":"SMITH"}],"neow_cost":"NONE","seed_source_timestamp":246290061325643,"circlet_count":0,"master_deck":["Strike_R","Strike_R","Defend_R","Defend_R","Defend_R+1","Defend_R","Bash+1","Double Tap","Metallicize","Flame Barrier","Anger+1","Reaper","Infernal Blade+1","Clothesline","Rampage+1","Dropkick","Offering","Armaments+1","Headbutt","Battle Trance","Ghostly","Ghostly","Ghostly","Ghostly","Ghostly","Seeing Red+1"],"relics":["Burning Blood"],"potions_floor_usage":[6,11],"damage_taken":[{"damage":11,"enemies":"2 Louse","floor":1,"turns":3},{"damage":6,"enemies":"Small Slimes","floor":2,"turns":5},{"damage":21,"enemies":"3 Sentries","floor":6,"turns":11},{"damage":1,"enemies":"Jaw Worm","floor":8,"turns":5},{"damage":20,"enemies":"Lagavulin","floor":11,"turns":9},{"damage":0,"enemies":"Exordium Wildlife","floor":12,"turns":3},{"damage":46,"enemies":"Slime Boss","floor":16,"turns":14},{"damage":10,"enemies":"Shell Parasite","floor":18,"turns":2},{"damage":35,"enemies":"2 Thieves","floor":20,"turns":5},{"damage":29,"enemies":"Cultist and Chosen","floor":24,"turns":9},{"damage":0,"enemies":"Sentry and Sphere","floor":25,"turns":1}],"seed_played":"6701555321517864038","potions_obtained":[{"floor":1,"key":"Swift Potion"},{"floor":8,"key":"AttackPotion"},{"floor":18,"key":"Strength Potion"},{"floor":24,"key":"Block Potion"}],"is_trial":false,"path_per_floor":["M","M","?","$","?","E","R","M","T","R","E","M","?","$","R","B",null,"M","?","M","?","?","R","M"],"character_chosen":"IRONCLAD","items_purchased":["Anger","Dropkick"],"campfire_rested":0,"item_purchase_floors":[4,14],"current_hp_per_floor":[75,75,59,59,59,44,44,53,53,53,43,57,57,57,57,33,80,76,76,58,58,40,40,27,27],"gold":150,"neow_bonus":"ONE_RANDOM_RARE_CARD","is_prod":false,"is_daily":false,"chose_seed":false,"campfire_upgraded":4,"win_rate":0,"timestamp":1534296763,"path_taken":["M","M","?","$","?","E","R","?","T","R","E","M","?","$","R","BOSS","M","?","M","?","?","R","M","M"],"build_version":"2018-08-09","purchased_purges":1,"victory":false,"max_hp_per_floor":[80,80,80,80,80,80,80,80,80,80,80,80,80,80,80,80,80,80,80,80,80,40,40,40,40],"card_choices":[{"not_picked":["Flex","Headbutt"],"picked":"Metallicize","floor":1},{"not_picked":["Heavy Blade","True Grit"],"picked":"Flame Barrier","floor":2},{"not_picked":["Shockwave","Blood for Blood"],"picked":"Reaper","floor":6},{"not_picked":["Shockwave","Seeing Red"],"picked":"Infernal Blade","floor":8},{"not_picked":["Sword Boomerang","Thunderclap"],"picked":"Clothesline","floor":11},{"not_picked":["Wild Strike","Cleave"],"picked":"Rampage","floor":12},{"not_picked":["Brutality","Bludgeon"],"picked":"Offering","floor":16},{"not_picked":["Wild Strike","Power Through+1"],"picked":"Armaments","floor":18},{"not_picked":["Pummel","True Grit"],"picked":"Battle Trance","floor":20},{"not_picked":["Entrench","Sword Boomerang"],"picked":"Seeing Red+1","floor":24}],"player_experience":507069,"relics_obtained":[],"event_choices":[{"event_name":"Shining Light","player_choice":"Entered Light","floor":3,"damage_taken":0},{"event_name":"Scrap Ooze","player_choice":"unsuccessful","floor":5,"damage_taken":0},{"event_name":"The Cleric","player_choice":"Card Removal","floor":13,"damage_taken":0},{"event_name":"The Library","player_choice":"Read","floor":19,"damage_taken":0},{"event_name":"Back to Basics","player_choice":"Elegance","floor":21,"damage_taken":0},{"event_name":"Ghosts","player_choice":"Became a Ghost","floor":22,"damage_taken":0}],"is_beta":false,"boss_relics":[{"not_picked":["Coffee Dripper","Black Star","Sozu"]}],"items_purged_floors":[14],"is_endless":false,"potions_floor_spawned":[1,8,18,24],"killed_by":"Sentry and Sphere","ascension_level":0}