{"gold_per_floor":[117,135,24,34,34,34,60,60,60,11,23,23,23,49,49,147,147,157,175,188,7,7,37,37,68,120,145,145,145,145,179,179,282,282,301,67,84,84,484,509,509,538,561,579,604,604,297,297,297,297],"floor_reached":51,"playtime":3800,"items_purged":["Strike_G","Strike_G"],"score":931,"play_id":"5a0863b5-ce18-4492-ac7a-4100f6771277","local_time":"20190711050307","is_ascension_mode":true,"campfire_choices":[{"data":"Blade Dance","floor":6,"key":"SMITH"},{"floor":8,"key":"REST"},{"floor":12,"key":"REST"},{"data":"Envenom","floor":15,"key":"SMITH"},{"floor":24,"key":"REST"},{"floor":28,"key":"REST"},{"floor":32,"key":"REST"},{"floor":41,"key":"REST"},{"floor":49,"key":"REST"}],"neow_cost":"NONE","seed_source_timestamp":1002007963088697,"circlet_count":0,"master_deck":["Defend_G+1","Defend_G+1","Defend_G+1","Defend_G+1","Defend_G+1","Survivor","Neutralize","Blade Dance+1","Cloak And Dagger","Noxious Fumes","Escape Plan","Catalyst","Cloak And Dagger","Envenom+1","Corpse Explosion","Choke","Expertise+1","Noxious Fumes","Blade Dance+1","Slice+1","Backflip","Dagger Spray+1","Bite","Bite","Bite","Bite","Bite","Blade Dance","A Thousand Cuts","Blur","Distraction+1","Noxious Fumes","Panache","Catalyst+1","Cloak And Dagger+1","Adrenaline","Choke+1","Backflip+1","Backflip+1","Accuracy"],"relics":["Ring of the Snake","Dream Catcher","Dodecahedron","Art of War","Pear","Fusion Hammer","Prayer Wheel","Pen Nib","Kunai","Bottled Lightning","Eternal Feather","Old Coin","Sundial","Anchor","Boot","Mercury Hourglass","Shuriken","Ornamental Fan"],"potions_floor_usage":[7,7,16,20,39,40,42,50],"damage_taken":[{"damage":3,"enemies":"Jaw Worm","floor":1,"turns":5},{"damage":3,"enemies":"Small Slimes","floor":2,"turns":3},{"damage":0,"enemies":"2 Louse","floor":4,"turns":3},{"damage":31,"enemies":"Lagavulin","floor":7,"turns":10},{"damage":6,"enemies":"Blue Slaver","floor":11,"turns":3},{"damage":11,"enemies":"3 Sentries","floor":14,"turns":8},{"damage":21,"enemies":"Hexaghost","floor":16,"turns":10},{"damage":0,"enemies":"Chosen","floor":18,"turns":4},{"damage":6,"enemies":"2 Thieves","floor":19,"turns":4},{"damage":1,"enemies":"Snecko","floor":20,"turns":4},{"damage":21,"enemies":"Slavers","floor":23,"turns":3},{"damage":0,"enemies":"Gremlin Leader","floor":25,"turns":6},{"damage":23,"enemies":"Book of Stabbing","floor":27,"turns":5},{"damage":14,"enemies":"Gremlin Leader","floor":31,"turns":5},{"damage":50,"enemies":"Collector","floor":33,"turns":5},{"damage":7,"enemies":"3 Darklings","floor":35,"turns":2},{"damage":5,"enemies":"3 Shapes","floor":37,"turns":7},{"damage":21,"enemies":"Mind Bloom Boss Battle","floor":39,"turns":7},{"damage":44,"enemies":"Reptomancer","floor":40,"turns":6},{"damage":38,"enemies":"Nemesis","floor":42,"turns":5},{"damage":13,"enemies":"Sphere and 2 Shapes","floor":44,"turns":5},{"damage":10,"enemies":"Reptomancer","floor":45,"turns":6},{"damage":6,"enemies":"Donu and Deca","floor":50,"turns":4}],"seed_played":"6542658997918768084","potions_obtained":[{"floor":1,"key":"GhostInAJar"},{"floor":4,"key":"GhostInAJar"},{"floor":7,"key":"SteroidPotion"},{"floor":18,"key":"Regen Potion"},{"floor":19,"key":"AttackPotion"},{"floor":23,"key":"Regen Potion"},{"floor":39,"key":"LiquidBronze"},{"floor":42,"key":"Fire Potion"},{"floor":44,"key":"Swift Potion"}],"is_trial":false,"path_per_floor":["M","M","$","M","?","R","E","R","T","$","M","R","$","E","R","B",null,"M","M","M","$","?","E","R","E","T","E","R","?","?","E","R","B",null,"M","$","M","?","?","E","R","E","T","M","E","T","$","?","R","B",null],"character_chosen":"THE_SILENT","items_purchased":["Backstab","Block Potion","Noxious Fumes","Noxious Fumes","Panache","Ornamental Fan","Strength Potion"],"campfire_rested":7,"item_purchase_floors":[3,10,21,36,36,47,47],"current_hp_per_floor":[67,64,64,64,64,64,33,54,54,54,48,69,69,68,68,47,80,80,74,73,73,73,52,76,76,76,55,79,79,79,70,80,34,80,73,73,74,74,76,48,76,44,44,39,37,37,37,37,76,74],"gold":297,"neow_bonus":"RANDOM_COMMON_RELIC","is_prod":false,"is_daily":false,"chose_seed":false,"campfire_upgraded":2,"win_rate":0,"timestamp":1562839387,"path_taken":["M","M","$","M","?","R","E","R","T","$","M","R","$","E","R","BOSS","M","M","M","$","?","E","R","E","T","E","R","?","?","E","R","BOSS","M","$","M","?","?","E","R","E","T","M","E","?","$","?","R","BOSS"],"build_version":"2019-07-05","purchased_purges":2,"victory":true,"max_hp_per_floor":[70,70,70,70,70,70,70,70,70,70,70,70,70,80,80,80,80,80,80,80,80,80,80,80,80,80,80,80,80,80,80,80,80,80,80,80,80,76,76,76,76,76,76,76,76,76,76,76,76,76],"card_choices":[{"not_picked":["Heel Hook","Deadly Poison"],"picked":"Blade Dance","floor":1},{"not_picked":["Flying Knee","Deflect","Bane"],"picked":"SKIP","floor":2},{"not_picked":["Deadly Poison","Prepared"],"picked":"Cloak And Dagger","floor":4},{"not_picked":["Tools of the Trade","Calculated Gamble"],"picked":"Noxious Fumes","floor":7},{"not_picked":["Masterful Stab","Deflect"],"picked":"Escape Plan","floor":8},{"not_picked":["Acrobatics","Expertise"],"picked":"Catalyst","floor":11},{"not_picked":["Dagger Throw","Underhanded Strike"],"picked":"Cloak And Dagger","floor":12},{"not_picked":["Eviscerate","Dagger Spray"],"picked":"Envenom","floor":14},{"not_picked":["Night Terror","Burst"],"picked":"Corpse Explosion","floor":16},{"not_picked":["Footwork+1","Bane+1","Underhanded Strike"],"picked":"SKIP","floor":18},{"not_picked":["Caltrops","Acrobatics"],"picked":"Choke","floor":19},{"not_picked":["Blur","Backstab"],"picked":"Expertise+1","floor":20},{"not_picked":["Dagger Throw","Acrobatics"],"picked":"Blade Dance+1","floor":23},{"not_picked":["Acrobatics","Venomology"],"picked":"Slice+1","floor":24},{"not_picked":["Dodge and Roll","Crippling Poison"],"picked":"Backflip","floor":25},{"not_picked":["Skewer","Outmaneuver","Slice+1"],"picked":"SKIP","floor":27},{"not_picked":["Glass Knife","Dodge and Roll+1"],"picked":"Dagger Spray+1","floor":28},{"not_picked":["Die Die Die","Deflect"],"picked":"Blade Dance","floor":31},{"not_picked":["Malaise","Bullet Time"],"picked":"A Thousand Cuts","floor":33},{"not_picked":["Eviscerate","Caltrops"],"picked":"Blur","floor":35},{"not_picked":["Deflect","Predator+1"],"picked":"Distraction+1","floor":35},{"not_picked":["Dagger Throw","Underhanded Strike"],"picked":"Catalyst+1","floor":37},{"not_picked":["Riddle With Holes","Dagger Spray+1","Slice"],"picked":"SKIP","floor":37},{"not_picked":["Leg Sweep+1","Dagger Throw+1"],"picked":"Cloak And Dagger+1","floor":39},{"not_picked":["Dagger Spray+1","Skewer"],"picked":"Adrenaline","floor":40},{"not_picked":["Underhanded Strike+1","Distraction"],"picked":"Choke+1","floor":41},{"not_picked":["Dodge and Roll+1","Flying Knee","Leg Sweep"],"picked":"SKIP","floor":42},{"not_picked":["Blur","Predator"],"picked":"Backflip+1","floor":44},{"not_picked":["Flying Knee","Sucker Punch"],"picked":"Backflip+1","floor":44},{"not_picked":["Catalyst+1","Skewer+1"],"picked":"Accuracy","floor":45}],"player_experience":88063,"relics_obtained":[{"floor":7,"key":"Dodecahedron"},{"floor":9,"key":"Art of War"},{"floor":14,"key":"Pear"},{"floor":23,"key":"Prayer Wheel"},{"floor":25,"key":"Blood Vial"},{"floor":26,"key":"Pen Nib"},{"floor":27,"key":"Kunai"},{"floor":31,"key":"Bottled Lightning"},{"floor":39,"key":"Old Coin"},{"floor":40,"key":"Sundial"},{"floor":42,"key":"Anchor"},{"floor":43,"key":"Boot"},{"floor":45,"key":"Mercury Hourglass"},{"floor":46,"key":"Shuriken"}],"event_choices":[{"damage_healed":0,"gold_gain":0,"player_choice":"Ignored","damage_taken":0,"max_hp_gain":0,"max_hp_loss":0,"event_name":"Liars Game","floor":5,"gold_loss":0},{"damage_healed":0,"gold_gain":0,"player_choice":"Simplicity","damage_taken":0,"max_hp_gain":0,"max_hp_loss":0,"event_name":"Back to Basics","floor":22,"gold_loss":0,"cards_upgraded":["Strike_G","Strike_G","Strike_G","Defend_G","Defend_G","Defend_G","Defend_G","Defend_G"]},{"damage_healed":0,"gold_gain":0,"player_choice":"Ignored","damage_taken":0,"max_hp_gain":0,"max_hp_loss":0,"event_name":"Ghosts","floor":29,"gold_loss":0},{"damage_healed":0,"gold_gain":0,"player_choice":"Became a vampire (Vial)","damage_taken":0,"max_hp_gain":0,"max_hp_loss":0,"event_name":"Vampires","floor":30,"relics_lost":["Blood Vial"],"gold_loss":0,"cards_obtained":["Bite","Bite","Bite","Bite","Bite"]},{"damage_healed":0,"gold_gain":0,"player_choice":"Max HP","damage_taken":0,"max_hp_gain":0,"max_hp_loss":4,"event_name":"Winding Halls","floor":38,"gold_loss":0},{"damage_healed":0,"gold_gain":0,"player_choice":"Fight","damage_taken":0,"max_hp_gain":0,"max_hp_loss":0,"event_name":"MindBloom","floor":39,"gold_loss":0},{"cards_removed":["Backstab"],"damage_healed":0,"gold_gain":0,"player_choice":"Removed Attack","damage_taken":0,"max_hp_gain":0,"max_hp_loss":0,"event_name":"Falling","floor":48,"gold_loss":0}],"is_beta":false,"boss_relics":[{"not_picked":["Lizard Tail","Philosopher\u0027s Stone"],"picked":"Fusion Hammer"},{"not_picked":["Snecko Eye","Orrery"],"picked":"Eternal Feather"}],"items_purged_floors":[3,21],"is_endless":false,"potions_floor_spawned":[1,4,7,18,19,23,31,39,42,44,45],"ascension_level":1}