{"gold_per_floor":[119,119,131,148,148,148,164,192,245,245,2,2,23,57,57,129,129,140,57,57,67,67,67],"floor_reached":23,"playtime":1337,"items_purged":[],"score":394,"play_id":"6a65683d-ba6d-4792-bd00-4c1d393582f1","local_time":"20181216145359","is_ascension_mode":true,"campfire_choices":[{"data":"Leap","floor":6,"key":"SMITH"},{"floor":12,"key":"REST"},{"floor":15,"key":"REST"}],"neow_cost":"NONE","seed_source_timestamp":316158875702715,"circlet_count":0,"master_deck":["AscendersBane","Strike_B","Strike_B","Strike_B+1","Strike_B","Defend_B+1","Defend_B","Defend_B","Defend_B","Zap+1","Dualcast","Cold Snap","Leap+1","Machine Learning","Cold Snap","Core Surge","Chill","All For One","Sweeping Beam","Defragment+1"],"relics":["Cracked Core","NeowsBlessing","Art of War","Tiny Chest","Strawberry","Oddly Smooth Stone","Odd Mushroom","Thread and Needle","Sozu"],"potions_floor_usage":[8,8,16,16],"damage_taken":[{"damage":0,"enemies":"2 Louse","floor":1,"turns":1},{"damage":0,"enemies":"Cultist","floor":3,"turns":1},{"damage":0,"enemies":"Small Slimes","floor":4,"turns":1},{"damage":3,"enemies":"Exordium Wildlife","floor":7,"turns":6},{"damage":23,"enemies":"Lagavulin","floor":8,"turns":5},{"damage":10,"enemies":"The Mushroom Lair","floor":13,"turns":4},{"damage":21,"enemies":"3 Sentries","floor":14,"turns":12},{"damage":2,"enemies":"Slime Boss","floor":16,"turns":12},{"damage":6,"enemies":"3 Byrds","floor":18,"turns":5},{"damage":4,"enemies":"Spheric Guardian","floor":21,"turns":4},{"damage":63,"enemies":"Gremlin Leader","floor":23,"turns":6}],"seed_played":"-7580654207006858848","potions_obtained":[{"floor":1,"key":"FearPotion"},{"floor":7,"key":"Fire Potion"},{"floor":8,"key":"Energy Potion"},{"floor":14,"key":"AttackPotion"}],"is_trial":false,"path_per_floor":["M","?","M","M","?","R","M","E","T","?","$","R","?","E","R","B",null,"M","$","?","M","?","E"],"character_chosen":"DEFECT","items_purchased":["Core Surge","Oddly Smooth Stone","Defragment"],"campfire_rested":2,"item_purchase_floors":[11,11,19],"current_hp_per_floor":[64,64,64,64,43,43,40,17,17,19,19,42,32,11,34,32,67,61,61,61,57,57,0],"gold":67,"neow_bonus":"THREE_ENEMY_KILL","is_prod":false,"is_daily":false,"chose_seed":false,"campfire_upgraded":1,"win_rate":0,"timestamp":1544990039,"path_taken":["M","?","M","?","?","R","M","E","T","?","?","R","?","E","R","BOSS","M","$","?","?","?","E"],"build_version":"2018-12-13","purchased_purges":0,"victory":false,"max_hp_per_floor":[71,71,71,71,71,71,71,71,71,78,78,78,78,78,78,78,78,78,78,78,78,78,78],"card_choices":[{"not_picked":["Consume","Doom and Gloom"],"picked":"Cold Snap","floor":1},{"not_picked":["Reprogram","Turbo"],"picked":"Leap","floor":3},{"not_picked":["Scrape","Conserve Battery","Redo"],"picked":"SKIP","floor":4},{"not_picked":["Beam Cell","Reprogram"],"picked":"Machine Learning","floor":7},{"not_picked":["Aggregate","Auto Shields"],"picked":"Cold Snap","floor":8},{"not_picked":["Redo","Streamline"],"picked":"Chill","floor":14},{"not_picked":["Core Surge","Machine Learning"],"picked":"All For One","floor":16},{"not_picked":["Rebound","Streamline"],"picked":"Sweeping Beam","floor":18},{"not_picked":["Leap","Redo","Tempest"],"picked":"SKIP","floor":21}],"player_experience":1291120,"relics_obtained":[{"floor":8,"key":"Art of War"},{"floor":9,"key":"Tiny Chest"},{"floor":13,"key":"Odd Mushroom"},{"floor":14,"key":"Thread and Needle"}],"event_choices":[{"damage_healed":0,"gold_gain":0,"player_choice":"Upgraded","damage_taken":0,"max_hp_gain":0,"max_hp_loss":0,"event_name":"Upgrade Shrine","floor":2,"gold_loss":0,"cards_upgraded":["Zap"]},{"damage_healed":0,"gold_gain":0,"player_choice":"Entered Light","damage_taken":21,"max_hp_gain":0,"max_hp_loss":0,"event_name":"Shining Light","floor":5,"gold_loss":0,"cards_upgraded":["Strike_B","Defend_B"]},{"damage_healed":0,"gold_gain":0,"player_choice":"Success","damage_taken":5,"relics_obtained":["Strawberry"],"max_hp_gain":0,"max_hp_loss":0,"event_name":"Scrap Ooze","floor":10,"gold_loss":0},{"damage_healed":0,"gold_gain":0,"player_choice":"Fought Mushrooms","damage_taken":0,"max_hp_gain":0,"max_hp_loss":0,"event_name":"Mushrooms","floor":13,"gold_loss":0},{"damage_healed":0,"gold_gain":0,"player_choice":"Upgraded","damage_taken":0,"max_hp_gain":0,"max_hp_loss":0,"event_name":"Upgrade Shrine","floor":20,"gold_loss":0,"cards_upgraded":["Defragment"]}],"is_beta":false,"boss_relics":[{"not_picked":["Black Star","Orrery"],"picked":"Sozu"}],"items_purged_floors":[],"is_endless":false,"potions_floor_spawned":[1,7,8,14],"killed_by":"Gremlin Leader","ascension_level":20}