{"gold_per_floor":[113,113,124,136,154,154,184,184,184,202,229,245,9,0,0,102,152,171,183,183],"floor_reached":20,"playtime":2105,"items_purged":[],"score":260,"play_id":"671db10e-79b9-4b89-8917-65a5e317639e","local_time":"20190719133206","is_ascension_mode":true,"campfire_choices":[{"floor":6.0,"key":"REST"},{"data":"A Thousand Cuts","floor":15,"key":"SMITH"}],"neow_cost":"NONE","seed_source_timestamp":131635210492306,"circlet_count":0,"master_deck":["Strike_G","Strike_G","Strike_G","Strike_G","Defend_G","Defend_G","Defend_G","Defend_G","Defend_G","Survivor","Neutralize","Dagger Throw+1","Well Laid Plans","Backflip","A Thousand Cuts+1","PiercingWail","Backflip","Swift Strike","Corpse Explosion","After Image"],"special_seed":0,"relics":["Ring of the Snake","Paper Crane","Kunai","Question Card","Tiny House"],"potions_floor_usage":[16,18,19],"damage_taken":[{"damage":10.0,"enemies":"Jaw Worm","floor":1.0,"turns":8.0},{"damage":0.0,"enemies":"2 Louse","floor":3.0,"turns":3.0},{"damage":2.0,"enemies":"Small Slimes","floor":4.0,"turns":3.0},{"damage":2.0,"enemies":"Exordium Wildlife","floor":5.0,"turns":4.0},{"damage":17.0,"enemies":"Gremlin Nob","floor":7.0,"turns":4.0},{"damage":2.0,"enemies":"Blue Slaver","floor":10.0,"turns":4.0},{"damage":19.0,"enemies":"3 Sentries","floor":11.0,"turns":12.0},{"damage":1,"enemies":"Looter","floor":12,"turns":4},{"damage":20,"enemies":"The Guardian","floor":16,"turns":14},{"damage":26,"enemies":"3 Byrds","floor":18,"turns":3},{"damage":34,"enemies":"2 Thieves","floor":19,"turns":4},{"damage":0,"enemies":"Chosen and Byrds","floor":20,"turns":1}],"seed_played":"-5028312324643256306","potions_obtained":[{"floor":3.0,"key":"SteroidPotion"},{"floor":7.0,"key":"Regen Potion"},{"floor":11,"key":"LiquidBronze"},{"floor":16,"key":"Dexterity Potion"},{"floor":19,"key":"Strength Potion"}],"is_trial":false,"path_per_floor":["M","?","M","M","M","R","E","?","T","M","E","M","$","?","R","B",null,"M","M","M"],"character_chosen":"THE_SILENT","items_purchased":["Backflip","Weak Potion","Fire Potion","Swift Strike"],"campfire_rested":1,"item_purchase_floors":[13,13,13,13],"current_hp_per_floor":[53,53,53,51,49,70,53,58,58,56,52,51,51,51,51,31,69,43,9,9],"gold":183,"neow_bonus":"REMOVE_CARD","is_prod":false,"is_daily":false,"chose_seed":false,"campfire_upgraded":1,"win_rate":0,"timestamp":1563561126,"path_taken":["M","?","M","M","M","R","E","?","T","?","E","M","$","?","R","BOSS","M","M","M"],"build_version":"2019-07-17","purchased_purges":0,"victory":false,"max_hp_per_floor":[70,70,70,70,70,70,70,75,75,75,75,75,75,75,75,75,80,80,80,80],"card_choices":[{"not_picked":["Acrobatics","Outmaneuver"],"picked":"Dagger Throw","floor":1.0},{"not_picked":["Dagger Throw","Flying Knee","Accuracy"],"picked":"SKIP","floor":3.0},{"not_picked":["Dagger Spray","Dagger Throw"],"picked":"Well Laid Plans","floor":4.0},{"not_picked":["Bane","Outmaneuver","Predator"],"picked":"SKIP","floor":5.0},{"not_picked":["Eviscerate","Blade Dance","Well Laid Plans"],"picked":"SKIP","floor":7.0},{"not_picked":["Dagger Throw","Bane"],"picked":"Backflip","floor":10.0},{"not_picked":["Cloak And Dagger","Quick Slash"],"picked":"A Thousand Cuts","floor":11},{"not_picked":["Prepared","Dagger Spray","Flying Knee"],"picked":"PiercingWail","floor":12},{"not_picked":["Phantasmal Killer","Storm of Steel","Doppelganger"],"picked":"Corpse Explosion","floor":16},{"not_picked":["Sucker Punch+1","Distraction+1","Flechettes"],"picked":"After Image","floor":18},{"not_picked":["Skewer","Outmaneuver","Acrobatics","Expertise+1"],"picked":"SKIP","floor":19}],"player_experience":188446,"relics_obtained":[{"floor":7.0,"key":"Paper Crane"},{"floor":9.0,"key":"Kunai"},{"floor":11,"key":"Question Card"}],"event_choices":[{"damage_healed":0.0,"max_hp_gain":0.0,"max_hp_loss":0.0,"gold_gain":0.0,"event_name":"Liars Game","player_choice":"Ignored","floor":2.0,"gold_loss":0.0,"damage_taken":0.0},{"damage_healed":0.0,"max_hp_gain":5.0,"max_hp_loss":0.0,"gold_gain":0.0,"event_name":"Big Fish","player_choice":"Donut","floor":8.0,"gold_loss":0.0,"damage_taken":0.0},{"damage_healed":0,"gold_gain":0,"player_choice":"Left Gold","damage_taken":0,"max_hp_gain":0,"max_hp_loss":0,"event_name":"World of Goop","floor":14,"gold_loss":9}],"is_beta":false,"boss_relics":[{"not_picked":["Velvet Choker","Pandora\u0027s Box"],"picked":"Tiny House"}],"items_purged_floors":[],"is_endless":false,"potions_floor_spawned":[3,7,11,16,19],"killed_by":"Chosen and Byrds","ascension_level":8}