{"gold_per_floor":[119,132,282,74,90,90,109,136,148,160,172,212,237,249],"floor_reached":14,"playtime":414,"items_purged":["Doubt"],"score":200,"play_id":"a72aabfb-c08d-41a1-8208-d58252c18463","local_time":"20190119143859","is_ascension_mode":true,"campfire_choices":[{"data":"Defragment","floor":6,"key":"SMITH"},{"data":"Defragment","floor":10,"key":"SMITH"}],"neow_cost":"NONE","seed_source_timestamp":10821016420297,"circlet_count":0,"master_deck":["AscendersBane","Strike_B","Strike_B","Strike_B","Defend_B","Defend_B","Defend_B","Defend_B","Zap","Dualcast","Streamline","Coolheaded","Defragment+1","White Noise","Defragment+1","Recycle","Ball Lightning"],"relics":["Cracked Core","MawBank","Pen Nib","Singing Bowl"],"potions_floor_usage":[7,12,12],"damage_taken":[{"damage":1,"enemies":"2 Louse","floor":1,"turns":3},{"damage":1,"enemies":"Small Slimes","floor":2,"turns":3},{"damage":2,"enemies":"Jaw Worm","floor":5,"turns":4},{"damage":8,"enemies":"3 Louse","floor":7,"turns":3},{"damage":11,"enemies":"Lagavulin","floor":8,"turns":7},{"damage":32,"enemies":"Gremlin Nob","floor":12,"turns":4},{"damage":5,"enemies":"Blue Slaver","floor":13,"turns":4},{"damage":16,"enemies":"Lagavulin","floor":14,"turns":3}],"seed_played":"4904121934656418999","potions_obtained":[{"floor":8,"key":"FearPotion"},{"floor":12,"key":"Fruit Juice"},{"floor":13,"key":"Explosive Potion"}],"is_trial":false,"path_per_floor":["M","M","?","$","M","R","M","E","T","R","?","E","M","E"],"character_chosen":"DEFECT","items_purchased":["Defragment","PowerPotion"],"campfire_rested":0,"item_purchase_floors":[4,4],"current_hp_per_floor":[70,69,69,69,67,67,59,48,48,48,41,14,11,0],"gold":249,"neow_bonus":"TEN_PERCENT_HP_BONUS","is_prod":false,"is_daily":false,"chose_seed":false,"campfire_upgraded":2,"win_rate":0,"timestamp":1547926739,"path_taken":["M","M","?","$","M","R","M","E","T","R","?","E","?","E"],"build_version":"2019-01-17v2","purchased_purges":1,"victory":false,"max_hp_per_floor":[78,78,78,78,78,78,78,78,78,78,78,83,85,85],"card_choices":[{"not_picked":["Beam Cell","Steam"],"picked":"Streamline","floor":1},{"not_picked":["Sweeping Beam","Compile Driver"],"picked":"Coolheaded","floor":2},{"not_picked":["Steam","Skim"],"picked":"White Noise","floor":5},{"not_picked":["Double Energy","Stack"],"picked":"Defragment","floor":7},{"not_picked":["Stack","Loop"],"picked":"Recycle","floor":8},{"not_picked":["Fusion","Consume"],"picked":"Ball Lightning","floor":12},{"not_picked":["Rebound","Tempest","Reprogram"],"picked":"Singing Bowl","floor":13}],"player_experience":1332894,"relics_obtained":[{"floor":8,"key":"MawBank"},{"floor":9,"key":"Pen Nib"},{"floor":12,"key":"Singing Bowl"}],"event_choices":[{"damage_healed":0,"gold_gain":150,"player_choice":"AGREE","damage_taken":0,"max_hp_gain":0,"max_hp_loss":0,"event_name":"Liars Game","floor":3,"gold_loss":0,"cards_obtained":["Doubt"]},{"cards_removed":["Strike_B"],"damage_healed":0,"gold_gain":0,"player_choice":"Card Removal","damage_taken":7,"max_hp_gain":0,"max_hp_loss":0,"event_name":"Golden Wing","floor":11,"gold_loss":0}],"is_beta":false,"boss_relics":[],"items_purged_floors":[4],"is_endless":false,"potions_floor_spawned":[8,12,13],"killed_by":"Lagavulin","ascension_level":20}