{"gold_per_floor":[112,89,89,107,119,119,131,131,157,157,157,170,170,183,183,286,286,296,307,222,249,278,290,110,110,110,122,122,135,146,156,156,256,256,256,256,275,275,292,292,98,116,142,142,142,142],"floor_reached":46,"playtime":1021,"items_purged":["Searing Blow"],"score":516,"play_id":"3a68eb70-57f2-46a2-a899-fae99114fc8d","local_time":"20180821195922","is_ascension_mode":false,"campfire_choices":[{"data":"Bludgeon","floor":6,"key":"SMITH"},{"floor":8,"key":"REST"},{"data":"Perfected Strike","floor":11,"key":"SMITH"},{"data":"Bash","floor":15,"key":"SMITH"},{"data":"Flex","floor":23,"key":"SMITH"},{"data":"Limit Break","floor":28,"key":"SMITH"},{"data":"Warcry","floor":32,"key":"SMITH"}],"neow_cost":"NONE","seed_source_timestamp":110606859604076,"circlet_count":0,"master_deck":["Strike_R+1","Strike_R","Strike_R+1","Strike_R","Strike_R","Defend_R","Defend_R","Defend_R","Defend_R","Bash+1","Sword Boomerang","Perfected Strike+1","Bludgeon+1","Headbutt","Clash","Seeing Red","Limit Break+1","Flex+1","Dropkick","Inflame+1","Clash","Flash of Steel","Warcry+1","True Grit+1","Spot Weakness","Clash","Immolate","Purity","Sword Boomerang+1","Cleave+1","Disarm+1","Apotheosis","True Grit+1","Clash+1"],"relics":["Burning Blood","Red Skull","Ancient Tea Set","Coffee Dripper","MawBank","Nilry\u0027s Codex","Darkstone Periapt","Fusion Hammer","Prayer Wheel","Boot","Mango"],"potions_floor_usage":[16,16,19,29,30,33,35,38,39],"damage_taken":[{"damage":29,"enemies":"Jaw Worm","floor":1,"turns":4},{"damage":0,"enemies":"Cultist","floor":4,"turns":2},{"damage":0,"enemies":"2 Louse","floor":5,"turns":2},{"damage":11,"enemies":"Large Slime","floor":7,"turns":3},{"damage":5,"enemies":"3 Louse","floor":12,"turns":3},{"damage":9,"enemies":"2 Fungi Beasts","floor":14,"turns":3},{"damage":0,"enemies":"Slime Boss","floor":16,"turns":5},{"damage":0,"enemies":"Chosen","floor":18,"turns":3},{"damage":8,"enemies":"3 Byrds","floor":19,"turns":5},{"damage":11,"enemies":"Snake Plant","floor":21,"turns":2},{"damage":14,"enemies":"Centurion and Healer","floor":22,"turns":5},{"damage":10,"enemies":"Cultist and Chosen","floor":27,"turns":3},{"damage":0,"enemies":"Chosen and Byrds","floor":29,"turns":3},{"damage":0,"enemies":"Sentry and Sphere","floor":30,"turns":3},{"damage":21,"enemies":"Snake Plant","floor":31,"turns":2},{"damage":34,"enemies":"Champ","floor":33,"turns":5},{"damage":0,"enemies":"3 Darklings","floor":35,"turns":1},{"damage":9,"enemies":"Flame Bruiser 1 Orb","floor":37,"turns":2},{"damage":39,"floor":38,"turns":4},{"damage":9,"enemies":"3 Darklings","floor":39,"turns":3},{"damage":42,"enemies":"Spire Growth","floor":42,"turns":4},{"damage":50,"enemies":"4 Shapes","floor":46,"turns":3}],"seed_played":"2762868559380653014","potions_obtained":[{"floor":4,"key":"Fire Potion"},{"floor":5,"key":"LiquidBronze"},{"floor":12,"key":"AttackPotion"},{"floor":21,"key":"Energy Potion"},{"floor":22,"key":"SmokeBomb"},{"floor":27,"key":"Explosive Potion"},{"floor":30,"key":"Dexterity Potion"},{"floor":37,"key":"BloodPotion"},{"floor":38,"key":"SkillPotion"}],"is_trial":false,"path_per_floor":["M","$","?","M","M","R","M","R","T","?","R","M","?","M","R","B",null,"M","M","?","M","M","R","$","?","T","M","R","M","M","M","R","B",null,"M","?","M","?","M","R","$","M","T","R","?"],"character_chosen":"IRONCLAD","items_purchased":["Perfected Strike","Flash of Steel","Warcry","Apotheosis"],"campfire_rested":1,"item_purchase_floors":[2,24,24,41],"current_hp_per_floor":[57,57,50,56,62,62,57,80,80,64,64,65,65,62,62,68,80,80,78,78,73,65,65,65,49,49,45,45,51,57,42,42,17,83,83,83,80,55,52,52,52,34,34,34,48,0],"gold":142,"neow_bonus":"ONE_RANDOM_RARE_CARD","is_prod":false,"is_daily":false,"chose_seed":false,"campfire_upgraded":6,"win_rate":0,"timestamp":1534895962,"path_taken":["M","$","?","?","M","R","M","R","T","?","R","M","?","M","R","BOSS","M","M","?","M","M","R","$","?","T","M","R","M","M","M","R","BOSS","M","?","?","?","?","R","?","M","T","R","?","M"],"build_version":"2018-08-16","purchased_purges":1,"victory":false,"max_hp_per_floor":[80,80,80,80,80,80,80,80,80,80,80,80,80,80,80,80,80,80,80,80,80,80,80,80,80,80,80,80,80,80,80,80,83,83,83,83,83,83,83,83,83,83,83,83,97,97],"card_choices":[{"not_picked":["Iron Wave","Wild Strike"],"picked":"Sword Boomerang","floor":1},{"not_picked":["Hemokinesis","Headbutt"],"picked":"Bludgeon","floor":4},{"not_picked":["Rupture","Sever Soul"],"picked":"Searing Blow","floor":5},{"not_picked":["Corruption","Evolve"],"picked":"Headbutt","floor":7},{"not_picked":["Clothesline","Warcry"],"picked":"Clash","floor":12},{"not_picked":["Second Wind","Havoc"],"picked":"Seeing Red","floor":14},{"not_picked":["Juggernaut","Fiend Fire"],"picked":"Limit Break","floor":16},{"not_picked":["Anger","Wild Strike"],"picked":"Flex","floor":18},{"not_picked":["Armaments","Sword Boomerang"],"picked":"Dropkick","floor":19},{"not_picked":["Iron Wave+1","Heavy Blade+1"],"picked":"Inflame+1","floor":21},{"not_picked":["Entrench","Sword Boomerang+1"],"picked":"Clash","floor":22},{"not_picked":["Headbutt+1","Clothesline"],"picked":"True Grit+1","floor":27},{"not_picked":["True Grit","Havoc"],"picked":"Spot Weakness","floor":29},{"not_picked":["Uppercut","Dark Embrace","Perfected Strike"],"picked":"SKIP","floor":30},{"not_picked":["Flame Barrier+1","Rampage"],"picked":"Clash","floor":31},{"not_picked":["Brutality","Berserk"],"picked":"Immolate","floor":33},{"not_picked":["Deep Breath","Impatience"],"picked":"Purity","floor":36},{"not_picked":["Entrench","Rampage+1"],"picked":"Sword Boomerang+1","floor":37},{"not_picked":["Warcry","Sword Boomerang"],"picked":"Cleave+1","floor":38},{"not_picked":["Sword Boomerang","Flame Barrier"],"picked":"Disarm+1","floor":39},{"not_picked":["Power Through","Anger+1","Brutality"],"picked":"SKIP","floor":39},{"not_picked":["Clothesline","Armaments+1"],"picked":"True Grit+1","floor":42},{"not_picked":["Iron Wave+1","Wild Strike"],"picked":"Clash+1","floor":42}],"player_experience":532324,"relics_obtained":[{"floor":9,"key":"Ancient Tea Set"},{"floor":25,"key":"Nilry\u0027s Codex"},{"floor":26,"key":"Darkstone Periapt"},{"floor":38,"key":"Prayer Wheel"},{"floor":43,"key":"Boot"}],"event_choices":[{"event_name":"Scrap Ooze","player_choice":"success","floor":3,"damage_taken":7},{"event_name":"Shining Light","player_choice":"Entered Light","floor":10,"damage_taken":0},{"event_name":"Living Wall","player_choice":"Forget","floor":13,"damage_taken":0},{"event_name":"Addict","player_choice":"Obtained Relic","floor":20,"damage_taken":0},{"event_name":"Cursed Tome","player_choice":"Obtained Book","floor":25,"damage_taken":0},{"event_name":"SensoryStone","player_choice":"Memory 1","floor":36,"damage_taken":0},{"event_name":"MindBloom","player_choice":"Fight","floor":38,"damage_taken":0},{"event_name":"Wheel of Change","player_choice":"Relic","floor":45,"damage_taken":0}],"is_beta":false,"boss_relics":[{"not_picked":["Mark of Pain","Orrery"],"picked":"Coffee Dripper"},{"not_picked":["Black Star","Philosopher\u0027s Stone"],"picked":"Fusion Hammer"}],"items_purged_floors":[24],"is_endless":false,"potions_floor_spawned":[4,5,12,14,21,22,27,30,37,38],"killed_by":"4 Shapes","ascension_level":0}