{"gold_per_floor":[119,133,133,148,148,148,148,9,9,33,33,33,57,80,80,80],"floor_reached":16,"playtime":407,"items_purged":[],"score":156,"play_id":"b25214a8-f92e-4757-a893-8ab55b72a0cf","local_time":"20190707175534","is_ascension_mode":true,"campfire_choices":[{"floor":6,"key":"REST"},{"floor":11,"key":"REST"},{"data":"Coolheaded","floor":15,"key":"SMITH"}],"neow_cost":"NONE","seed_source_timestamp":96200161016,"circlet_count":0,"master_deck":["AscendersBane","Strike_B","Strike_B","Strike_B","Defend_B","Defend_B","Defend_B","Defend_B","Zap+1","Dualcast","Cold Snap","Darkness","Coolheaded+1","Scrape","Electrodynamics","BootSequence"],"relics":["Cracked Core","Matryoshka","Golden Idol","Blood Vial","Centennial Puzzle"],"potions_floor_usage":[16],"damage_taken":[{"damage":12,"enemies":"Small Slimes","floor":1,"turns":3},{"damage":10,"enemies":"Jaw Worm","floor":2,"turns":3},{"damage":10,"enemies":"2 Louse","floor":4,"turns":3},{"damage":12,"enemies":"Lots of Slimes","floor":10,"turns":2},{"damage":7,"enemies":"Red Slaver","floor":13,"turns":3},{"damage":0,"enemies":"3 Louse","floor":14,"turns":2},{"damage":50,"enemies":"Hexaghost","floor":16,"turns":9}],"seed_played":"-6466695042175099589","potions_obtained":[{"floor":10,"key":"SpeedPotion"},{"floor":14,"key":"Swift Potion"}],"is_trial":false,"path_per_floor":["M","M","?","M","?","R","?","$","T","M","R","$","M","M","R","B"],"character_chosen":"DEFECT","items_purchased":["Electrodynamics"],"campfire_rested":2,"item_purchase_floors":[8],"current_hp_per_floor":[52,42,30,20,20,39,39,39,39,29,48,48,43,45,45,0],"gold":80,"neow_bonus":"UPGRADE_CARD","is_prod":false,"is_daily":false,"chose_seed":false,"campfire_upgraded":1,"win_rate":0,"timestamp":1562536534,"path_taken":["M","M","?","M","?","R","?","$","T","M","R","$","M","?","R","BOSS"],"build_version":"2019-07-05","purchased_purges":0,"victory":false,"max_hp_per_floor":[71,71,71,71,66,66,66,66,66,66,66,66,66,66,66,66],"card_choices":[{"not_picked":["Turbo","Gash"],"picked":"Cold Snap","floor":1},{"not_picked":["Redo","Stack"],"picked":"Darkness","floor":2},{"not_picked":["Beam Cell","Aggregate"],"picked":"Coolheaded","floor":4},{"not_picked":["Cold Snap","Sweeping Beam","FTL"],"picked":"SKIP","floor":10},{"not_picked":["Rainbow","Double Energy"],"picked":"BootSequence","floor":13},{"not_picked":["Gash","Streamline","Compile Driver"],"picked":"SKIP","floor":14}],"player_experience":478535,"relics_obtained":[{"floor":9,"key":"Blood Vial"},{"floor":9,"key":"Centennial Puzzle"}],"event_choices":[{"damage_healed":0,"gold_gain":0,"player_choice":"Success","damage_taken":12,"relics_obtained":["Matryoshka"],"max_hp_gain":0,"max_hp_loss":0,"event_name":"Scrap Ooze","floor":3,"gold_loss":0},{"damage_healed":0,"gold_gain":0,"player_choice":"Lose Max HP","damage_taken":0,"relics_obtained":["Golden Idol"],"max_hp_gain":0,"max_hp_loss":5,"event_name":"Golden Idol","floor":5,"gold_loss":0},{"damage_healed":0,"gold_gain":0,"cards_transformed":["Strike_B"],"player_choice":"Transformed","damage_taken":0,"max_hp_gain":0,"max_hp_loss":0,"event_name":"Transmorgrifier","floor":7,"gold_loss":0,"cards_obtained":["Scrape"]}],"is_beta":false,"boss_relics":[],"items_purged_floors":[],"is_endless":false,"potions_floor_spawned":[10,14],"killed_by":"Hexaghost","ascension_level":14}