{"gold_per_floor":[118,118,118,138,151,151,185,185,185,198,198],"floor_reached":11,"playtime":359,"items_purged":[],"score":128,"play_id":"923ef464-787d-468f-9cf6-468383b23e0c","local_time":"20181014193254","is_ascension_mode":true,"campfire_choices":[{"data":"Bouncing Flask","floor":6,"key":"SMITH"},{"data":"Neutralize","floor":8,"key":"SMITH"}],"neow_cost":"CURSE","seed_source_timestamp":361425956195998,"circlet_count":0,"master_deck":["Defend_G","Defend_G","Defend_G","Defend_G","Defend_G","Strike_G","Strike_G","Strike_G","Strike_G","Strike_G","Survivor","Neutralize+1","AscendersBane","Bouncing Flask+1","Dodge and Roll","Bullet Time","Riddle With Holes","Catalyst"],"special_seed":0,"relics":["Ring of the Snake","Golden Idol","Calipers","Nunchaku"],"potions_floor_usage":[7,11,11],"damage_taken":[{"damage":0,"enemies":"Small Slimes","floor":1,"turns":5},{"damage":3,"enemies":"2 Louse","floor":4,"turns":3},{"damage":0,"enemies":"Jaw Worm","floor":5,"turns":4},{"damage":12,"enemies":"Lagavulin","floor":7,"turns":5},{"damage":4,"enemies":"Blue Slaver","floor":10,"turns":4},{"damage":23,"enemies":"Gremlin Nob","floor":11,"turns":3}],"seed_played":"9052591272520475197","potions_obtained":[{"floor":1,"key":"GamblersBrew"},{"floor":7,"key":"SneckoOil"},{"floor":10,"key":"FearPotion"}],"is_trial":false,"path_per_floor":["M","?","?","M","M","R","E","R","T","M"],"character_chosen":"THE_SILENT","items_purchased":[],"campfire_rested":0,"item_purchase_floors":[],"current_hp_per_floor":[71,64,37,34,34,34,22,22,22,18,0],"gold":198,"neow_bonus":"TWENTY_PERCENT_HP_BONUS","is_prod":false,"is_daily":false,"chose_seed":false,"campfire_upgraded":2,"win_rate":0,"timestamp":1539559974,"path_taken":["M","?","?","M","M","R","E","R","T","M","E"],"build_version":"2018-10-11","purchased_purges":0,"victory":false,"max_hp_per_floor":[78,78,78,78,78,78,78,78,78,78,78],"card_choices":[{"not_picked":["Flying Knee","Distraction"],"picked":"Bouncing Flask","floor":1},{"not_picked":["Deadly Poison","Poisoned Stab"],"picked":"Dodge and Roll","floor":4},{"not_picked":["Flying Knee","Cloak And Dagger"],"picked":"Bullet Time","floor":5},{"not_picked":["Underhanded Strike","Setup"],"picked":"Riddle With Holes","floor":7},{"not_picked":["Dodge and Roll","Riddle With Holes"],"picked":"Catalyst","floor":10}],"player_experience":891465,"relics_obtained":[{"floor":7,"key":"Calipers"},{"floor":9,"key":"Nunchaku"}],"event_choices":[{"event_name":"Golden Wing","player_choice":"Card Removal","floor":2,"damage_taken":0},{"event_name":"Golden Idol","player_choice":"Take Damage","floor":3,"damage_taken":0}],"is_beta":false,"boss_relics":[],"items_purged_floors":[],"is_endless":false,"potions_floor_spawned":[1,7,10],"killed_by":"Gremlin Nob","ascension_level":15}