{"gold_per_floor":[116,131,143,158,132,132,167,167,167,182,213,288,42,53,53,152,152,141,157,157,175,186,215,215,215,215,215,229,263,81,93,93,197,197,209,228,328,347,22,22,54,54,78,94,94,108,126,126,126,126],"floor_reached":51,"playtime":4791,"items_purged":[],"score":733,"play_id":"8b515080-9277-470c-a566-ce49ab8091e2","local_time":"20190708154904","is_ascension_mode":false,"campfire_choices":[{"data":"Zap","floor":6,"key":"SMITH"},{"floor":8,"key":"REST"},{"floor":15,"key":"REST"},{"data":"Ball Lightning","floor":25,"key":"SMITH"},{"data":"Self Repair","floor":27,"key":"SMITH"},{"data":"White Noise","floor":32,"key":"SMITH"},{"data":"White Noise","floor":40,"key":"SMITH"},{"data":"Conserve Battery","floor":42,"key":"SMITH"},{"floor":49,"key":"REST"}],"neow_cost":"NONE","seed_source_timestamp":0,"circlet_count":0,"master_deck":["Strike_B","Strike_B","Strike_B","Strike_B","Defend_B","Defend_B","Defend_B","Defend_B","Zap+1","Dualcast","Self Repair+1","Go for the Eyes","Leap","Steam","Ball Lightning+1","Sweeping Beam","Self Repair","White Noise+1","Amplify","Compile Driver","Reinforced Body","BootSequence","Sweeping Beam+1","Redo+1","Static Discharge+1","Storm+1","White Noise+1","Conserve Battery+1","Heatsinks+1","Electrodynamics+1","Stack","Compile Driver","Madness","Doom and Gloom+1","Coolheaded+1","Cold Snap+1","Beam Cell+1"],"special_seed":0,"relics":["FrozenCore","Sundial","Darkstone Periapt","The Courier","Mango","Nuclear Battery","Frozen Egg 2","Pocketwatch","Kunai","Blue Candle","Dead Branch","Tiny Chest","Peace Pipe","Bird Faced Urn","Nunchaku","Lantern","Gremlin Horn"],"potions_floor_usage":[16,29,29,41,47,50],"damage_taken":[{"damage":0.0,"enemies":"Cultist","floor":1.0,"turns":3.0},{"damage":0.0,"enemies":"Small Slimes","floor":2.0,"turns":2.0},{"damage":2.0,"enemies":"2 Louse","floor":3.0,"turns":2.0},{"damage":30.0,"enemies":"Gremlin Gang","floor":4.0,"turns":6.0},{"damage":21,"enemies":"Exordium Thugs","floor":5,"turns":5},{"damage":33,"enemies":"Gremlin Nob","floor":7,"turns":5},{"damage":2,"enemies":"Exordium Wildlife","floor":10,"turns":4},{"damage":35,"enemies":"Lagavulin","floor":11,"turns":7},{"damage":7,"enemies":"Blue Slaver","floor":14,"turns":4},{"damage":50,"enemies":"Hexaghost","floor":16,"turns":11},{"damage":16,"enemies":"2 Thieves","floor":18,"turns":4},{"damage":11,"enemies":"Spheric Guardian","floor":19,"turns":4},{"damage":20,"enemies":"Snake Plant","floor":21,"turns":4},{"damage":27,"enemies":"Chosen and Byrds","floor":22,"turns":7},{"damage":47,"enemies":"Slavers","floor":23,"turns":7},{"damage":16,"enemies":"Snecko","floor":28,"turns":6},{"damage":22,"enemies":"Gremlin Leader","floor":29,"turns":5},{"damage":0,"enemies":"Sentry and Sphere","floor":31,"turns":3},{"damage":57,"enemies":"Automaton","floor":33,"turns":10},{"damage":26,"enemies":"3 Shapes","floor":35,"turns":4},{"damage":11,"enemies":"Orb Walker","floor":36,"turns":4},{"damage":3,"enemies":"Mind Bloom Boss Battle","floor":37,"turns":7},{"damage":9,"enemies":"Sphere and 2 Shapes","floor":38,"turns":3},{"damage":71,"enemies":"Giant Head","floor":41,"turns":9},{"damage":53,"enemies":"Writhing Mass","floor":44,"turns":5},{"damage":0,"enemies":"Spire Growth","floor":46,"turns":3},{"damage":6,"enemies":"3 Darklings","floor":47,"turns":3},{"damage":77,"enemies":"Donu and Deca","floor":50,"turns":6}],"seed_played":"-5755983591346924413","potions_obtained":[{"floor":1.0,"key":"SpeedPotion"},{"floor":14,"key":"SteroidPotion"},{"floor":16,"key":"FearPotion"},{"floor":23,"key":"FairyPotion"},{"floor":28,"key":"Energy Potion"},{"floor":35,"key":"SkillPotion"},{"floor":41,"key":"Energy Potion"},{"floor":44,"key":"GamblersBrew"},{"floor":47,"key":"SpeedPotion"}],"is_trial":false,"path_per_floor":["M","M","M","M","M","R","E","R","T","M","E","?","$","M","R","B",null,"M","M","?","M","M","E","T","R","T","R","M","E","$","M","R","B",null,"M","M","?","M","$","R","E","R","T","M","T","M","M","?","R","B",null],"character_chosen":"DEFECT","items_purchased":["Mango","White Noise","Conserve Battery","Tiny Chest","Bird Faced Urn","Madness"],"campfire_rested":3,"item_purchase_floors":[13,30,30,30,39,39],"current_hp_per_floor":[82,82,82,59,45,45,19,43,43,48,20,9,23,30,58,22,96,87,96,96,96,90,57,57,57,57,57,65,50,50,70,70,23,96,70,66,80,81,81,81,44,44,44,10,10,29,48,48,76,13],"gold":126,"neow_bonus":"TEN_PERCENT_HP_BONUS","is_prod":false,"is_daily":false,"chose_seed":false,"campfire_upgraded":6,"win_rate":0.0,"timestamp":1562626144,"path_taken":["M","?","M","M","M","R","E","R","T","M","E","?","$","M","R","BOSS","M","M","?","M","?","E","?","R","T","R","M","E","$","M","R","BOSS","M","M","?","M","$","R","E","R","T","M","?","?","M","?","R","BOSS"],"build_version":"2019-07-05","purchased_purges":0,"victory":true,"max_hp_per_floor":[82,82,82,82,82,82,82,82,82,82,82,82,96,96,96,96,96,96,96,96,96,96,96,96,96,96,96,96,96,96,96,96,96,96,96,96,96,96,96,96,96,96,96,96,96,96,96,96,96,96],"card_choices":[{"not_picked":["Gash","Coolheaded"],"picked":"Self Repair","floor":1.0},{"not_picked":["Coolheaded","BootSequence"],"picked":"Go for the Eyes","floor":2.0},{"not_picked":["Turbo","Coolheaded"],"picked":"Leap","floor":3.0},{"not_picked":["Rip and Tear","Redo","Streamline"],"picked":"SKIP","floor":4.0},{"not_picked":["Go for the Eyes","Stack"],"picked":"Steam","floor":5},{"not_picked":["Sweeping Beam","Biased Cognition"],"picked":"Ball Lightning","floor":7},{"not_picked":["Stack","Rebound"],"picked":"Sweeping Beam","floor":10},{"not_picked":["Barrage","Static Discharge"],"picked":"Self Repair","floor":11},{"not_picked":["Coolheaded","Melter"],"picked":"White Noise","floor":14},{"not_picked":["Buffer","Reboot"],"picked":"Amplify","floor":16},{"not_picked":["Darkness","Redo+1"],"picked":"Compile Driver","floor":18},{"not_picked":["Gash","Redo"],"picked":"Reinforced Body","floor":19},{"not_picked":["Stack+1","Leap"],"picked":"BootSequence","floor":21},{"not_picked":["Scrape+1","Hologram"],"picked":"Sweeping Beam+1","floor":22},{"not_picked":["Hologram","Multi-Cast"],"picked":"Redo+1","floor":23},{"not_picked":["Loop+1","Hologram"],"picked":"Static Discharge+1","floor":28},{"not_picked":["Reinforced Body+1","Streamline"],"picked":"Storm+1","floor":29},{"not_picked":["Cold Snap","Compile Driver"],"picked":"Heatsinks+1","floor":31},{"not_picked":["Thunder Strike","Biased Cognition+1"],"picked":"Electrodynamics+1","floor":33},{"not_picked":["Conserve Battery","Gash+1"],"picked":"Stack","floor":35},{"not_picked":["Genetic Algorithm+1","Steam Power","Barrage"],"picked":"SKIP","floor":36},{"not_picked":["Skim","Turbo+1"],"picked":"Compile Driver","floor":37},{"not_picked":["Coolheaded","Go for the Eyes","Gash+1"],"picked":"SKIP","floor":38},{"not_picked":["Heatsinks+1","Skim"],"picked":"Doom and Gloom+1","floor":41},{"not_picked":["Darkness","Steam"],"picked":"Coolheaded+1","floor":44},{"not_picked":["Chaos+1","Steam Power"],"picked":"Cold Snap+1","floor":46},{"not_picked":["Steam","Ball Lightning+1"],"picked":"Beam Cell+1","floor":47}],"player_experience":214529,"relics_obtained":[{"floor":7,"key":"Sundial"},{"floor":9,"key":"Darkstone Periapt"},{"floor":11,"key":"The Courier"},{"floor":23,"key":"Pocketwatch"},{"floor":24,"key":"Kunai"},{"floor":26,"key":"Blue Candle"},{"floor":29,"key":"Dead Branch"},{"floor":37,"key":"Peace Pipe"},{"floor":41,"key":"Nunchaku"},{"floor":43,"key":"Lantern"},{"floor":45,"key":"Gremlin Horn"}],"event_choices":[{"damage_healed":0,"gold_gain":75,"player_choice":"Gather Gold","damage_taken":11,"max_hp_gain":0,"max_hp_loss":0,"event_name":"World of Goop","floor":12,"gold_loss":0},{"damage_healed":0,"gold_gain":0,"player_choice":"Gave Potion","damage_taken":0,"relics_obtained":["Frozen Egg 2"],"max_hp_gain":0,"max_hp_loss":0,"event_name":"WeMeetAgain","floor":20,"gold_loss":0},{"damage_healed":0,"gold_gain":0,"player_choice":"Fight","damage_taken":0,"max_hp_gain":0,"max_hp_loss":0,"event_name":"MindBloom","floor":37,"gold_loss":0},{"damage_healed":0,"gold_gain":0,"player_choice":"Ignored","damage_taken":0,"max_hp_gain":0,"max_hp_loss":0,"event_name":"The Moai Head","floor":48,"gold_loss":0}],"is_beta":false,"boss_relics":[{"not_picked":["Inserter","Velvet Choker"],"picked":"Nuclear Battery"},{"not_picked":["Runic Dome","Orrery"],"picked":"FrozenCore"}],"items_purged_floors":[],"is_endless":false,"potions_floor_spawned":[1,14,16,23,28,35,41,44,47],"ascension_level":0}