{"gold_per_floor":[118,118,137,152,169,169,204,204,227,227,4,4,4,29,29,29],"floor_reached":16,"playtime":534,"items_purged":[],"score":216,"play_id":"64a4983a-c186-4fde-bd98-a5c561225474","local_time":"20181118233108","is_ascension_mode":true,"campfire_choices":[{"data":"Body Slam","floor":6,"key":"SMITH"},{"data":"Exhume","floor":8,"key":"SMITH"},{"data":"Armaments","floor":10,"key":"SMITH"},{"data":"Seeing Red","floor":15,"key":"SMITH"}],"neow_cost":"NONE","seed_source_timestamp":387267969330743,"circlet_count":0,"master_deck":["AscendersBane","Strike_R","Strike_R","Strike_R","Strike_R","Defend_R","Defend_R","Defend_R","Defend_R","Bash+1","Wild Strike","Pommel Strike","Body Slam+1","Armaments+1","Exhume+1","Shrug It Off","Seeing Red+1","Clothesline"],"relics":["Burning Blood","Strawberry","Pen Nib","Omamori","PreservedInsect"],"potions_floor_usage":[14,16,16],"damage_taken":[{"damage":7,"enemies":"Small Slimes","floor":1,"turns":4},{"damage":6,"enemies":"Cultist","floor":3,"turns":4},{"damage":3,"enemies":"2 Louse","floor":4,"turns":2},{"damage":20,"enemies":"Gremlin Gang","floor":5,"turns":7},{"damage":32,"enemies":"Gremlin Nob","floor":7,"turns":4},{"damage":37,"enemies":"3 Sentries","floor":14,"turns":10},{"damage":32,"enemies":"The Guardian","floor":16,"turns":9}],"seed_played":"3453914184083150918","potions_obtained":[{"floor":4,"key":"Regen Potion"},{"floor":5,"key":"FearPotion"},{"floor":14,"key":"AttackPotion"}],"is_trial":false,"path_per_floor":["M","?","M","M","M","R","E","R","T","R","$","?","$","E","R","B"],"character_chosen":"IRONCLAD","items_purchased":["Omamori","Shrug It Off"],"campfire_rested":0,"item_purchase_floors":[11,11],"current_hp_per_floor":[74,74,74,77,63,63,44,44,44,44,44,44,44,28,28,0],"gold":29,"neow_bonus":"TEN_PERCENT_HP_BONUS","is_prod":false,"is_daily":false,"chose_seed":false,"campfire_upgraded":4,"win_rate":0,"timestamp":1542601868,"path_taken":["M","?","M","?","M","R","E","R","T","R","$","?","?","E","R","BOSS"],"build_version":"2018-11-15","purchased_purges":0,"victory":false,"max_hp_per_floor":[82,82,82,82,82,82,89,89,89,89,89,89,89,89,89,89],"card_choices":[{"not_picked":["Warcry","Sword Boomerang"],"picked":"Wild Strike","floor":1},{"not_picked":["Flame Barrier","Double Tap"],"picked":"Pommel Strike","floor":3},{"not_picked":["Cleave","Sever Soul"],"picked":"Body Slam","floor":4},{"not_picked":["Heavy Blade","Infernal Blade"],"picked":"Armaments","floor":5},{"not_picked":["Perfected Strike","Blood for Blood"],"picked":"Exhume","floor":7},{"not_picked":["Clothesline","Wild Strike","Twin Strike"],"picked":"SKIP","floor":14},{"not_picked":["Wild Strike","Twin Strike"],"picked":"Clothesline","floor":14}],"player_experience":1110567,"relics_obtained":[{"floor":7,"key":"Strawberry"},{"floor":9,"key":"Pen Nib"},{"floor":14,"key":"PreservedInsect"}],"event_choices":[{"damage_healed":0,"gold_gain":0,"player_choice":"Upgraded","damage_taken":0,"max_hp_gain":0,"max_hp_loss":0,"event_name":"Upgrade Shrine","floor":2,"gold_loss":0,"cards_upgraded":["Bash"]},{"damage_healed":0,"gold_gain":0,"cards_transformed":["Strike_R"],"player_choice":"Transformed","damage_taken":0,"max_hp_gain":0,"max_hp_loss":0,"event_name":"Transmorgrifier","floor":12,"gold_loss":0,"cards_obtained":["Seeing Red"]}],"is_beta":false,"boss_relics":[],"items_purged_floors":[],"is_endless":false,"potions_floor_spawned":[4,5,7,14],"killed_by":"The Guardian","ascension_level":20}