{"gold_per_floor":[217,237,252,252,265,299,299,324,395,67,132,157,173,173,173,273,273],"floor_reached":17,"playtime":616,"items_purged":["Strike_R"],"score":175,"play_id":"a39df7aa-9545-43e8-b5ec-8a3168a2afe2","local_time":"20180730200012","is_ascension_mode":false,"campfire_choices":[{"data":"Whirlwind","floor":7,"key":"SMITH"},{"floor":15,"key":"REST"}],"neow_cost":"NONE","seed_source_timestamp":1644531932879831,"circlet_count":0,"master_deck":["Strike_R","Strike_R","Strike_R","Defend_R","Defend_R","Defend_R","Defend_R","Bash","Armaments","Pommel Strike","Whirlwind+1","Thunderclap","Rampage","Wild Strike","Flame Barrier","Metallicize","Headbutt","Wild Strike","Bludgeon","Clumsy","Parasite","Normality"],"relics":["Burning Blood","Ornamental Fan","Magic Flower","Paper Frog","Orichalcum","Tiny Chest","Happy Flower","Oddly Smooth Stone","Calling Bell","Dream Catcher","Shuriken","Nunchaku"],"potions_floor_usage":[8,11],"damage_taken":[{"damage":5,"enemies":"Jaw Worm","floor":1,"turns":5},{"damage":2,"enemies":"2 Louse","floor":2,"turns":3},{"damage":7,"enemies":"Small Slimes","floor":3,"turns":3},{"damage":18,"enemies":"Red Slaver","floor":5,"turns":4},{"damage":19,"enemies":"3 Sentries","floor":6,"turns":6},{"damage":28,"enemies":"Gremlin Nob","floor":8,"turns":5},{"damage":11,"enemies":"3 Sentries","floor":11,"turns":5},{"damage":4,"enemies":"Exordium Thugs","floor":13,"turns":6},{"damage":6,"enemies":"Slime Boss","floor":16,"turns":9}],"seed_played":"-2757364424575592836","potions_obtained":[{"floor":3,"key":"Weak Potion"},{"floor":8,"key":"PowerPotion"},{"floor":11,"key":"AttackPotion"},{"floor":16,"key":"Weak Potion"}],"is_trial":false,"path_per_floor":["M","M","M","?","M","E","R","E","T","$","E","T","M","?","R","B"],"character_chosen":"IRONCLAD","items_purchased":["Orichalcum","Flame Barrier","Metallicize"],"campfire_rested":1,"item_purchase_floors":[10,10,10],"current_hp_per_floor":[80,80,79,72,60,47,47,25,25,25,23,23,28,16,40,43,80],"gold":273,"neow_bonus":"HUNDRED_GOLD","is_prod":false,"is_daily":false,"chose_seed":false,"campfire_upgraded":1,"win_rate":0,"timestamp":1532995212,"path_taken":["M","M","M","?","?","E","R","E","T","$","E","?","M","?","R","BOSS"],"build_version":"2018-07-26","purchased_purges":1,"victory":false,"max_hp_per_floor":[80,80,80,80,80,80,80,80,80,80,80,80,80,80,80,80,80],"card_choices":[{"not_picked":["Sword Boomerang","Sentinel"],"picked":"Armaments","floor":1},{"not_picked":["Combust","Ghostly Armor"],"picked":"Pommel Strike","floor":2},{"not_picked":["Iron Wave","Anger"],"picked":"Whirlwind","floor":3},{"not_picked":["Body Slam","Flame Barrier"],"picked":"Thunderclap","floor":5},{"not_picked":["Searing Blow","Body Slam"],"picked":"Rampage","floor":6},{"not_picked":["Brutality","Sentinel"],"picked":"Wild Strike","floor":8},{"not_picked":["Twin Strike","Immolate"],"picked":"Headbutt","floor":11},{"not_picked":["Warcry","True Grit"],"picked":"Wild Strike","floor":13},{"not_picked":["Exhume","Berserk"],"picked":"Bludgeon","floor":16}],"player_experience":397457,"relics_obtained":[{"floor":6,"key":"Ornamental Fan"},{"floor":8,"key":"Magic Flower"},{"floor":9,"key":"Paper Frog"},{"floor":11,"key":"Tiny Chest"},{"floor":12,"key":"Happy Flower"},{"floor":17,"key":"Dream Catcher"},{"floor":17,"key":"Shuriken"},{"floor":17,"key":"Nunchaku"}],"event_choices":[{"event_name":"Golden Wing","player_choice":"Card Removal","floor":4,"damage_taken":0},{"event_name":"Scrap Ooze","player_choice":"success","floor":14,"damage_taken":12}],"is_beta":false,"boss_relics":[{"not_picked":["Sozu","Mark of Pain"],"picked":"Calling Bell"}],"items_purged_floors":[10],"is_endless":false,"potions_floor_spawned":[3,8,11,16],"ascension_level":0}