{"gold_per_floor":[15,35,35,53,72,107,107,141,141,174,188,204,215,226,226,326,326,343,146,156,173,39,39,54,54,54,70,87,104,117,79,79,79],"floor_reached":33,"playtime":1435,"items_purged":["Strike_G","Strike_G"],"score":330,"play_id":"b6f091bf-36d8-45df-9fd8-b020dbdf1edc","local_time":"20190717045606","is_ascension_mode":true,"campfire_choices":[{"data":"All Out Attack","floor":7,"key":"SMITH"},{"floor":15,"key":"REST"},{"floor":23,"key":"REST"},{"floor":32,"key":"REST"}],"neow_cost":"NO_GOLD","seed_source_timestamp":44369269170802,"circlet_count":0,"master_deck":["Strike_G","Strike_G","Strike_G","Defend_G","Defend_G","Defend_G","Defend_G","Defend_G","Survivor","Neutralize","All Out Attack+1","Backflip","Sucker Punch","Sucker Punch","Bullet Time","Footwork","All Out Attack+1","Dagger Spray+1","Die Die Die+1","Dagger Spray+1","Crippling Poison","All Out Attack+1","Footwork","Dagger Spray+1","Terror"],"relics":["Ring of the Snake","Centennial Puzzle","Snake Skull","Shuriken","Molten Egg 2","Fusion Hammer","Pear"],"potions_floor_usage":[3,6,6,14,16,16,18,29,33,33],"damage_taken":[{"damage":0,"enemies":"Cultist","floor":1,"turns":5},{"damage":0,"enemies":"2 Louse","floor":2,"turns":2},{"damage":0,"enemies":"Jaw Worm","floor":4,"turns":4},{"damage":7,"enemies":"Red Slaver","floor":5,"turns":4},{"damage":11,"enemies":"Gremlin Nob","floor":6,"turns":4},{"damage":28,"enemies":"Lagavulin","floor":8,"turns":8},{"damage":10,"enemies":"3 Sentries","floor":10,"turns":4},{"damage":0,"enemies":"3 Louse","floor":11,"turns":1},{"damage":9,"enemies":"Exordium Wildlife","floor":12,"turns":3},{"damage":0,"enemies":"Lots of Slimes","floor":13,"turns":1},{"damage":0,"enemies":"3 Louse","floor":14,"turns":1},{"damage":22,"enemies":"Slime Boss","floor":16,"turns":7},{"damage":10,"enemies":"2 Thieves","floor":18,"turns":2},{"damage":18,"enemies":"Shell Parasite","floor":20,"turns":5},{"damage":9,"enemies":"Shelled Parasite and Fungi","floor":21,"turns":5},{"damage":18,"enemies":"Snake Plant","floor":24,"turns":5},{"damage":20,"enemies":"Centurion and Healer","floor":27,"turns":3},{"damage":11,"enemies":"Sentry and Sphere","floor":28,"turns":3},{"damage":22,"enemies":"Snake Plant","floor":29,"turns":3},{"damage":7,"enemies":"Snecko","floor":30,"turns":3},{"damage":31,"enemies":"Champ","floor":33,"turns":6}],"seed_played":"4083936235618381987","potions_obtained":[{"floor":2,"key":"AttackPotion"},{"floor":3,"key":"Fruit Juice"},{"floor":3,"key":"Strength Potion"},{"floor":3,"key":"Ancient Potion"},{"floor":12,"key":"SkillPotion"},{"floor":13,"key":"EssenceOfSteel"},{"floor":14,"key":"Weak Potion"},{"floor":16,"key":"EssenceOfSteel"},{"floor":21,"key":"SteroidPotion"},{"floor":27,"key":"Strength Potion"},{"floor":29,"key":"Energy Potion"}],"is_trial":false,"path_per_floor":["M","M","?","M","M","E","R","E","T","E","M","M","M","M","R","B",null,"M","$","M","M","$","R","M","?","T","M","M","M","M","$","R","B"],"character_chosen":"THE_SILENT","items_purchased":["Dagger Spray+1","Crippling Poison","Footwork","Terror"],"campfire_rested":3,"item_purchase_floors":[19,19,22,31],"current_hp_per_floor":[84,84,89,89,82,71,71,43,43,33,33,24,24,24,50,28,89,79,79,61,52,52,78,60,52,62,42,31,9,2,2,31,0],"gold":79,"neow_bonus":"TWENTY_PERCENT_HP_BONUS","is_prod":false,"is_daily":false,"chose_seed":false,"campfire_upgraded":1,"win_rate":0,"timestamp":1563357366,"path_taken":["M","?","?","?","M","E","R","E","T","E","M","M","M","M","R","BOSS","M","$","M","M","$","R","M","?","T","M","M","?","M","?","R","BOSS"],"build_version":"2019-07-05","purchased_purges":2,"victory":false,"max_hp_per_floor":[84,84,89,89,89,89,89,89,89,89,89,89,89,89,89,89,89,89,89,89,89,89,89,89,89,99,99,99,99,99,99,99,99],"card_choices":[{"not_picked":["Deflect","Reflex"],"picked":"All Out Attack","floor":1},{"not_picked":["Blade Dance","Poisoned Stab"],"picked":"Backflip","floor":2},{"not_picked":["Bane","Cloak And Dagger","Acrobatics"],"picked":"SKIP","floor":4},{"not_picked":["Deflect","Acrobatics"],"picked":"Sucker Punch","floor":5},{"not_picked":["Heel Hook","Backstab","Finisher"],"picked":"SKIP","floor":6},{"not_picked":["Cloak And Dagger","Reflex"],"picked":"Sucker Punch","floor":8},{"not_picked":["Dodge and Roll","Riddle With Holes"],"picked":"Bullet Time","floor":10},{"not_picked":["Blade Dance","Concentrate","Cloak And Dagger"],"picked":"SKIP","floor":11},{"not_picked":["Noxious Fumes","Underhanded Strike+1"],"picked":"Footwork","floor":12},{"not_picked":["Deadly Poison","Infinite Blades"],"picked":"All Out Attack+1","floor":13},{"not_picked":["Bane+1","Backflip"],"picked":"Dagger Spray+1","floor":14},{"not_picked":["Venomology","Tools of the Trade"],"picked":"Die Die Die+1","floor":16},{"not_picked":["Dagger Throw+1","PiercingWail","Deadly Poison"],"picked":"SKIP","floor":18},{"not_picked":["Endless Agony+1","Poisoned Stab+1","Outmaneuver"],"picked":"SKIP","floor":20},{"not_picked":["Deadly Poison","Calculated Gamble"],"picked":"All Out Attack+1","floor":21},{"not_picked":["Flying Knee+1","Sucker Punch+1","Dodge and Roll+1"],"picked":"SKIP","floor":24},{"not_picked":["Quick Slash+1","Finisher+1","Dodge and Roll"],"picked":"SKIP","floor":27},{"not_picked":["Flying Knee+1","Prepared"],"picked":"Dagger Spray+1","floor":28},{"not_picked":["Catalyst+1","Acrobatics","Cloak And Dagger"],"picked":"SKIP","floor":29},{"not_picked":["Flying Knee+1","Prepared","Burst"],"picked":"SKIP","floor":30}],"player_experience":120399,"relics_obtained":[{"floor":6,"key":"Centennial Puzzle"},{"floor":8,"key":"Snake Skull"},{"floor":9,"key":"Shuriken"},{"floor":10,"key":"Molten Egg 2"},{"floor":26,"key":"Pear"}],"event_choices":[{"damage_healed":0,"gold_gain":0,"player_choice":"Got Potions","damage_taken":0,"max_hp_gain":0,"max_hp_loss":0,"event_name":"Lab","floor":3,"gold_loss":0},{"damage_healed":0,"gold_gain":0,"player_choice":"","damage_taken":8,"max_hp_gain":0,"max_hp_loss":0,"event_name":"Knowing Skull","floor":25,"potions_obtained":[],"gold_loss":0,"cards_obtained":[]}],"is_beta":false,"boss_relics":[{"not_picked":["Philosopher\u0027s Stone","Calling Bell"],"picked":"Fusion Hammer"}],"items_purged_floors":[19,22],"is_endless":false,"potions_floor_spawned":[2,12,13,14,16,21,27,29],"killed_by":"Champ","ascension_level":2}