{"gold_per_floor":[216,231,231,245,260,286,286,314,362,362,362,390,390,408,408,486,486,500,500,500],"floor_reached":20,"playtime":684,"items_purged":[],"score":384,"play_id":"d70986db-3dce-4295-9c95-10593c6656bf","local_time":"20181030202030","is_ascension_mode":true,"campfire_choices":[{"data":"Rampage","floor":7.0,"key":"SMITH"},{"data":"Immolate","floor":11.0,"key":"SMITH"},{"data":"Uppercut","floor":13.0,"key":"SMITH"},{"data":"Havoc","floor":15.0,"key":"SMITH"}],"neow_cost":"NONE","seed_source_timestamp":1037490722224382,"circlet_count":0,"master_deck":["Strike_R","Strike_R","Strike_R","Strike_R","Strike_R","Defend_R","Defend_R","Defend_R","Defend_R","Bash","AscendersBane","Havoc+1","Metallicize","Rampage+1","Brutality","Uppercut+1","Immolate+1","Parasite","Battle Trance","Headbutt","Limit Break","Dropkick","Writhe"],"special_seed":0,"relics":["Burning Blood","The Courier","Paper Frog","Red Skull","Regal Pillow","Anchor","Sozu","Oddly Smooth Stone"],"potions_floor_usage":[],"damage_taken":[{"damage":18.0,"enemies":"Small Slimes","floor":1.0,"turns":5.0},{"damage":1.0,"enemies":"2 Louse","floor":2.0,"turns":3.0},{"damage":3.0,"enemies":"Cultist","floor":4.0,"turns":4.0},{"damage":8.0,"enemies":"Blue Slaver","floor":5.0,"turns":7.0},{"damage":28.0,"enemies":"Lagavulin","floor":6.0,"turns":8.0},{"damage":27.0,"enemies":"3 Sentries","floor":8.0,"turns":10.0},{"damage":7.0,"enemies":"Lagavulin","floor":12.0,"turns":5.0},{"damage":4.0,"enemies":"Exordium Wildlife","floor":14.0,"turns":4.0},{"damage":14.0,"enemies":"Hexaghost","floor":16.0,"turns":6.0},{"damage":16,"enemies":"2 Thieves","floor":18,"turns":4},{"damage":53,"enemies":"3 Byrds","floor":20,"turns":4}],"seed_played":"2470452504336390370","potions_obtained":[{"floor":4.0,"key":"Weak Potion"},{"floor":6.0,"key":"Dexterity Potion"},{"floor":8.0,"key":"FearPotion"},{"floor":14.0,"key":"AttackPotion"}],"is_trial":false,"path_per_floor":["M","M","?","M","M","E","R","E","T","?","R","E","R","M","R","B",null,"M","?"],"character_chosen":"IRONCLAD","items_purchased":[],"campfire_rested":0,"item_purchase_floors":[],"current_hp_per_floor":[56,61,56,59,57,35,35,14,14,32,32,31,31,33,33,25,63,53,53,0],"gold":500,"neow_bonus":"HUNDRED_GOLD","is_prod":false,"is_daily":false,"chose_seed":false,"campfire_upgraded":4,"win_rate":0,"timestamp":1540945230,"path_taken":["M","M","?","M","M","E","R","E","T","?","R","E","R","?","R","BOSS","M","?","M"],"build_version":"2018-10-25v2","purchased_purges":0,"victory":false,"max_hp_per_floor":[75,75,75,75,75,75,75,75,75,75,75,75,75,75,75,75,75,75,75,75],"card_choices":[{"not_picked":["Sentinel","Clash"],"picked":"Havoc","floor":1.0},{"not_picked":["Hemokinesis","Pommel Strike"],"picked":"Metallicize","floor":2.0},{"not_picked":["Armaments","Shrug It Off"],"picked":"Rampage","floor":4.0},{"not_picked":["Warcry","Iron Wave"],"picked":"Brutality","floor":5.0},{"not_picked":["Clash","Warcry"],"picked":"Uppercut","floor":6.0},{"not_picked":["Hemokinesis","Combust"],"picked":"Immolate","floor":8.0},{"not_picked":["Heavy Blade","Flex"],"picked":"Battle Trance","floor":12.0},{"not_picked":["Iron Wave","Sword Boomerang"],"picked":"Headbutt","floor":14.0},{"not_picked":["Brutality","Dark Embrace"],"picked":"Limit Break","floor":16.0},{"not_picked":["Iron Wave","Sword Boomerang"],"picked":"Dropkick","floor":18}],"player_experience":1020562,"relics_obtained":[{"floor":6.0,"key":"Paper Frog"},{"floor":8.0,"key":"Red Skull"},{"floor":9.0,"key":"Regal Pillow"},{"floor":12.0,"key":"Anchor"}],"event_choices":[{"damage_healed":0.0,"max_hp_gain":0.0,"max_hp_loss":0.0,"gold_gain":0.0,"event_name":"Scrap Ooze","player_choice":"Success","floor":3.0,"gold_loss":0.0,"damage_taken":5.0,"relics_obtained":["The Courier"]},{"damage_healed":18.0,"max_hp_gain":0.0,"max_hp_loss":0.0,"gold_gain":0.0,"event_name":"Mushrooms","player_choice":"Healed and dodged fight","floor":10.0,"gold_loss":0.0,"damage_taken":0.0,"cards_obtained":["Parasite"]},{"damage_healed":0,"gold_gain":0,"player_choice":"Opened","damage_taken":0,"relics_obtained":["Oddly Smooth Stone"],"max_hp_gain":0,"max_hp_loss":0,"event_name":"The Mausoleum","floor":19,"gold_loss":0,"cards_obtained":["Writhe"]}],"is_beta":false,"boss_relics":[{"not_picked":["Velvet Choker","Philosopher\u0027s Stone"],"picked":"Sozu"}],"items_purged_floors":[],"is_endless":false,"potions_floor_spawned":[4,6,8,14,18],"killed_by":"3 Byrds","ascension_level":20}