{"gold_per_floor":[113,113,129,129,34,65,65,108,108,108,29,45,45,86,86,86],"floor_reached":16,"playtime":416,"items_purged":[],"score":232,"play_id":"40b72e50-01ad-4ea9-b20a-ab6f825bb868","local_time":"20181201221128","is_ascension_mode":true,"campfire_choices":[{"data":"Zap","floor":7,"key":"SMITH"},{"floor":13,"key":"REST"},{"data":"Go for the Eyes","floor":15,"key":"SMITH"}],"neow_cost":"NONE","seed_source_timestamp":551607253995456,"circlet_count":0,"master_deck":["AscendersBane","Strike_B","Strike_B","Strike_B","Strike_B","Defend_B","Defend_B","Defend_B","Defend_B","Zap+1","Dualcast","Go for the Eyes+1","Flash of Steel","Ball Lightning","All For One+1","Static Discharge+1","FTL+1","Glacier"],"relics":["Cracked Core","PreservedInsect","Golden Idol","Strawberry","Molten Egg 2","Frozen Egg 2","Letter Opener"],"potions_floor_usage":[14,14,16],"damage_taken":[{"damage":0,"enemies":"Small Slimes","floor":1,"turns":3},{"damage":9,"enemies":"Jaw Worm","floor":3,"turns":4},{"damage":20,"enemies":"3 Sentries","floor":6,"turns":7},{"damage":6,"enemies":"Gremlin Nob","floor":8,"turns":3},{"damage":0,"enemies":"Cultist","floor":12,"turns":2},{"damage":3,"enemies":"Lagavulin","floor":14,"turns":4},{"damage":26,"enemies":"Hexaghost","floor":16,"turns":9}],"seed_played":"5489893737223427121","potions_obtained":[{"floor":6,"key":"Block Potion"},{"floor":8,"key":"Poison Potion"},{"floor":14,"key":"FearPotion"}],"is_trial":false,"path_per_floor":["M","?","M","?","$","E","R","E","T","?","$","M","R","E","R","B"],"character_chosen":"DEFECT","items_purchased":["Flash of Steel","Static Discharge+1"],"campfire_rested":1,"item_purchase_floors":[5,11],"current_hp_per_floor":[64,69,60,34,34,21,21,15,15,4,4,4,28,25,25,0],"gold":86,"neow_bonus":"RANDOM_COMMON_RELIC","is_prod":false,"is_daily":false,"chose_seed":false,"campfire_upgraded":2,"win_rate":0,"timestamp":1543720288,"path_taken":["M","?","M","?","$","E","R","E","T","?","$","?","R","E","R","BOSS"],"build_version":"2018-11-15","purchased_purges":0,"victory":false,"max_hp_per_floor":[71,76,76,76,76,83,83,83,83,83,83,83,83,83,83,83],"card_choices":[{"not_picked":["Barrage","Rebound","Redo"],"picked":"SKIP","floor":1},{"not_picked":["Tempest","Scrape"],"picked":"Go for the Eyes","floor":3},{"not_picked":["Genetic Algorithm","Steam"],"picked":"Ball Lightning","floor":6},{"not_picked":["Sweeping Beam","Defragment"],"picked":"All For One","floor":8},{"not_picked":["Leap","Force Field"],"picked":"FTL+1","floor":12},{"not_picked":["Ball Lightning+1","Core Surge+1"],"picked":"Glacier","floor":14}],"player_experience":1219068,"relics_obtained":[{"floor":6,"key":"Strawberry"},{"floor":8,"key":"Molten Egg 2"},{"floor":9,"key":"Frozen Egg 2"},{"floor":14,"key":"Letter Opener"}],"event_choices":[{"damage_healed":0,"gold_gain":0,"player_choice":"Donut","damage_taken":0,"max_hp_gain":5,"max_hp_loss":0,"event_name":"Big Fish","floor":2,"gold_loss":0},{"damage_healed":0,"gold_gain":0,"player_choice":"Take Damage","damage_taken":26,"relics_obtained":["Golden Idol"],"max_hp_gain":0,"max_hp_loss":0,"event_name":"Golden Idol","floor":4,"gold_loss":0},{"damage_healed":0,"gold_gain":0,"player_choice":"Fled","damage_taken":11,"max_hp_gain":0,"max_hp_loss":0,"event_name":"Scrap Ooze","floor":10,"gold_loss":0}],"is_beta":false,"boss_relics":[],"items_purged_floors":[],"is_endless":false,"potions_floor_spawned":[6,8,14],"killed_by":"Hexaghost","ascension_level":20}