{"gold_per_floor":[214,88,68,80,80,80,97,97,97,127,143,169,169,169],"floor_reached":14,"playtime":433,"items_purged":["Strike_B"],"score":196,"play_id":"56d695d1-3ec9-41a7-82ee-290554fe3ba1","local_time":"20181128222240","is_ascension_mode":true,"campfire_choices":[{"data":"Zap","floor":6,"key":"SMITH"},{"data":"Go for the Eyes","floor":8,"key":"SMITH"},{"data":"Dualcast","floor":13,"key":"SMITH"}],"neow_cost":"NONE","seed_source_timestamp":293044945798670,"circlet_count":0,"master_deck":["AscendersBane","Strike_B","Strike_B","Defend_B+1","Defend_B","Defend_B","Defend_B+1","Zap+1","Dualcast+1","Sweeping Beam","Sweeping Beam","Cold Snap","Go for the Eyes+1","Turbo","FTL","FTL"],"relics":["Cracked Core","Pantograph","Bronze Scales","War Paint"],"potions_floor_usage":[10,11,12],"damage_taken":[{"damage":0,"enemies":"Cultist","floor":1,"turns":4},{"damage":11,"enemies":"Small Slimes","floor":4,"turns":4},{"damage":5,"enemies":"2 Louse","floor":7,"turns":2},{"damage":20,"enemies":"Gremlin Nob","floor":10,"turns":4},{"damage":9,"enemies":"Exordium Thugs","floor":11,"turns":4},{"damage":10,"enemies":"3 Sentries","floor":12,"turns":5},{"damage":27,"enemies":"Gremlin Nob","floor":14,"turns":3}],"seed_played":"-7705934893383339649","potions_obtained":[{"floor":1,"key":"SkillPotion"},{"floor":3,"key":"Strength Potion"},{"floor":4,"key":"Regen Potion"},{"floor":11,"key":"PowerPotion"}],"is_trial":false,"path_per_floor":["M","$","?","M","?","R","M","R","T","E","M","E","R","E"],"character_chosen":"DEFECT","items_purchased":["Sweeping Beam"],"campfire_rested":0,"item_purchase_floors":[2],"current_hp_per_floor":[64,64,64,53,53,53,48,48,48,28,31,21,21,0],"gold":169,"neow_bonus":"HUNDRED_GOLD","is_prod":false,"is_daily":false,"chose_seed":false,"campfire_upgraded":3,"win_rate":0,"timestamp":1543461760,"path_taken":["M","?","?","?","?","R","M","R","T","E","?","E","R","E"],"build_version":"2018-11-15","purchased_purges":1,"victory":false,"max_hp_per_floor":[71,71,71,71,71,71,71,71,71,71,71,71,71,71],"card_choices":[{"not_picked":["Doom and Gloom","Barrage"],"picked":"Sweeping Beam","floor":1},{"not_picked":["Steam","Recycle"],"picked":"Cold Snap","floor":4},{"not_picked":["Steam","Stack"],"picked":"Go for the Eyes","floor":7},{"not_picked":["Beam Cell","Gash"],"picked":"Turbo","floor":10},{"not_picked":["Turbo","Coolheaded"],"picked":"FTL","floor":11},{"not_picked":["Gash","Genetic Algorithm"],"picked":"FTL","floor":12}],"player_experience":1187641,"relics_obtained":[{"floor":9,"key":"Pantograph"},{"floor":10,"key":"Bronze Scales"},{"floor":12,"key":"War Paint"}],"event_choices":[{"damage_healed":0,"gold_gain":0,"player_choice":"Bought 1 Potion","damage_taken":0,"max_hp_gain":0,"max_hp_loss":0,"event_name":"The Woman in Blue","floor":3,"gold_loss":0},{"cards_removed":["Strike_B"],"damage_healed":0,"gold_gain":0,"player_choice":"Card Removal","damage_taken":0,"max_hp_gain":0,"max_hp_loss":0,"event_name":"Wheel of Change","floor":5,"gold_loss":0}],"is_beta":false,"boss_relics":[],"items_purged_floors":[2],"is_endless":false,"potions_floor_spawned":[1,4,7,11],"killed_by":"Gremlin Nob","ascension_level":20}