{"gold_per_floor":[112,12,12,12,12,39,13,40,66,66,81,81,93,112,112,188,188,157,157,157],"floor_reached":20,"playtime":2121,"items_purged":[],"score":403,"play_id":"1d27ddac-f756-4a25-b5e9-02a9dff80f92","local_time":"20190722182415","is_ascension_mode":true,"campfire_choices":[{"data":"Noxious Fumes","floor":12,"key":"SMITH"},{"data":"Blur","floor":15,"key":"SMITH"}],"neow_cost":"NONE","seed_source_timestamp":12498059058348,"circlet_count":0,"master_deck":["AscendersBane","Strike_G","Strike_G","Defend_G","Defend_G","Defend_G","Defend_G","Defend_G","Survivor","Neutralize","Flechettes","Dagger Throw","Backflip","Choke","Deadly Poison","Escape Plan","Noxious Fumes+1","Venomology","Blade Dance","Blur+1","Glass Knife","Crippling Poison","RitualDagger"],"relics":["Ring of the Snake","NeowsBlessing","MawBank","PreservedInsect","Blood Vial","Empty Cage"],"potions_floor_usage":[14,16,16,16],"damage_taken":[{"damage":0,"enemies":"Small Slimes","floor":1,"turns":1},{"damage":0,"enemies":"Lagavulin","floor":6,"turns":1},{"damage":0,"enemies":"3 Sentries","floor":8,"turns":1},{"damage":0,"enemies":"Cultist","floor":11,"turns":3},{"damage":0,"enemies":"Jaw Worm","floor":13,"turns":3},{"damage":1,"enemies":"3 Louse","floor":14,"turns":4},{"damage":32,"enemies":"Hexaghost","floor":16,"turns":7},{"damage":38,"enemies":"2 Thieves","floor":18,"turns":5},{"damage":22,"enemies":"Chosen","floor":20,"turns":4}],"seed_played":"8602522660224673416","potions_obtained":[{"floor":11,"key":"PowerPotion"},{"floor":13,"key":"Explosive Potion"},{"floor":16,"key":"Strength Potion"}],"is_trial":false,"path_per_floor":["M","$","?","$","?","E","$","E","T","?","M","R","M","M","R","B",null,"M","?","M"],"character_chosen":"THE_SILENT","items_purchased":["Dagger Throw","Backflip","Noxious Fumes"],"campfire_rested":0,"item_purchase_floors":[2,2,7],"current_hp_per_floor":[59,59,59,59,59,59,59,59,59,59,61,61,63,64,64,34,58,22,16,0],"gold":157,"neow_bonus":"THREE_ENEMY_KILL","is_prod":false,"is_daily":false,"chose_seed":false,"campfire_upgraded":2,"win_rate":0,"timestamp":1563834255,"path_taken":["M","$","?","?","?","E","$","E","T","?","M","R","M","?","R","BOSS","M","?","M"],"build_version":"2019-07-17","purchased_purges":0,"victory":false,"max_hp_per_floor":[66,66,66,66,66,66,66,66,66,66,66,66,66,66,66,66,66,66,66,66],"card_choices":[{"not_picked":["Poisoned Stab","Bane"],"picked":"Flechettes","floor":1},{"not_picked":["Heel Hook","Tactician"],"picked":"Escape Plan","floor":6},{"not_picked":["Bane","Reflex"],"picked":"Venomology","floor":8},{"not_picked":["Acrobatics","Reflex"],"picked":"Blade Dance","floor":11},{"not_picked":["Quick Slash","Setup"],"picked":"Blur","floor":13},{"not_picked":["Sucker Punch","Blade Dance","Poisoned Stab"],"picked":"SKIP","floor":14},{"not_picked":["Envenom","Die Die Die"],"picked":"Glass Knife","floor":16},{"not_picked":["Backstab","Dash"],"picked":"Crippling Poison","floor":18}],"player_experience":579457,"relics_obtained":[{"floor":6,"key":"MawBank"},{"floor":8,"key":"PreservedInsect"},{"floor":9,"key":"Blood Vial"}],"event_choices":[{"damage_healed":0,"gold_gain":0,"cards_transformed":["Strike_G"],"player_choice":"Transformed","damage_taken":0,"max_hp_gain":0,"max_hp_loss":0,"event_name":"Transmorgrifier","floor":3,"gold_loss":0,"cards_obtained":["Choke"]},{"damage_healed":0,"gold_gain":0,"cards_transformed":["Strike_G"],"player_choice":"Change","damage_taken":0,"max_hp_gain":0,"max_hp_loss":0,"event_name":"Living Wall","floor":5,"gold_loss":0,"cards_obtained":["Deadly Poison"]},{"damage_healed":0,"gold_gain":0,"player_choice":"Cursed","damage_taken":0,"max_hp_gain":0,"max_hp_loss":0,"event_name":"Wheel of Change","floor":10,"gold_loss":0,"cards_obtained":["Decay"]},{"damage_healed":0,"gold_gain":0,"player_choice":"Joined the Cult","damage_taken":6,"max_hp_gain":0,"max_hp_loss":0,"event_name":"Nest","floor":19,"gold_loss":0,"cards_obtained":["RitualDagger"]}],"is_beta":false,"boss_relics":[{"not_picked":["Lizard Tail","Philosopher\u0027s Stone"],"picked":"Empty Cage"}],"items_purged_floors":[],"is_endless":false,"potions_floor_spawned":[11,13,14,16],"killed_by":"Chosen","ascension_level":15}