{"gold_per_floor":[113,2,15,15,90,90,104,137,208,208,483,498,498,508,508,508],"floor_reached":16,"playtime":649,"items_purged":["Injury"],"score":175,"play_id":"fb147ec9-0c1c-4ff3-a891-bb27abe10244","local_time":"20181211190456","is_ascension_mode":true,"campfire_choices":[{"data":"Neutralize","floor":6,"key":"SMITH"},{"data":"Footwork","floor":10,"key":"SMITH"},{"floor":13,"key":"REST"},{"data":"Noxious Fumes","floor":15,"key":"SMITH"}],"neow_cost":"CURSE","seed_source_timestamp":9856043954640,"circlet_count":0,"master_deck":["AscendersBane","Defend_G","Defend_G","Defend_G+1","Defend_G","Defend_G","Strike_G","Strike_G","Strike_G","Strike_G","Strike_G","Survivor","Neutralize+1","Infinite Blades+1","Well Laid Plans","Quick Slash","Footwork+1","Regret","Noxious Fumes+1","Deadly Poison+1","Escape Plan+1"],"relics":["Ring of the Snake","Ginger","Dream Catcher","Toxic Egg 2"],"potions_floor_usage":[16],"damage_taken":[{"damage":0,"enemies":"2 Louse","floor":1,"turns":4},{"damage":0,"enemies":"Cultist","floor":3,"turns":4},{"damage":0,"enemies":"Jaw Worm","floor":7,"turns":4},{"damage":5,"enemies":"3 Sentries","floor":8,"turns":11},{"damage":8,"enemies":"Blue Slaver","floor":12,"turns":5},{"damage":8,"enemies":"Exordium Thugs","floor":14,"turns":6},{"damage":29,"enemies":"Slime Boss","floor":16,"turns":8}],"seed_played":"-7002035263580482729","potions_obtained":[{"floor":8,"key":"Energy Potion"},{"floor":12,"key":"EssenceOfSteel"}],"is_trial":false,"path_per_floor":["M","$","M","?","?","R","M","E","T","R","?","M","R","M","R","B"],"character_chosen":"THE_SILENT","items_purchased":["Well Laid Plans"],"campfire_rested":1,"item_purchase_floors":[2],"current_hp_per_floor":[59,59,59,39,28,28,28,23,23,23,23,15,34,26,26,0],"gold":508,"neow_bonus":"ONE_RARE_RELIC","is_prod":false,"is_daily":false,"chose_seed":false,"campfire_upgraded":3,"win_rate":0,"timestamp":1544573096,"path_taken":["M","$","M","?","?","R","M","E","T","R","?","?","R","M","R","BOSS"],"build_version":"2018-12-06","purchased_purges":1,"victory":false,"max_hp_per_floor":[66,66,66,66,66,66,66,66,66,66,66,66,66,66,66,66],"card_choices":[{"not_picked":["Flying Knee","Catalyst"],"picked":"Infinite Blades","floor":1},{"not_picked":["Outmaneuver","Blur"],"picked":"Quick Slash","floor":3},{"not_picked":["Outmaneuver","Backstab"],"picked":"Footwork","floor":7},{"not_picked":["Outmaneuver","Distraction","Setup"],"picked":"SKIP","floor":8},{"not_picked":["Flying Knee","Accuracy"],"picked":"Noxious Fumes","floor":12},{"not_picked":["Underhanded Strike","Blade Dance+1"],"picked":"Deadly Poison+1","floor":13},{"not_picked":["Choke","Dash"],"picked":"Escape Plan+1","floor":14}],"player_experience":1261245,"relics_obtained":[{"floor":8,"key":"Dream Catcher"},{"floor":9,"key":"Toxic Egg 2"}],"event_choices":[{"damage_healed":0,"gold_gain":0,"player_choice":"Entered Light","damage_taken":20,"max_hp_gain":0,"max_hp_loss":0,"event_name":"Shining Light","floor":4,"gold_loss":0,"cards_upgraded":["Infinite Blades","Defend_G"]},{"damage_healed":0,"gold_gain":75,"player_choice":"Gather Gold","damage_taken":11,"max_hp_gain":0,"max_hp_loss":0,"event_name":"World of Goop","floor":5,"gold_loss":0},{"damage_healed":0,"gold_gain":275,"player_choice":"Desecrate","damage_taken":0,"max_hp_gain":0,"max_hp_loss":0,"event_name":"Golden Shrine","floor":11,"gold_loss":0,"cards_obtained":["Regret"]}],"is_beta":false,"boss_relics":[],"items_purged_floors":[2],"is_endless":false,"potions_floor_spawned":[8,12],"killed_by":"Slime Boss","ascension_level":15}