{"gold_per_floor":[119,119,137,2,20,46,46,73,73,73,148,180,191,222,222,326,326,346,373,65,78,98,98,373,401,427,440,466,484,484,513,513,513],"floor_reached":33,"playtime":1547,"items_purged":["Shame"],"score":516,"play_id":"ff940fe0-b7ce-443e-8d02-a359b3d70667","local_time":"20180820141933","is_ascension_mode":true,"campfire_choices":[{"data":"Limit Break","floor":7,"key":"SMITH"},{"data":"Spot Weakness","floor":10,"key":"SMITH"},{"data":"Shockwave","floor":15,"key":"SMITH"},{"floor":23,"key":"DIG"},{"floor":30,"key":"DIG"},{"floor":32,"key":"DIG"}],"neow_cost":"","seed_source_timestamp":3287102430671,"circlet_count":0,"master_deck":["Strike_R","Strike_R","Strike_R","Strike_R","Defend_R","Defend_R","Defend_R","Defend_R","Bash","AscendersBane","Shrug It Off","Spot Weakness+1","Reaper","Shockwave+1","Limit Break+1","Cleave","Clothesline","Pommel Strike","Power Through","Double Tap","Clumsy","Clumsy","Heavy Blade","Headbutt","Infernal Blade","Regret","Bludgeon+1","Shrug It Off","Sword Boomerang+1","True Grit+1","Clothesline+1"],"relics":["Burning Blood","Bottled Flame","Self Forming Clay","Meat on the Bone","Mummified Hand","Du-Vu Doll","Oddly Smooth Stone","Calling Bell","Bronze Scales","Smiling Mask","Shovel","Red Mask","Molten Egg 2","Red Skull","Calipers","Centennial Puzzle","Bottled Lightning","Kunai","Orichalcum","Mercury Hourglass"],"potions_floor_usage":[8,16,18,25,25,33],"damage_taken":[{"damage":7,"enemies":"2 Louse","floor":1,"turns":3},{"damage":5,"enemies":"Cultist","floor":3,"turns":4},{"damage":3,"enemies":"Small Slimes","floor":5,"turns":5},{"damage":46,"enemies":"3 Sentries","floor":6,"turns":11},{"damage":51,"enemies":"Lagavulin","floor":8,"turns":11},{"damage":19,"enemies":"3 Sentries","floor":12,"turns":4},{"damage":29,"enemies":"Exordium Wildlife","floor":13,"turns":6},{"damage":15,"enemies":"Gremlin Nob","floor":14,"turns":3},{"damage":21,"enemies":"The Guardian","floor":16,"turns":10},{"damage":18,"enemies":"2 Thieves","floor":18,"turns":4},{"damage":23,"floor":19,"turns":5},{"damage":11,"enemies":"Spheric Guardian","floor":21,"turns":3},{"damage":42,"enemies":"Centurion and Healer","floor":22,"turns":8},{"damage":29,"enemies":"Book of Stabbing","floor":25,"turns":5},{"damage":15,"enemies":"Cultist and Chosen","floor":27,"turns":5},{"damage":43,"enemies":"Slavers","floor":28,"turns":5},{"damage":1,"enemies":"Snecko","floor":29,"turns":3},{"damage":25,"enemies":"Book of Stabbing","floor":31,"turns":4},{"damage":80,"enemies":"Automaton","floor":33,"turns":6}],"seed_played":"5685197630051905907","potions_obtained":[{"floor":6,"key":"AttackPotion"},{"floor":12,"key":"FearPotion"},{"floor":14,"key":"PowerPotion"},{"floor":16,"key":"Energy Potion"},{"floor":19,"key":"GamblersBrew"},{"floor":22,"key":"AttackPotion"},{"floor":29,"key":"Dexterity Potion"}],"is_trial":false,"path_per_floor":["M","?","M","$","M","E","R","E","T","R","T","E","M","E","R","B",null,"M","?","$","M","M","R","?","E","T","M","E","M","R","E","R"],"character_chosen":"IRONCLAD","items_purchased":["Reaper","Molten Egg 2"],"campfire_rested":0,"item_purchase_floors":[4,20],"current_hp_per_floor":[71,71,72,72,80,62,62,25,25,25,25,66,61,52,52,51,73,80,80,80,75,75,75,75,80,80,79,67,80,80,61,61,0],"gold":513,"neow_bonus":"","is_prod":false,"is_daily":false,"chose_seed":false,"campfire_upgraded":3,"win_rate":0,"timestamp":1534789173,"path_taken":["M","?","M","$","M","E","R","E","T","R","?","E","?","E","R","BOSS","M","?","$","M","M","R","?","E","T","M","E","M","R","E","R","BOSS"],"build_version":"2018-08-16","purchased_purges":1,"victory":false,"max_hp_per_floor":[80,80,80,80,80,80,80,80,80,80,80,80,80,80,80,80,80,80,80,80,80,80,80,80,80,80,80,80,80,80,80,80,80],"card_choices":[{"not_picked":["Havoc","Pommel Strike"],"picked":"Shrug It Off","floor":1},{"not_picked":["Cleave","Infernal Blade"],"picked":"Spot Weakness","floor":3},{"not_picked":["Power Through","Fire Breathing"],"picked":"Shockwave","floor":5},{"not_picked":["Uppercut","Shrug It Off"],"picked":"Limit Break","floor":6},{"not_picked":["Iron Wave","Hemokinesis"],"picked":"Cleave","floor":8},{"not_picked":["Anger","Body Slam"],"picked":"Clothesline","floor":12},{"not_picked":["Rage","Armaments"],"picked":"Pommel Strike","floor":13},{"not_picked":["Corruption","Perfected Strike"],"picked":"Power Through","floor":14},{"not_picked":["Bludgeon","Exhume"],"picked":"Double Tap","floor":16},{"not_picked":["Wild Strike+1","Corruption"],"picked":"Heavy Blade","floor":18},{"not_picked":["Rage","Dual Wield"],"picked":"Headbutt","floor":19},{"not_picked":["Inflame","Blood for Blood+1","Flex"],"picked":"SKIP","floor":21},{"not_picked":["Second Wind","Reckless Charge+1"],"picked":"Infernal Blade","floor":22},{"not_picked":["Anger+1","Heavy Blade+1"],"picked":"Bludgeon+1","floor":25},{"not_picked":["Body Slam+1","Sentinel"],"picked":"Shrug It Off","floor":27},{"not_picked":["Armaments","Wild Strike+1"],"picked":"Sword Boomerang+1","floor":28},{"not_picked":["Metallicize+1","Havoc+1"],"picked":"True Grit+1","floor":29},{"not_picked":["Hemokinesis+1","Inflame"],"picked":"Clothesline+1","floor":31}],"player_experience":518488,"relics_obtained":[{"floor":6,"key":"Bottled Flame"},{"floor":8,"key":"Self Forming Clay"},{"floor":9,"key":"Meat on the Bone"},{"floor":11,"key":"Mummified Hand"},{"floor":12,"key":"Du-Vu Doll"},{"floor":14,"key":"Oddly Smooth Stone"},{"floor":17,"key":"Bronze Scales"},{"floor":17,"key":"Smiling Mask"},{"floor":17,"key":"Shovel"},{"floor":19,"key":"Red Mask"},{"floor":23,"key":"Red Skull"},{"floor":25,"key":"Calipers"},{"floor":26,"key":"Centennial Puzzle"},{"floor":28,"key":"Bottled Lightning"},{"floor":30,"key":"Kunai"},{"floor":31,"key":"Orichalcum"},{"floor":32,"key":"Mercury Hourglass"}],"event_choices":[{"event_name":"Bonfire Elementals","player_choice":"BASIC","floor":2,"damage_taken":0},{"event_name":"Masked Bandits","player_choice":"Fought Bandits","floor":19,"damage_taken":0},{"event_name":"Golden Shrine","player_choice":"Desecrate","floor":24,"damage_taken":0}],"is_beta":false,"boss_relics":[{"not_picked":["Black Star","Ectoplasm"],"picked":"Calling Bell"}],"items_purged_floors":[20],"is_endless":false,"potions_floor_spawned":[6,12,14,16,19,22,29],"killed_by":"Automaton","ascension_level":11}