{"gold_per_floor":[109,120,295,295,314,314,342,342,342,358,376,376,401,431,431,526,526,538,538,453,192,192,217,237,237,262,290,290,303,276,289,289,289],"floor_reached":33,"playtime":1360,"items_purged":["Writhe"],"score":352,"play_id":"c35152b8-8c4a-488c-b511-e9f1aedf347a","local_time":"20190721161341","is_ascension_mode":true,"campfire_choices":[{"data":"Carnage","floor":6.0,"key":"SMITH"},{"data":"Dual Wield","floor":8.0,"key":"SMITH"},{"floor":15,"key":"REST"},{"floor":25,"key":"REST"},{"floor":28,"key":"REST"},{"floor":32,"key":"REST"}],"neow_cost":"TEN_PERCENT_HP_LOSS","seed_source_timestamp":684892876036412,"circlet_count":0,"master_deck":["Strike_R","Strike_R","Strike_R","Strike_R","Strike_R","Defend_R","Defend_R","Bash","Carnage+1","Shrug It Off+1","Thunderclap","Dual Wield+1","Disarm+1","Spot Weakness+1","Limit Break+1","Armaments+1","Seeing Red+1","Cleave","Ghostly Armor+1","Twin Strike","Body Slam","Sword Boomerang+1"],"special_seed":0,"relics":["Burning Blood","Singing Bowl","Toxic Egg 2","Anchor","Sozu","Meat on the Bone","Matryoshka","Art of War","Juzu Bracelet","Omamori","Potion Belt","Lantern"],"potions_floor_usage":[],"damage_taken":[{"damage":3.0,"enemies":"Small Slimes","floor":1.0,"turns":4.0},{"damage":11.0,"enemies":"Jaw Worm","floor":2.0,"turns":4.0},{"damage":0.0,"enemies":"Cultist","floor":5.0,"turns":3.0},{"damage":12.0,"enemies":"Gremlin Nob","floor":7.0,"turns":3.0},{"damage":6.0,"enemies":"3 Louse","floor":10.0,"turns":3.0},{"damage":13.0,"enemies":"Blue Slaver","floor":11.0,"turns":2.0},{"damage":32.0,"enemies":"3 Sentries","floor":13.0,"turns":7.0},{"damage":52,"enemies":"Slime Boss","floor":16,"turns":9},{"damage":14,"enemies":"Spheric Guardian","floor":18,"turns":4},{"damage":27,"enemies":"Slavers","floor":23,"turns":4},{"damage":0,"enemies":"Chosen","floor":24,"turns":3},{"damage":61,"enemies":"Gremlin Leader","floor":27,"turns":6},{"damage":6,"enemies":"Snake Plant","floor":29,"turns":4},{"damage":10,"enemies":"3 Cultists","floor":31,"turns":5},{"damage":80,"enemies":"Champ","floor":33,"turns":6}],"seed_played":"4185753175885709246","potions_obtained":[{"floor":1.0,"key":"LiquidBronze"},{"floor":2.0,"key":"Weak Potion"},{"floor":10.0,"key":"Energy Potion"},{"floor":11.0,"key":"SpeedPotion"}],"is_trial":false,"path_per_floor":["M","M","?","?","M","R","E","R","T","M","M","?","E","?","R","B",null,"M","?","?","$","?","E","M","R","T","E","R","M","$","M","R","B"],"character_chosen":"IRONCLAD","items_purchased":["Seeing Red+1","Art of War","Body Slam"],"campfire_rested":4,"item_purchase_floors":[21,21,30],"current_hp_per_floor":[72,67,67,67,72,72,66,66,66,66,61,61,35,35,57,11,74,66,66,66,66,52,43,49,72,72,31,55,55,55,51,75,0],"gold":289,"neow_bonus":"REMOVE_TWO","is_prod":false,"is_daily":false,"chose_seed":false,"campfire_upgraded":2,"win_rate":0,"timestamp":1563718421,"path_taken":["M","M","?","?","M","R","E","R","T","?","M","?","E","?","R","BOSS","M","?","?","$","?","E","M","R","T","E","R","M","$","M","R","BOSS"],"build_version":"2019-07-17","purchased_purges":1,"victory":false,"max_hp_per_floor":[72,72,72,72,72,72,72,72,72,72,74,74,74,74,74,74,74,74,74,74,74,79,79,79,79,79,81,81,81,81,81,81,81],"card_choices":[{"not_picked":["Hemokinesis","Wild Strike"],"picked":"Carnage","floor":1.0},{"not_picked":["Bloodletting","Clothesline"],"picked":"Shrug It Off","floor":2.0},{"not_picked":["Heavy Blade","Wild Strike"],"picked":"Thunderclap","floor":5.0},{"not_picked":["Seeing Red","Cleave"],"picked":"Dual Wield","floor":7.0},{"not_picked":["Battle Trance+1","Thunderclap"],"picked":"Disarm+1","floor":10.0},{"not_picked":["Searing Blow","Combust","Heavy Blade"],"picked":"Singing Bowl","floor":11.0},{"not_picked":["Reckless Charge","Warcry+1"],"picked":"Spot Weakness+1","floor":13.0},{"not_picked":["Brutality","Offering+1"],"picked":"Limit Break+1","floor":16},{"not_picked":["Pummel+1","Twin Strike"],"picked":"Armaments+1","floor":18},{"not_picked":["Havoc+1","Clash"],"picked":"Cleave","floor":23},{"not_picked":["Pummel","Shrug It Off+1"],"picked":"Ghostly Armor+1","floor":24},{"not_picked":["Thunderclap","Burning Pact+1","Pommel Strike"],"picked":"Singing Bowl","floor":27},{"not_picked":["Clothesline","Rupture"],"picked":"Twin Strike","floor":29},{"not_picked":["Clothesline","Ghostly Armor+1"],"picked":"Sword Boomerang+1","floor":31}],"player_experience":271029,"relics_obtained":[{"floor":7.0,"key":"Singing Bowl"},{"floor":9.0,"key":"Toxic Egg 2"},{"floor":13.0,"key":"Anchor"},{"floor":23,"key":"Juzu Bracelet"},{"floor":26,"key":"Omamori"},{"floor":26,"key":"Potion Belt"},{"floor":27,"key":"Lantern"}],"event_choices":[{"damage_healed":0.0,"max_hp_gain":0.0,"max_hp_loss":0.0,"gold_gain":175.0,"event_name":"Liars Game","player_choice":"AGREE","floor":3.0,"gold_loss":0.0,"damage_taken":0.0,"cards_obtained":["Doubt"]},{"cards_removed":["Doubt"],"damage_healed":0.0,"max_hp_gain":0.0,"max_hp_loss":0.0,"gold_gain":0.0,"event_name":"Purifier","player_choice":"Purged","floor":4.0,"gold_loss":0.0,"damage_taken":0.0},{"damage_healed":0.0,"max_hp_gain":0.0,"max_hp_loss":0.0,"gold_gain":0.0,"event_name":"Living Wall","player_choice":"Grow","floor":12.0,"gold_loss":0.0,"damage_taken":0.0,"cards_upgraded":["Shrug It Off"]},{"damage_healed":0,"gold_gain":30,"player_choice":"Searched \u00271\u0027 times","damage_taken":0,"max_hp_gain":0,"max_hp_loss":0,"event_name":"Dead Adventurer","floor":14,"gold_loss":0},{"damage_healed":0,"gold_gain":0,"player_choice":"Opened","damage_taken":0,"relics_obtained":["Meat on the Bone"],"max_hp_gain":0,"max_hp_loss":0,"event_name":"The Mausoleum","floor":19,"gold_loss":0,"cards_obtained":["Writhe"]},{"damage_healed":0,"gold_gain":0,"player_choice":"Obtained Relic","damage_taken":0,"relics_obtained":["Matryoshka"],"max_hp_gain":0,"max_hp_loss":0,"event_name":"Addict","floor":20,"gold_loss":85},{"damage_healed":0,"gold_gain":0,"player_choice":"Shed Blood","damage_taken":19,"max_hp_gain":5,"max_hp_loss":0,"event_name":"Forgotten Altar","floor":22,"gold_loss":0}],"is_beta":false,"boss_relics":[{"not_picked":["Runic Pyramid","Busted Crown"],"picked":"Sozu"}],"items_purged_floors":[21],"is_endless":false,"potions_floor_spawned":[1,2,10,11,24,27],"killed_by":"Champ","ascension_level":4}