{"gold_per_floor":[116,133,52,69,69,69,101,117,117,135,161,161,194,209,209,310,310,322,337,349,349,202,202,228,228,228,245,245],"floor_reached":28,"playtime":1481,"items_purged":[],"score":273,"play_id":"02398190-efc6-45b6-8a7f-420df855390e","local_time":"20190709070727","is_ascension_mode":true,"campfire_choices":[{"data":"Inflame","floor":6,"key":"SMITH"},{"floor":15,"key":"REST"},{"floor":23,"key":"REST"},{"data":"Dual Wield","floor":25,"key":"PURGE"}],"neow_cost":"NONE","seed_source_timestamp":268761265191653,"circlet_count":0,"master_deck":["Bash","Combust+1","Twin Strike","Inflame+1","Twin Strike","Blood for Blood","Cleave","Flame Barrier","Combust","Shrug It Off","Iron Wave","Bludgeon","Combust","Infernal Blade","Disarm","Rage","Flex","Warcry","Carnage","Impervious","Shrug It Off","Evolve","Spot Weakness","Flex","Shrug It Off"],"relics":["Burning Blood","NeowsBlessing","Torii","Darkstone Periapt","Pen Nib","Pandora\u0027s Box","MutagenicStrength","Lantern","Peace Pipe","Dodecahedron"],"potions_floor_usage":[7,7,13,16,18,28],"damage_taken":[{"damage":0,"enemies":"2 Louse","floor":1,"turns":1},{"damage":0,"enemies":"Small Slimes","floor":2,"turns":1},{"damage":0,"enemies":"Jaw Worm","floor":4,"turns":1},{"damage":21,"enemies":"Lagavulin","floor":7,"turns":5},{"damage":3,"enemies":"2 Fungi Beasts","floor":8,"turns":3},{"damage":8,"enemies":"Red Slaver","floor":10,"turns":2},{"damage":19,"enemies":"3 Sentries","floor":11,"turns":4},{"damage":35,"enemies":"Lagavulin","floor":13,"turns":4},{"damage":1,"enemies":"Lots of Slimes","floor":14,"turns":1},{"damage":53,"enemies":"Hexaghost","floor":16,"turns":9},{"damage":29,"enemies":"3 Byrds","floor":18,"turns":3},{"damage":5,"enemies":"Chosen","floor":19,"turns":3},{"damage":27,"enemies":"3 Cultists","floor":20,"turns":5},{"damage":31,"enemies":"Book of Stabbing","floor":24,"turns":5},{"damage":21,"enemies":"Shelled Parasite and Fungi","floor":27,"turns":5},{"damage":26,"enemies":"Sentry and Sphere","floor":28,"turns":5}],"seed_played":"1049130076451810590","potions_obtained":[{"floor":1,"key":"EssenceOfSteel"},{"floor":4,"key":"AttackPotion"},{"floor":7,"key":"FearPotion"},{"floor":10,"key":"Ancient Potion"},{"floor":14,"key":"BloodPotion"},{"floor":16,"key":"Explosive Potion"},{"floor":24,"key":"SpeedPotion"}],"is_trial":false,"path_per_floor":["M","M","$","M","?","R","E","M","T","M","E","$","E","M","R","B",null,"M","M","M","?","$","R","E","R","T","M","M"],"character_chosen":"IRONCLAD","items_purchased":["Inflame","Lantern"],"campfire_rested":2,"item_purchase_floors":[3,22],"current_hp_per_floor":[80,80,80,80,80,80,65,68,68,66,53,53,24,29,53,26,80,57,58,37,37,37,61,36,36,36,21,0],"gold":245,"neow_bonus":"THREE_ENEMY_KILL","is_prod":false,"is_daily":false,"chose_seed":false,"campfire_upgraded":1,"win_rate":0,"timestamp":1562681247,"path_taken":["M","M","$","M","?","R","E","M","T","M","E","$","E","M","R","BOSS","M","M","M","?","$","R","E","R","T","M","M"],"build_version":"2019-07-05","purchased_purges":0,"victory":false,"max_hp_per_floor":[80,80,80,80,80,80,80,80,80,80,80,80,80,80,80,80,80,80,80,80,80,80,80,80,80,80,80,80],"card_choices":[{"not_picked":["Second Wind","Iron Wave"],"picked":"Combust","floor":1},{"not_picked":["Havoc","Sword Boomerang"],"picked":"Twin Strike","floor":2},{"not_picked":["Burning Pact","Pummel"],"picked":"Twin Strike","floor":4},{"not_picked":["Bludgeon","Heavy Blade"],"picked":"Blood for Blood","floor":7},{"not_picked":["Corruption","Headbutt"],"picked":"Cleave","floor":8},{"not_picked":["Heavy Blade","Carnage"],"picked":"Flame Barrier","floor":10},{"not_picked":["Twin Strike","Bludgeon"],"picked":"Combust","floor":11},{"not_picked":["Entrench","Bloodletting"],"picked":"Shrug It Off","floor":13},{"not_picked":["Perfected Strike","Combust"],"picked":"Iron Wave","floor":14},{"not_picked":["Offering","Juggernaut"],"picked":"Bludgeon","floor":16},{"not_picked":["Anger","Havoc"],"picked":"Shrug It Off","floor":18},{"not_picked":["Power Through","Wild Strike+1"],"picked":"Evolve","floor":19},{"not_picked":["Dropkick+1","Evolve"],"picked":"Spot Weakness","floor":20},{"not_picked":["Second Wind","Warcry"],"picked":"Flex","floor":24},{"not_picked":["Corruption","Thunderclap+1"],"picked":"Shrug It Off","floor":27}],"player_experience":237565,"relics_obtained":[{"floor":7,"key":"Torii"},{"floor":11,"key":"Darkstone Periapt"},{"floor":13,"key":"Pen Nib"},{"floor":24,"key":"Peace Pipe"},{"floor":26,"key":"Dodecahedron"}],"event_choices":[{"damage_healed":0,"gold_gain":0,"player_choice":"Grow","damage_taken":0,"max_hp_gain":0,"max_hp_loss":0,"event_name":"Living Wall","floor":5,"gold_loss":0,"cards_upgraded":["Combust"]},{"damage_healed":0,"gold_gain":0,"player_choice":"Inject Mutagens","damage_taken":0,"relics_obtained":["MutagenicStrength"],"max_hp_gain":0,"max_hp_loss":0,"event_name":"Drug Dealer","floor":21,"gold_loss":0}],"is_beta":false,"boss_relics":[{"not_picked":["Ectoplasm","Astrolabe"],"picked":"Pandora\u0027s Box"}],"items_purged_floors":[],"is_endless":false,"potions_floor_spawned":[1,4,7,10,14,16,24],"killed_by":"Sentry and Sphere","ascension_level":1}