{"gold_per_floor":[109,122,11,11,11,11,11,11,36,63,5,80,105,120,120,195,195,215,265,278,278],"floor_reached":21,"playtime":470,"items_purged":["Strike_B"],"score":420,"play_id":"9eb12cca-3800-433f-a72e-d55df42aba27","local_time":"20181023220316","is_ascension_mode":true,"campfire_choices":[{"data":"Zap","floor":6,"key":"SMITH"},{"data":"Dualcast","floor":8,"key":"SMITH"},{"data":"Defragment","floor":15,"key":"SMITH"}],"neow_cost":"NONE","seed_source_timestamp":439074103463310,"circlet_count":0,"master_deck":["Strike_B","Strike_B","Defend_B","Defend_B","Defend_B","Defend_B","Zap+1","Dualcast+1","AscendersBane","Conserve Battery","Doom and Gloom","Defragment+1","Hologram","Streamline","Go for the Eyes","All For One","Go for the Eyes+1","Self Repair"],"relics":["Cracked Core","NeowsBlessing","Dodecahedron","Omamori","Blood Vial","Pen Nib","Fusion Hammer"],"potions_floor_usage":[13,18],"damage_taken":[{"damage":0,"enemies":"Cultist","floor":1,"turns":1},{"damage":0,"enemies":"2 Louse","floor":2,"turns":1},{"damage":0,"enemies":"3 Sentries","floor":10,"turns":1},{"damage":35,"enemies":"Gremlin Nob","floor":13,"turns":4},{"damage":0,"enemies":"Small Slimes","floor":14,"turns":3},{"damage":5,"enemies":"Hexaghost","floor":16,"turns":7},{"damage":10,"enemies":"2 Thieves","floor":18,"turns":3},{"damage":28,"enemies":"Chosen","floor":20,"turns":7},{"damage":35,"enemies":"Snecko","floor":21,"turns":5}],"seed_played":"-4611827315687093086","potions_obtained":[{"floor":1,"key":"Strength Potion"},{"floor":13,"key":"Weak Potion"},{"floor":20,"key":"LiquidBronze"}],"is_trial":false,"path_per_floor":["M","M","$","?","T","R","?","R","T","E","$","?","E","M","R","B",null,"M","?","M"],"character_chosen":"DEFECT","items_purchased":["Doom and Gloom","Hologram"],"campfire_rested":0,"item_purchase_floors":[3,11],"current_hp_per_floor":[64,64,64,57,57,57,57,57,57,57,57,46,13,15,15,12,56,48,48,22,0],"gold":278,"neow_bonus":"THREE_ENEMY_KILL","is_prod":false,"is_daily":false,"chose_seed":false,"campfire_upgraded":3,"win_rate":0,"timestamp":1540346596,"path_taken":["M","?","$","?","?","R","?","R","T","E","?","?","E","?","R","BOSS","M","?","M","M"],"build_version":"2018-10-18","purchased_purges":1,"victory":false,"max_hp_per_floor":[71,71,71,71,71,71,71,71,71,71,71,71,71,71,71,71,71,71,71,71,71],"card_choices":[{"not_picked":["Double Energy","Fusion"],"picked":"Conserve Battery","floor":1},{"not_picked":["Stack","Redo","Rebound"],"picked":"SKIP","floor":2},{"not_picked":["Amplify","Consume"],"picked":"Defragment","floor":10},{"not_picked":["Blizzard","Gash"],"picked":"Streamline","floor":13},{"not_picked":["Steam","Turbo"],"picked":"Go for the Eyes","floor":14},{"not_picked":["Thunder Strike","Buffer"],"picked":"All For One","floor":16},{"not_picked":["Steam","Conserve Battery"],"picked":"Go for the Eyes+1","floor":18},{"not_picked":["Streamline","Conserve Battery"],"picked":"Self Repair","floor":20}],"player_experience":967642,"relics_obtained":[{"floor":5,"key":"Dodecahedron"},{"floor":9,"key":"Omamori"},{"floor":10,"key":"Blood Vial"},{"floor":13,"key":"Pen Nib"}],"event_choices":[{"cards_removed":["Strike_B"],"damage_healed":0,"gold_gain":0,"player_choice":"Card Removal","damage_taken":7,"max_hp_gain":0,"max_hp_loss":0,"event_name":"Golden Wing","floor":4,"gold_loss":0},{"damage_healed":0,"gold_gain":0,"player_choice":"Leave","damage_taken":0,"max_hp_gain":0,"max_hp_loss":0,"event_name":"The Cleric","floor":7,"gold_loss":0},{"damage_healed":0,"gold_gain":75,"player_choice":"Gather Gold","damage_taken":11,"max_hp_gain":0,"max_hp_loss":0,"event_name":"World of Goop","floor":12,"gold_loss":0},{"damage_healed":0,"gold_gain":50,"player_choice":"Stole From Cult","damage_taken":0,"max_hp_gain":0,"max_hp_loss":0,"event_name":"Nest","floor":19,"gold_loss":0}],"is_beta":false,"boss_relics":[{"not_picked":["Astrolabe","Pandora\u0027s Box"],"picked":"Fusion Hammer"}],"items_purged_floors":[3],"is_endless":false,"potions_floor_spawned":[1,13,20],"killed_by":"Snecko","ascension_level":20}