{"gold_per_floor":[110,123,143,143,154,154,180,180,205,205,220,220,232,69,69,146,146,165,80,99,117,117],"floor_reached":22,"playtime":803,"items_purged":[],"score":376,"play_id":"353f7ca5-d9fa-4060-929a-962535b0d54e","local_time":"20190713011951","is_ascension_mode":true,"campfire_choices":[{"data":"Sweeping Beam","floor":6,"key":"SMITH"},{"floor":10,"key":"REST"},{"data":"Electrodynamics","floor":12,"key":"SMITH"},{"data":"Defragment","floor":15,"key":"SMITH"}],"neow_cost":"NONE","seed_source_timestamp":285648345696938,"circlet_count":0,"master_deck":["AscendersBane","Strike_B","Strike_B","Strike_B","Defend_B","Defend_B","Defend_B","Defend_B","Zap","Dualcast","Ball Lightning","Melter","Sweeping Beam+1","Self Repair","Electrodynamics+1","Cold Snap","Defragment+1","Echo Form","Cold Snap","Compile Driver"],"relics":["Cracked Core","PreservedInsect","Juzu Bracelet","Bronze Scales","Snecko Eye","Bag of Marbles"],"potions_floor_usage":[21,22],"damage_taken":[{"damage":1,"enemies":"Cultist","floor":1,"turns":3},{"damage":7,"enemies":"Jaw Worm","floor":2,"turns":3},{"damage":10,"enemies":"2 Louse","floor":3,"turns":2},{"damage":7,"enemies":"Looter","floor":5,"turns":3},{"damage":25,"enemies":"Lagavulin","floor":7,"turns":7},{"damage":7,"enemies":"2 Fungi Beasts","floor":11,"turns":2},{"damage":0,"enemies":"Exordium Wildlife","floor":13,"turns":2},{"damage":3,"enemies":"Slime Boss","floor":16,"turns":6},{"damage":22,"enemies":"2 Thieves","floor":18,"turns":3},{"damage":2,"enemies":"Spheric Guardian","floor":20,"turns":3},{"damage":13,"enemies":"Snecko","floor":21,"turns":4},{"damage":32,"enemies":"Snake Plant","floor":22,"turns":2}],"seed_played":"-8077935316507221313","potions_obtained":[{"floor":0,"key":"Weak Potion"},{"floor":0,"key":"FocusPotion"},{"floor":21,"key":"SteroidPotion"}],"is_trial":false,"path_per_floor":["M","M","M","?","M","R","E","?","T","R","M","R","M","$","R","B",null,"M","?","M","M","M"],"character_chosen":"DEFECT","items_purchased":["Bronze Scales"],"campfire_rested":1,"item_purchase_floors":[14],"current_hp_per_floor":[63,56,46,39,32,32,14,14,14,35,35,35,35,35,35,39,63,41,41,39,26,0],"gold":117,"neow_bonus":"THREE_SMALL_POTIONS","is_prod":false,"is_daily":false,"chose_seed":false,"campfire_upgraded":3,"win_rate":0,"timestamp":1562995191,"path_taken":["M","M","M","?","M","R","E","?","T","R","M","R","M","?","R","BOSS","M","?","M","M","M"],"build_version":"2019-07-05","purchased_purges":0,"victory":false,"max_hp_per_floor":[71,71,71,71,71,71,71,71,71,71,71,71,71,71,71,71,71,71,71,71,71,71],"card_choices":[{"not_picked":["Heatsinks","Leap"],"picked":"Ball Lightning","floor":1},{"not_picked":["Consume","Barrage"],"picked":"Melter","floor":2},{"not_picked":["Amplify","Capacitor"],"picked":"Sweeping Beam","floor":3},{"not_picked":["Steam Power","Coolheaded"],"picked":"Self Repair","floor":5},{"not_picked":["Fusion","Cold Snap"],"picked":"Electrodynamics","floor":7},{"not_picked":["Compile Driver","Gash"],"picked":"Cold Snap","floor":11},{"not_picked":["Hologram","Ball Lightning"],"picked":"Defragment","floor":13},{"not_picked":["Biased Cognition","Multi-Cast"],"picked":"Echo Form","floor":16},{"not_picked":["Steam","Beam Cell"],"picked":"Cold Snap","floor":18},{"not_picked":["Scrape","Gash","Conserve Battery"],"picked":"SKIP","floor":20},{"not_picked":["Steam","Go for the Eyes"],"picked":"Compile Driver","floor":21}],"player_experience":1477275,"relics_obtained":[{"floor":7,"key":"PreservedInsect"},{"floor":9,"key":"Juzu Bracelet"}],"event_choices":[{"cards_removed":["Strike_B"],"damage_healed":0,"gold_gain":0,"player_choice":"Card Removal","damage_taken":7,"max_hp_gain":0,"max_hp_loss":0,"event_name":"Golden Wing","floor":4,"gold_loss":0},{"damage_healed":0,"gold_gain":0,"player_choice":"Ignored","damage_taken":0,"max_hp_gain":0,"max_hp_loss":0,"event_name":"Liars Game","floor":8,"gold_loss":0},{"damage_healed":0,"gold_gain":0,"player_choice":"Obtained Relic","damage_taken":0,"relics_obtained":["Bag of Marbles"],"max_hp_gain":0,"max_hp_loss":0,"event_name":"Addict","floor":19,"gold_loss":85}],"is_beta":false,"boss_relics":[{"not_picked":["Empty Cage","Cursed Key"],"picked":"Snecko Eye"}],"items_purged_floors":[],"is_endless":false,"potions_floor_spawned":[3,5,11,13,16,21],"killed_by":"Snake Plant","ascension_level":20}