{"gold_per_floor":[365,365,8,26,26,58,58,208,265,265,281,295,295],"floor_reached":13,"playtime":362,"items_purged":["Parasite"],"score":166,"play_id":"3d7ce1b4-9667-4590-b79b-adf5cb99174c","local_time":"20181127170500","is_ascension_mode":true,"campfire_choices":[{"data":"Fiend Fire","floor":10,"key":"SMITH"}],"neow_cost":"CURSE","seed_source_timestamp":187651923013502,"circlet_count":0,"master_deck":["AscendersBane","Strike_R","Strike_R","Strike_R","Strike_R","Strike_R","Defend_R","Defend_R","Defend_R","Defend_R","Bash+1","Shrug It Off","Fiend Fire+1","Headbutt","Iron Wave","Doubt","Shrug It Off+1","Body Slam","Disarm+1","Second Wind+1"],"relics":["Burning Blood","Prayer Wheel","Medical Kit","Toxic Egg 2","Juzu Bracelet","Tiny Chest"],"potions_floor_usage":[6,6],"damage_taken":[{"damage":7,"enemies":"2 Louse","floor":1,"turns":4},{"damage":7,"enemies":"Cultist","floor":4,"turns":4},{"damage":28,"enemies":"Gremlin Nob","floor":6,"turns":4},{"damage":0,"enemies":"Jaw Worm","floor":11,"turns":3},{"damage":6,"enemies":"Looter","floor":12,"turns":2},{"damage":48,"enemies":"Lagavulin","floor":13,"turns":8}],"seed_played":"5085341651841990390","potions_obtained":[{"floor":1,"key":"Regen Potion"},{"floor":4,"key":"SteroidPotion"}],"is_trial":false,"path_per_floor":["M","?","$","M","?","E","?","?","T","R","M","M","E"],"character_chosen":"IRONCLAD","items_purchased":["Medical Kit","Shrug It Off"],"campfire_rested":0,"item_purchase_floors":[3,3],"current_hp_per_floor":[67,67,67,66,48,38,38,38,38,38,44,44,0],"gold":295,"neow_bonus":"TWO_FIFTY_GOLD","is_prod":false,"is_daily":false,"chose_seed":false,"campfire_upgraded":1,"win_rate":0,"timestamp":1543356300,"path_taken":["M","?","$","?","?","E","?","?","T","R","M","M","E"],"build_version":"2018-11-15","purchased_purges":1,"victory":false,"max_hp_per_floor":[75,75,72,72,72,72,72,72,72,72,72,72,72],"card_choices":[{"not_picked":["True Grit","Cleave"],"picked":"Anger","floor":1},{"not_picked":["Perfected Strike","Pommel Strike"],"picked":"Fiend Fire","floor":4},{"not_picked":["Iron Wave","Body Slam"],"picked":"Headbutt","floor":4},{"not_picked":["Rampage","Blood for Blood"],"picked":"Iron Wave","floor":6},{"not_picked":["Sword Boomerang","Second Wind+1"],"picked":"Shrug It Off+1","floor":11},{"not_picked":["Clothesline","Bludgeon"],"picked":"Body Slam","floor":11},{"not_picked":["Pommel Strike","Sever Soul"],"picked":"Disarm+1","floor":12},{"not_picked":["Sword Boomerang","Blood for Blood"],"picked":"Second Wind+1","floor":12}],"player_experience":1170678,"relics_obtained":[{"floor":6,"key":"Juzu Bracelet"},{"floor":9,"key":"Tiny Chest"}],"event_choices":[{"cards_removed":["Anger"],"damage_healed":0,"gold_gain":0,"player_choice":"Gave Card","damage_taken":0,"relics_obtained":["Prayer Wheel"],"max_hp_gain":0,"max_hp_loss":0,"event_name":"WeMeetAgain","floor":2,"gold_loss":0},{"damage_healed":0,"gold_gain":0,"player_choice":"Success","damage_taken":18,"relics_obtained":["Toxic Egg 2"],"max_hp_gain":0,"max_hp_loss":0,"event_name":"Scrap Ooze","floor":5,"gold_loss":0},{"damage_healed":0,"gold_gain":0,"player_choice":"Grow","damage_taken":0,"max_hp_gain":0,"max_hp_loss":0,"event_name":"Living Wall","floor":7,"gold_loss":0,"cards_upgraded":["Bash"]},{"damage_healed":0,"gold_gain":150,"player_choice":"AGREE","damage_taken":0,"max_hp_gain":0,"max_hp_loss":0,"event_name":"Liars Game","floor":8,"gold_loss":0,"cards_obtained":["Doubt"]}],"is_beta":false,"boss_relics":[],"items_purged_floors":[3],"is_endless":false,"potions_floor_spawned":[1,4],"killed_by":"Lagavulin","ascension_level":20}