{"gold_per_floor":[211,211,56,56,79,95,95,170,170,170,193,212,212,226,226,347,347,365,0,0,0,14,14,31,31,79,29,48,0,0,10,10,109,109,127,127,77,93,193,193,225,225,252,287,297,56,72,86,86,86],"floor_reached":51,"playtime":4766,"items_purged":["Injury","Strike_G","Strike_G","Strike_G"],"score":773,"play_id":"8795ac90-3184-49f1-967f-6c3342c487b4","local_time":"20190428165329","is_ascension_mode":true,"campfire_choices":[{"data":"Well Laid Plans","floor":7,"key":"SMITH"},{"data":"Blade Dance","floor":10,"key":"SMITH"},{"data":"Accuracy","floor":15,"key":"SMITH"},{"data":"Infinite Blades","floor":23,"key":"SMITH"},{"data":"Burst","floor":25,"key":"SMITH"},{"data":"Footwork","floor":30,"key":"SMITH"},{"data":"Neutralize","floor":32,"key":"SMITH"},{"data":"Blur","floor":40,"key":"SMITH"},{"data":"Terror","floor":42,"key":"SMITH"},{"floor":49,"key":"REST"}],"neow_cost":"NONE","seed_source_timestamp":83334545971827,"circlet_count":0,"master_deck":["Defend_G","Defend_G","Defend_G","Defend_G","Defend_G","Strike_G+1","Survivor","Neutralize+1","Well Laid Plans+1","Accuracy+1","Blade Dance+1","Backflip+1","Burst+1","Cloak And Dagger+1","Infinite Blades+1","Terror+1","Footwork+1","Blur+1","Predator","Corpse Explosion","Blade Dance+1","Cloak And Dagger+1","Finisher","Distraction","Footwork","Accuracy","Leg Sweep+1","Footwork+1"],"relics":["Ring of the Snake","Bloody Idol","Oddly Smooth Stone","Philosopher\u0027s Stone","Bottled Tornado","Smiling Mask","Sozu","Ginger","Incense Burner","Boot","Blue Candle","Strawberry"],"potions_floor_usage":[11,16,24,24,28,28],"damage_taken":[{"damage":2,"enemies":"Cultist","floor":1,"turns":5},{"damage":0,"enemies":"Small Slimes","floor":5,"turns":4},{"damage":0,"enemies":"2 Louse","floor":6,"turns":5},{"damage":0,"enemies":"Exordium Thugs","floor":11,"turns":5},{"damage":0,"enemies":"2 Fungi Beasts","floor":12,"turns":4},{"damage":0,"enemies":"Exordium Wildlife","floor":14,"turns":2},{"damage":16,"enemies":"Hexaghost","floor":16,"turns":14},{"damage":2,"enemies":"Shell Parasite","floor":18,"turns":6},{"damage":0,"enemies":"Chosen","floor":22,"turns":4},{"damage":23,"enemies":"Snake Plant","floor":24,"turns":3},{"damage":0,"enemies":"3 Cultists","floor":28,"turns":5},{"damage":2,"enemies":"Cultist and Chosen","floor":31,"turns":5},{"damage":13,"enemies":"Automaton","floor":33,"turns":10},{"damage":22,"enemies":"3 Darklings","floor":35,"turns":3},{"damage":0,"enemies":"Orb Walker","floor":38,"turns":4},{"damage":0,"enemies":"Mind Bloom Boss Battle","floor":39,"turns":4},{"damage":0,"enemies":"Giant Head","floor":41,"turns":5},{"damage":8,"enemies":"Reptomancer","floor":44,"turns":6},{"damage":25,"enemies":"Jaw Worm Horde","floor":45,"turns":4},{"damage":8,"enemies":"Transient","floor":47,"turns":5},{"damage":0,"enemies":"3 Darklings","floor":48,"turns":4},{"damage":18,"enemies":"Time Eater","floor":50,"turns":8}],"seed_played":"6889661556435307150","potions_obtained":[{"floor":5,"key":"PowerPotion"},{"floor":6,"key":"Poison Potion"},{"floor":12,"key":"Explosive Potion"},{"floor":18,"key":"Swift Potion"},{"floor":22,"key":"Energy Potion"},{"floor":24,"key":"SkillPotion"}],"is_trial":false,"path_per_floor":["M","?","$","?","M","M","R","?","T","R","M","M","?","M","R","B",null,"M","$","?","?","M","R","M","R","T","$","M","?","R","M","R","B",null,"M","?","$","M","?","R","E","R","T","E","M","$","M","M","R","B",null],"character_chosen":"THE_SILENT","items_purchased":["Accuracy","Bottled Tornado","Infinite Blades","Terror","Accuracy","Strawberry"],"campfire_rested":1,"item_purchase_floors":[3,19,19,19,46,46],"current_hp_per_floor":[68,68,68,68,68,68,68,61,61,61,61,61,47,47,47,31,70,68,68,68,68,70,70,52,52,57,57,62,62,62,65,65,57,70,53,53,53,58,63,63,68,68,70,67,47,54,51,56,77,59],"gold":86,"neow_bonus":"HUNDRED_GOLD","is_prod":false,"is_daily":false,"chose_seed":false,"campfire_upgraded":9,"win_rate":0,"timestamp":1556484809,"path_taken":["M","?","$","?","M","M","R","?","T","R","?","M","?","M","R","BOSS","M","$","?","?","M","R","M","R","T","?","M","?","R","M","R","BOSS","M","?","$","?","?","R","E","R","T","E","M","?","M","M","R","BOSS"],"build_version":"2019-01-23","purchased_purges":4,"victory":true,"max_hp_per_floor":[70,70,70,70,70,70,70,70,70,70,70,70,70,70,70,70,70,70,70,70,70,70,70,70,70,70,70,70,70,70,70,70,70,70,70,70,70,70,70,70,70,70,70,70,70,77,77,77,77,77],"card_choices":[{"not_picked":["Flying Knee","Quick Slash"],"picked":"Well Laid Plans","floor":1},{"not_picked":["Outmaneuver","Dagger Spray","Deadly Poison"],"picked":"SKIP","floor":5},{"not_picked":["Bouncing Flask","Malaise"],"picked":"Blade Dance","floor":6},{"not_picked":["Acrobatics","Dash","Dagger Spray"],"picked":"SKIP","floor":11},{"not_picked":["Quick Slash","Skewer"],"picked":"Backflip","floor":12},{"not_picked":["Bouncing Flask","Flying Knee","Dagger Spray"],"picked":"SKIP","floor":14},{"not_picked":["Storm of Steel","A Thousand Cuts"],"picked":"Burst","floor":16},{"not_picked":["Poisoned Stab","Sucker Punch"],"picked":"Cloak And Dagger+1","floor":18},{"not_picked":["Acrobatics","PiercingWail+1"],"picked":"Blur","floor":22},{"not_picked":["Quick Slash","Poisoned Stab"],"picked":"Predator","floor":24},{"not_picked":["Heel Hook","Dash","Skewer+1"],"picked":"SKIP","floor":28},{"not_picked":["Flechettes","Outmaneuver","Deflect"],"picked":"SKIP","floor":31},{"not_picked":["Night Terror","Doppelganger"],"picked":"Corpse Explosion","floor":33},{"not_picked":["Deflect+1","Outmaneuver+1"],"picked":"Blade Dance","floor":35},{"not_picked":["Infinite Blades","Dodge and Roll"],"picked":"Cloak And Dagger+1","floor":38},{"not_picked":["Masterful Stab+1","Concentrate+1"],"picked":"Finisher","floor":41},{"not_picked":["Cloak And Dagger","Underhanded Strike"],"picked":"Distraction","floor":44},{"not_picked":["Noxious Fumes+1","Dodge and Roll+1"],"picked":"Footwork","floor":45},{"not_picked":["Backstab+1","Well Laid Plans+1"],"picked":"Leg Sweep+1","floor":47},{"not_picked":["Poisoned Stab","Blade Dance+1"],"picked":"Footwork+1","floor":48}],"player_experience":190508,"relics_obtained":[{"floor":9,"key":"Oddly Smooth Stone"},{"floor":26,"key":"Smiling Mask"},{"floor":39,"key":"Ginger"},{"floor":41,"key":"Incense Burner"},{"floor":43,"key":"Boot"},{"floor":44,"key":"Blue Candle"}],"event_choices":[{"damage_healed":0,"gold_gain":0,"player_choice":"Take Wound","damage_taken":0,"relics_obtained":["Golden Idol"],"max_hp_gain":0,"max_hp_loss":0,"event_name":"Golden Idol","floor":2,"gold_loss":0,"cards_obtained":["Injury"]},{"cards_removed":["Strike_G"],"damage_healed":0,"gold_gain":0,"player_choice":"Forget","damage_taken":0,"max_hp_gain":0,"max_hp_loss":0,"event_name":"Living Wall","floor":4,"gold_loss":0},{"damage_healed":0,"gold_gain":75,"player_choice":"Touch","damage_taken":7,"max_hp_gain":0,"max_hp_loss":0,"event_name":"FaceTrader","floor":8,"gold_loss":0},{"damage_healed":0,"gold_gain":0,"player_choice":"Entered Light","damage_taken":14,"max_hp_gain":0,"max_hp_loss":0,"event_name":"Shining Light","floor":13,"gold_loss":0,"cards_upgraded":["Backflip","Strike_G"]},{"damage_healed":0,"gold_gain":0,"player_choice":"Gave Idol","damage_taken":0,"relics_obtained":["Bloody Idol"],"max_hp_gain":0,"max_hp_loss":0,"event_name":"Forgotten Altar","floor":20,"relics_lost":["Golden Idol"],"gold_loss":0},{"damage_healed":0,"gold_gain":0,"player_choice":"Read","damage_taken":0,"max_hp_gain":0,"max_hp_loss":0,"event_name":"The Library","floor":21,"gold_loss":0,"cards_obtained":["Footwork"]},{"damage_healed":0,"gold_gain":0,"player_choice":"Paid Fearfully","damage_taken":0,"max_hp_gain":0,"max_hp_loss":0,"event_name":"Masked Bandits","floor":29,"gold_loss":48},{"damage_healed":0,"gold_gain":0,"player_choice":"Upgraded","damage_taken":0,"max_hp_gain":0,"max_hp_loss":0,"event_name":"Upgrade Shrine","floor":36,"gold_loss":0,"cards_upgraded":["Blade Dance"]},{"damage_healed":0,"gold_gain":0,"player_choice":"Fight","damage_taken":0,"max_hp_gain":0,"max_hp_loss":0,"event_name":"MindBloom","floor":39,"gold_loss":0}],"is_beta":false,"boss_relics":[{"not_picked":["Runic Dome","White Beast Statue"],"picked":"Philosopher\u0027s Stone"},{"not_picked":["Eternal Feather","Calling Bell"],"picked":"Sozu"}],"items_purged_floors":[3,27,37,46],"is_endless":false,"potions_floor_spawned":[5,6,12,18,22,24,35,39,44,47],"ascension_level":3}