{"gold_per_floor":[110,35,35,35,49,49,74,115,142,92,92,107,57,57,57,57],"floor_reached":16,"playtime":672,"items_purged":["Combust","Defend_R","Strike_R"],"score":98,"play_id":"f8a3437e-9744-4696-8ee4-fcfd5f8f8591","local_time":"20190624001157","is_ascension_mode":false,"campfire_choices":[{"data":"Seeing Red","floor":6,"key":"SMITH"},{"data":"Bash","floor":15,"key":"SMITH"}],"neow_cost":"TEN_PERCENT_HP_LOSS","seed_source_timestamp":368827371236652,"circlet_count":0,"master_deck":["Strike_R+1","Strike_R+1","Defend_R","Defend_R","Defend_R","Bash+1","Juggernaut","Rage","Injury","Seeing Red+1","Feel No Pain","Parasite"],"relics":["Burning Blood","Golden Idol","Oddly Smooth Stone","Smiling Mask","Gremlin Horn"],"potions_floor_usage":[8,8],"damage_taken":[{"damage":5,"enemies":"Cultist","floor":1,"turns":4},{"damage":8,"enemies":"Small Slimes","floor":5,"turns":3},{"damage":3,"enemies":"2 Louse","floor":7,"turns":5},{"damage":11,"enemies":"Lagavulin","floor":8,"turns":7},{"damage":11,"enemies":"Exordium Wildlife","floor":12,"turns":7},{"damage":73,"enemies":"Hexaghost","floor":16,"turns":11}],"seed_played":"-7569303935484109070","potions_obtained":[{"floor":1,"key":"Energy Potion"},{"floor":5,"key":"Poison Potion"}],"is_trial":false,"path_per_floor":["M","$","?","?","M","R","M","E","T","$","T","M","$","?","R","B"],"character_chosen":"IRONCLAD","items_purchased":[],"campfire_rested":0,"item_purchase_floors":[],"current_hp_per_floor":[72,72,58,58,56,56,59,54,54,54,54,49,49,67,67,0],"gold":57,"neow_bonus":"TRANSFORM_TWO_CARDS","is_prod":false,"is_daily":false,"chose_seed":false,"campfire_upgraded":2,"win_rate":0,"timestamp":1561327917,"path_taken":["M","?","?","?","?","R","M","E","T","$","?","M","$","?","R","BOSS"],"build_version":"2019-01-23","purchased_purges":3,"victory":false,"max_hp_per_floor":[72,72,72,72,72,72,72,72,72,72,72,72,72,72,72,72],"card_choices":[{"not_picked":["Cleave","Power Through"],"picked":"Rage","floor":1},{"not_picked":["True Grit","Sever Soul"],"picked":"Seeing Red","floor":5},{"not_picked":["Body Slam","Cleave"],"picked":"Feel No Pain","floor":7},{"not_picked":["Burning Pact","Disarm","Intimidate"],"picked":"SKIP","floor":8},{"not_picked":["Clothesline","Whirlwind","Cleave"],"picked":"SKIP","floor":12}],"player_experience":103119,"relics_obtained":[{"floor":8,"key":"Oddly Smooth Stone"},{"floor":9,"key":"Smiling Mask"},{"floor":11,"key":"Gremlin Horn"}],"event_choices":[{"damage_healed":0,"gold_gain":0,"player_choice":"Entered Light","damage_taken":14,"max_hp_gain":0,"max_hp_loss":0,"event_name":"Shining Light","floor":3,"gold_loss":0,"cards_upgraded":["Strike_R","Strike_R"]},{"damage_healed":0,"gold_gain":0,"player_choice":"Take Wound","damage_taken":0,"relics_obtained":["Golden Idol"],"max_hp_gain":0,"max_hp_loss":0,"event_name":"Golden Idol","floor":4,"gold_loss":0,"cards_obtained":["Injury"]},{"damage_healed":18,"gold_gain":0,"player_choice":"Healed and dodged fight","damage_taken":0,"max_hp_gain":0,"max_hp_loss":0,"event_name":"Mushrooms","floor":14,"gold_loss":0,"cards_obtained":["Parasite"]}],"is_beta":false,"boss_relics":[],"items_purged_floors":[2,10,13],"is_endless":false,"potions_floor_spawned":[1,5],"killed_by":"Hexaghost","ascension_level":0}