{"gold_per_floor":[111,111,111,22,32,32,32,32,32,59,29,29,29,45,45,117,117,135,154,154,154,154,154,167,167,167,167,201,31,50,81,81,156,156,171,188,188,205,216,216,229,258,308,336,359,33,0,16,16,16,16],"floor_reached":51,"playtime":2208,"items_purged":["Strike_R","Strike_R"],"score":1536,"play_id":"f8f0bd21-cd81-4ec7-8b5a-8cc0d55a6bf6","local_time":"20181031142400","is_ascension_mode":true,"campfire_choices":[{"data":"Whirlwind","floor":6.0,"key":"SMITH"},{"data":"Bash","floor":8.0,"key":"SMITH"},{"data":"Anger","floor":15.0,"key":"SMITH"},{"floor":23.0,"key":"REST"},{"data":"Shrug It Off","floor":25.0,"key":"SMITH"},{"data":"Spot Weakness","floor":27.0,"key":"SMITH"},{"data":"Pommel Strike","floor":32.0,"key":"SMITH"},{"data":"Shrug It Off","floor":40.0,"key":"SMITH"},{"floor":49.0,"key":"REST"}],"neow_cost":"NONE","seed_source_timestamp":1100835548132364,"circlet_count":0,"master_deck":["Strike_R","Strike_R","Defend_R","Defend_R+1","Defend_R","Defend_R+1","Bash+1","AscendersBane","Anger+1","Whirlwind+1","Spot Weakness+1","Shrug It Off+1","Reaper","Shrug It Off+1","Reaper","Thunderclap+1","Deep Breath+1","Pommel Strike+1","Pummel","Limit Break+1","Clothesline+1","Madness+1","Madness+1","Warcry+1","Flame Barrier+1","Spot Weakness+1","Havoc+1","Shrug It Off+1","Corruption","Metamorphosis+1"],"special_seed":0,"relics":["Burning Blood","NeowsBlessing","WarpedTongs","Dodecahedron","Lantern","Sundial","Velvet Choker","Ginger","Toxic Egg 2","Boot","Runic Cube","Oddly Smooth Stone","War Paint","MawBank","Red Mask"],"potions_floor_usage":[50,50],"damage_taken":[{"damage":0.0,"enemies":"Jaw Worm","floor":1.0,"turns":1.0},{"damage":0.0,"enemies":"2 Louse","floor":5.0,"turns":1.0},{"damage":0.0,"enemies":"3 Sentries","floor":10.0,"turns":1.0},{"damage":3.0,"enemies":"Cultist","floor":14.0,"turns":3.0},{"damage":19.0,"enemies":"Slime Boss","floor":16.0,"turns":9.0},{"damage":1.0,"enemies":"Chosen","floor":18.0,"turns":3.0},{"damage":19.0,"enemies":"Spheric Guardian","floor":19.0,"turns":4.0},{"damage":15.0,"enemies":"Snecko","floor":24.0,"turns":4.0},{"damage":20.0,"enemies":"Gremlin Leader","floor":28.0,"turns":5.0},{"damage":0.0,"enemies":"3 Cultists","floor":30.0,"turns":1.0},{"damage":0.0,"enemies":"Slavers","floor":31.0,"turns":2.0},{"damage":66.0,"enemies":"Automaton","floor":33.0,"turns":9.0},{"damage":32.0,"enemies":"3 Shapes","floor":35.0,"turns":6.0},{"damage":19.0,"enemies":"3 Darklings","floor":36.0,"turns":5.0},{"damage":12.0,"enemies":"4 Shapes","floor":38.0,"turns":15.0},{"damage":33.0,"enemies":"Maw","floor":39.0,"turns":8.0},{"damage":19.0,"enemies":"3 Darklings","floor":41.0,"turns":4.0},{"damage":89.0,"enemies":"Nemesis","floor":42.0,"turns":8.0},{"damage":53.0,"enemies":"Giant Head","floor":44.0,"turns":7.0},{"damage":59.0,"enemies":"Jaw Worm Horde","floor":45.0,"turns":3.0},{"damage":56.0,"enemies":"Maw","floor":48.0,"turns":7.0},{"damage":94,"enemies":"Donu and Deca","floor":50,"turns":8},{"damage":102,"enemies":"Time Eater","floor":51,"turns":9}],"seed_played":"-6443187994234421014","potions_obtained":[{"floor":11.0,"key":"AttackPotion"},{"floor":11.0,"key":"Energy Potion"},{"floor":13.0,"key":"Fruit Juice"},{"floor":14.0,"key":"Energy Potion"},{"floor":16.0,"key":"LiquidBronze"},{"floor":18.0,"key":"GamblersBrew"},{"floor":24.0,"key":"PowerPotion"},{"floor":30.0,"key":"Dexterity Potion"},{"floor":38.0,"key":"PowerPotion"},{"floor":39.0,"key":"Fire Potion"},{"floor":42.0,"key":"Dexterity Potion"},{"floor":48.0,"key":"SteroidPotion"}],"is_trial":false,"path_per_floor":["M","$","?","$","M","R","?","R","T","E","?","T","?","M","R","B",null,"M","M","?","?","?","R","M","R","T","R","E","$","M","E","R","B",null,"M","M","?","M","M","R","M","E","T","E","M","$","?","M","R","B"],"character_chosen":"IRONCLAD","items_purchased":["Spot Weakness","Deep Breath+1","Corruption","Metamorphosis+1"],"campfire_rested":2,"item_purchase_floors":[4,29,46,46],"current_hp_per_floor":[74,74,74,74,75,75,75,75,75,75,75,75,75,80,80,67,77,80,75,52,52,52,77,74,74,74,74,85,85,85,85,85,38,73,63,83,68,85,77,77,85,46,46,85,55,55,55,12,37,43,0],"gold":16,"neow_bonus":"THREE_ENEMY_KILL","is_prod":false,"is_daily":false,"chose_seed":false,"campfire_upgraded":7,"win_rate":0,"timestamp":1541010240,"path_taken":["M","$","?","$","M","R","?","R","T","E","?","?","?","M","R","BOSS","M","M","?","?","?","R","M","R","T","R","E","$","?","E","R","BOSS","M","?","?","?","M","R","M","E","T","E","M","$","?","M","R","BOSS","BOSS"],"build_version":"2018-10-25v2","purchased_purges":2,"victory":false,"max_hp_per_floor":[75,75,75,75,75,75,75,75,75,75,75,75,75,80,80,80,80,80,80,85,85,85,85,85,85,85,85,85,85,85,85,85,85,85,85,85,85,85,85,85,85,85,85,85,85,85,85,85,85,85,85],"card_choices":[{"not_picked":["Cleave","Sever Soul"],"picked":"Anger","floor":1.0},{"not_picked":["Wild Strike","Ghostly Armor","Body Slam"],"picked":"SKIP","floor":5.0},{"not_picked":["Warcry","Whirlwind"],"picked":"Shrug It Off","floor":10.0},{"not_picked":["Heavy Blade","Anger","Clash"],"picked":"SKIP","floor":14.0},{"not_picked":["Immolate","Barricade"],"picked":"Reaper","floor":16.0},{"not_picked":["Cleave","Havoc","Searing Blow"],"picked":"SKIP","floor":18.0},{"not_picked":["Entrench+1","Flex"],"picked":"Shrug It Off","floor":19.0},{"not_picked":["Brutality","Intimidate"],"picked":"Thunderclap+1","floor":24.0},{"not_picked":["Perfected Strike","Seeing Red","Thunderclap"],"picked":"SKIP","floor":28.0},{"not_picked":["Clothesline","Body Slam"],"picked":"Pommel Strike","floor":30.0},{"not_picked":["Twin Strike","Heavy Blade"],"picked":"Pummel","floor":31.0},{"not_picked":["Barricade","Berserk"],"picked":"Limit Break+1","floor":33.0},{"not_picked":["Havoc+1","Thunderclap"],"picked":"Clothesline+1","floor":35.0},{"not_picked":["Clothesline","Clash","Evolve"],"picked":"SKIP","floor":36.0},{"not_picked":["Wild Strike","Iron Wave","Clothesline"],"picked":"SKIP","floor":38.0},{"not_picked":["Double Tap+1","Pommel Strike"],"picked":"Warcry+1","floor":39.0},{"not_picked":["Clash+1","Clothesline"],"picked":"Flame Barrier+1","floor":41.0},{"not_picked":["Flame Barrier+1","Twin Strike"],"picked":"Spot Weakness+1","floor":42.0},{"not_picked":["Dual Wield+1","Inflame"],"picked":"Havoc+1","floor":44.0},{"not_picked":["Body Slam+1","Inflame+1"],"picked":"Shrug It Off+1","floor":45.0},{"not_picked":["Thunderclap","Sever Soul","Anger"],"picked":"SKIP","floor":48.0}],"player_experience":1030103,"relics_obtained":[{"floor":9.0,"key":"Dodecahedron"},{"floor":10.0,"key":"Lantern"},{"floor":12.0,"key":"Sundial"},{"floor":26.0,"key":"Ginger"},{"floor":28.0,"key":"Toxic Egg 2"},{"floor":31.0,"key":"Boot"},{"floor":42.0,"key":"Oddly Smooth Stone"},{"floor":43.0,"key":"War Paint"},{"floor":44.0,"key":"MawBank"}],"event_choices":[{"damage_healed":0.0,"max_hp_gain":0.0,"max_hp_loss":0.0,"gold_gain":0.0,"cards_transformed":["Strike_R"],"event_name":"Living Wall","player_choice":"Change","floor":3.0,"gold_loss":0.0,"damage_taken":0.0,"cards_obtained":["Whirlwind"]},{"damage_healed":0.0,"max_hp_gain":0.0,"max_hp_loss":0.0,"gold_gain":0.0,"event_name":"Accursed Blacksmith","player_choice":"Rummage","floor":7.0,"gold_loss":0.0,"damage_taken":0.0,"relics_obtained":["WarpedTongs"],"cards_obtained":["Pain"]},{"damage_healed":0.0,"max_hp_gain":0.0,"max_hp_loss":0.0,"gold_gain":0.0,"event_name":"The Woman in Blue","player_choice":"Bought 2 Potions","floor":11.0,"gold_loss":0.0,"damage_taken":0.0},{"damage_healed":0.0,"max_hp_gain":0.0,"max_hp_loss":0.0,"gold_gain":0.0,"event_name":"The Lab","player_choice":"Got Potions","floor":13.0,"gold_loss":0.0,"damage_taken":0.0},{"damage_healed":0.0,"max_hp_gain":5.0,"max_hp_loss":0.0,"gold_gain":0.0,"event_name":"Forgotten Altar","player_choice":"Shed Blood","floor":20.0,"gold_loss":0.0,"damage_taken":28.0},{"cards_removed":["Pain"],"damage_healed":0.0,"max_hp_gain":0.0,"max_hp_loss":0.0,"gold_gain":0.0,"event_name":"Fountain of Cleansing","player_choice":"Removed Curses","floor":21.0,"gold_loss":0.0,"damage_taken":0.0},{"damage_healed":0.0,"max_hp_gain":0.0,"max_hp_loss":0.0,"gold_gain":0.0,"event_name":"Duplicator","player_choice":"Copied","floor":22.0,"gold_loss":0.0,"damage_taken":0.0,"cards_obtained":["Reaper"]},{"damage_healed":0.0,"max_hp_gain":0.0,"max_hp_loss":0.0,"gold_gain":0.0,"event_name":"Winding Halls","player_choice":"Embrace Madness","floor":37.0,"gold_loss":0.0,"damage_taken":15.0,"cards_obtained":["Madness","Madness"]},{"damage_healed":0.0,"max_hp_gain":0.0,"max_hp_loss":0.0,"gold_gain":0.0,"event_name":"Tomb of Lord Red Mask","player_choice":"Paid","floor":47.0,"gold_loss":33.0,"damage_taken":0.0,"relics_obtained":["Red Mask"]}],"is_beta":false,"boss_relics":[{"not_picked":["Runic Pyramid","Calling Bell"],"picked":"Velvet Choker"},{"not_picked":["Mark of Pain","Busted Crown"],"picked":"Runic Cube"}],"items_purged_floors":[29,46],"is_endless":false,"potions_floor_spawned":[14,16,18,24,30,35,38,39,42,48],"killed_by":"Time Eater","ascension_level":20}