{"gold_per_floor":[116,131,131,56,69,99,114,114,114,114,114],"floor_reached":11,"playtime":505,"items_purged":["Strike_B"],"score":146,"play_id":"3c95480f-242f-49a9-ab1e-c8b5680ebecb","local_time":"20190201163454","is_ascension_mode":true,"campfire_choices":[{"data":"Creative AI","floor":8,"key":"SMITH"},{"data":"Zap","floor":10,"key":"SMITH"}],"neow_cost":"TEN_PERCENT_HP_LOSS","seed_source_timestamp":176268493000933,"circlet_count":0,"master_deck":["AscendersBane","Strike_B","Strike_B","Strike_B","Defend_B","Defend_B","Defend_B","Defend_B","Zap+1","Dualcast","Hologram","Rip and Tear","Biased Cognition","Loop","Ball Lightning","Creative AI+1"],"relics":["Cracked Core","Emotion Chip","Ornamental Fan"],"potions_floor_usage":[6,11,11],"damage_taken":[{"damage":5,"enemies":"2 Louse","floor":1,"turns":3},{"damage":1,"enemies":"Cultist","floor":2,"turns":4},{"damage":7,"enemies":"Jaw Worm","floor":5,"turns":3},{"damage":17,"enemies":"Lagavulin","floor":6,"turns":6},{"damage":19,"enemies":"Large Slime","floor":7,"turns":4},{"damage":20,"enemies":"3 Sentries","floor":11,"turns":2}],"seed_played":"8041630971568547248","potions_obtained":[{"floor":1,"key":"Weak Potion"},{"floor":5,"key":"SteroidPotion"},{"floor":7,"key":"SkillPotion"}],"is_trial":false,"path_per_floor":["M","M","?","$","M","E","M","R","T","R","E"],"character_chosen":"DEFECT","items_purchased":[],"campfire_rested":0,"item_purchase_floors":[],"current_hp_per_floor":[59,58,58,58,51,34,15,15,15,15,0],"gold":114,"neow_bonus":"ONE_RARE_RELIC","is_prod":false,"is_daily":false,"chose_seed":false,"campfire_upgraded":2,"win_rate":0,"timestamp":1549056894,"path_taken":["M","M","?","$","M","E","M","R","T","R","E"],"build_version":"2019-01-23","purchased_purges":1,"victory":false,"max_hp_per_floor":[64,64,64,64,64,64,64,64,64,64,64],"card_choices":[{"not_picked":["Undo","Gash"],"picked":"Hologram","floor":1},{"not_picked":["Go for the Eyes","Redo"],"picked":"Rip and Tear","floor":2},{"not_picked":["BootSequence","Force Field"],"picked":"Loop","floor":5},{"not_picked":["Sweeping Beam","Streamline"],"picked":"Ball Lightning","floor":6},{"not_picked":["Lockon","Streamline"],"picked":"Creative AI","floor":7}],"player_experience":1358570,"relics_obtained":[{"floor":9,"key":"Ornamental Fan"}],"event_choices":[{"damage_healed":0,"gold_gain":0,"player_choice":"1 cards matched","damage_taken":0,"max_hp_gain":0,"max_hp_loss":0,"event_name":"Match and Keep!","floor":3,"gold_loss":0,"cards_obtained":["Biased Cognition"]}],"is_beta":false,"boss_relics":[],"items_purged_floors":[4],"is_endless":false,"potions_floor_spawned":[1,5,7],"killed_by":"3 Sentries","ascension_level":20}