{"gold_per_floor":[110,60,25,25,25,51,61,61,61,61,61,5,38,57,57,162,162,162,162,162,5,5,5,5,5,5,5,5,5,5,5,5,5,5,5,5,5,5,5,5,5,5,5,5,5,5],"floor_reached":46,"playtime":2532,"items_purged":["Strike_G"],"score":749,"play_id":"c5603fdc-d4d9-48a2-bd0b-e13cb6ee7adc","local_time":"20190610215544","is_ascension_mode":true,"campfire_choices":[{"data":"Dagger Throw","floor":8,"key":"SMITH"},{"data":"Well Laid Plans","floor":10,"key":"SMITH"},{"floor":15,"key":"REST"},{"floor":24,"key":"REST"},{"floor":27,"key":"REST"},{"floor":32,"key":"REST"},{"data":"Backflip","floor":40,"key":"SMITH"},{"floor":44,"key":"REST"}],"neow_cost":"NONE","seed_source_timestamp":100491008638562,"circlet_count":0,"master_deck":["AscendersBane","Defend_G","Defend_G","Defend_G","Defend_G+1","Defend_G","Strike_G","Strike_G","Strike_G","Survivor","Neutralize+1","Deadly Poison+1","Well Laid Plans+1","Dagger Throw","Dagger Throw+1","Dagger Spray","Venomology","Dash+1","Cloak And Dagger+1","Bandage Up","Underhanded Strike","Backflip+1","Catalyst+1","Die Die Die","Dagger Throw+1","Cloak And Dagger+1","Tools of the Trade","Backstab","Terror+1","Crippling Poison+1","Deadly Poison+1","Deadly Poison"],"relics":["Ring of the Serpent","NeowsBlessing","Gremlin Horn","Blue Candle","Mummified Hand","Incense Burner","Mercury Hourglass","Ectoplasm","Letter Opener","Ornamental Fan","Sundial","Bag of Marbles"],"potions_floor_usage":[18,20,20,22,23,23,28,28,28,31,33,33,38,41,42,42,45,46,46],"damage_taken":[{"damage":0,"enemies":"Small Slimes","floor":1,"turns":1},{"damage":0,"enemies":"3 Sentries","floor":6,"turns":1},{"damage":0,"enemies":"Jaw Worm","floor":7,"turns":1},{"damage":34,"enemies":"Gremlin Nob","floor":13,"turns":4},{"damage":0,"enemies":"Cultist","floor":14,"turns":3},{"damage":6,"enemies":"The Guardian","floor":16,"turns":13},{"damage":14,"enemies":"Shell Parasite","floor":18,"turns":6},{"damage":6,"enemies":"3 Byrds","floor":19,"turns":4},{"damage":5,"enemies":"Snake Plant","floor":20,"turns":4},{"damage":7,"enemies":"Centurion and Healer","floor":22,"turns":5},{"damage":24,"enemies":"Gremlin Leader","floor":23,"turns":6},{"damage":18,"enemies":"Shelled Parasite and Fungi","floor":25,"turns":5},{"damage":11,"enemies":"Slavers","floor":28,"turns":4},{"damage":9,"enemies":"Sentry and Sphere","floor":30,"turns":6},{"damage":16,"enemies":"Snake Plant","floor":31,"turns":3},{"damage":29,"enemies":"Collector","floor":33,"turns":8},{"damage":0,"enemies":"Orb Walker","floor":35,"turns":3},{"damage":0,"enemies":"3 Shapes","floor":37,"turns":3},{"damage":16,"enemies":"Maw","floor":38,"turns":8},{"damage":1,"enemies":"Transient","floor":39,"turns":5},{"damage":49,"enemies":"Writhing Mass","floor":41,"turns":6},{"damage":0,"enemies":"Sphere and 2 Shapes","floor":42,"turns":3},{"damage":14,"enemies":"Transient","floor":45,"turns":5},{"damage":29,"enemies":"Giant Head","floor":46,"turns":7}],"seed_played":"-7845694100595142947","potions_obtained":[{"floor":14,"key":"SkillPotion"},{"floor":16,"key":"PowerPotion"},{"floor":19,"key":"Swift Potion"},{"floor":22,"key":"Dexterity Potion"},{"floor":25,"key":"AttackPotion"},{"floor":30,"key":"Fire Potion"},{"floor":39,"key":"Dexterity Potion"},{"floor":42,"key":"LiquidBronze"}],"is_trial":false,"path_per_floor":["M","?","$","?","?","E","M","R","T","R","$","?","E","M","R","B",null,"M","M","M","$","M","E","R","M","T","R","E","?","M","M","R","B",null,"M","T","M","M","M","R","M","M","T","R","M","E"],"character_chosen":"THE_SILENT","items_purchased":["Well Laid Plans","Bandage Up"],"campfire_rested":5,"item_purchase_floors":[3,21],"current_hp_per_floor":[63,63,63,60,46,46,46,46,46,46,46,46,12,12,33,27,59,45,39,34,34,31,11,32,18,18,39,32,32,27,15,36,11,55,55,55,59,47,50,50,5,9,9,30,20,0],"gold":5,"neow_bonus":"THREE_ENEMY_KILL","is_prod":false,"is_daily":false,"chose_seed":false,"campfire_upgraded":3,"win_rate":0,"timestamp":1560218144,"path_taken":["M","?","$","?","?","E","?","R","T","R","$","?","E","M","R","BOSS","M","M","M","?","M","E","R","?","T","R","E","?","M","M","R","BOSS","M","?","M","?","M","R","?","M","T","R","M","E"],"build_version":"2019-01-23","purchased_purges":1,"victory":false,"max_hp_per_floor":[70,70,70,70,70,70,70,70,70,70,70,70,70,70,70,70,70,70,70,70,70,70,70,70,70,70,70,70,70,70,70,70,70,70,70,70,70,70,70,70,70,70,70,70,70,70],"card_choices":[{"not_picked":["PiercingWail","Dodge and Roll"],"picked":"Deadly Poison","floor":1},{"not_picked":["Leg Sweep","Blade Dance"],"picked":"Dagger Throw","floor":6},{"not_picked":["Choke","Blade Dance"],"picked":"Dagger Throw","floor":7},{"not_picked":["Setup","Acrobatics","Dodge and Roll"],"picked":"SKIP","floor":13},{"not_picked":["Underhanded Strike","Flying Knee"],"picked":"Dagger Spray","floor":14},{"not_picked":["Envenom","Storm of Steel"],"picked":"Venomology","floor":16},{"not_picked":["Expertise","Dagger Spray","Dagger Throw"],"picked":"SKIP","floor":18},{"not_picked":["Slice","Flying Knee"],"picked":"Dash+1","floor":19},{"not_picked":["Sucker Punch","Dodge and Roll+1"],"picked":"Cloak And Dagger+1","floor":20},{"not_picked":["Reflex","Prepared+1"],"picked":"Underhanded Strike","floor":22},{"not_picked":["Corpse Explosion","Terror"],"picked":"Backflip","floor":23},{"not_picked":["Endless Agony","Dagger Throw"],"picked":"Catalyst+1","floor":25},{"not_picked":["Sucker Punch+1","Deflect"],"picked":"Die Die Die","floor":28},{"not_picked":["Bane","Acrobatics"],"picked":"Dagger Throw+1","floor":30},{"not_picked":["Sucker Punch","Blade Dance"],"picked":"Cloak And Dagger+1","floor":31},{"not_picked":["Glass Knife","Bullet Time"],"picked":"Tools of the Trade","floor":33},{"not_picked":["Blade Dance+1","Concentrate","Masterful Stab"],"picked":"SKIP","floor":35},{"not_picked":["Prepared+1","Dagger Spray"],"picked":"Backstab","floor":37},{"not_picked":["All Out Attack","Skewer"],"picked":"Terror+1","floor":38},{"not_picked":["Acrobatics+1","Accuracy"],"picked":"Crippling Poison+1","floor":39},{"not_picked":["Crippling Poison","Adrenaline"],"picked":"Deadly Poison+1","floor":41},{"not_picked":["Masterful Stab","Sucker Punch+1"],"picked":"Deadly Poison","floor":42},{"not_picked":["Cloak And Dagger","Predator","Prepared"],"picked":"SKIP","floor":45}],"player_experience":400964,"relics_obtained":[{"floor":6,"key":"Blue Candle"},{"floor":9,"key":"Mummified Hand"},{"floor":13,"key":"Mercury Hourglass"},{"floor":23,"key":"Letter Opener"},{"floor":26,"key":"Ornamental Fan"},{"floor":28,"key":"Sundial"},{"floor":43,"key":"Bag of Marbles"}],"event_choices":[{"cards_removed":["Strike_G"],"damage_healed":0,"gold_gain":0,"player_choice":"Card Removal","damage_taken":0,"max_hp_gain":0,"max_hp_loss":0,"event_name":"The Cleric","floor":2,"gold_loss":50},{"damage_healed":0,"gold_gain":0,"player_choice":"Success","damage_taken":3,"relics_obtained":["Gremlin Horn"],"max_hp_gain":0,"max_hp_loss":0,"event_name":"Scrap Ooze","floor":4,"gold_loss":0},{"damage_healed":0,"gold_gain":0,"player_choice":"Entered Light","damage_taken":14,"max_hp_gain":0,"max_hp_loss":0,"event_name":"Shining Light","floor":5,"gold_loss":0,"cards_upgraded":["Defend_G","Neutralize"]},{"damage_healed":0,"gold_gain":0,"player_choice":"Paid Gold","damage_taken":0,"relics_obtained":["Incense Burner"],"max_hp_gain":0,"max_hp_loss":0,"event_name":"WeMeetAgain","floor":12,"gold_loss":56},{"damage_healed":0,"gold_gain":0,"player_choice":"Forge","damage_taken":0,"max_hp_gain":0,"max_hp_loss":0,"event_name":"Accursed Blacksmith","floor":29,"gold_loss":0,"cards_upgraded":["Deadly Poison"]}],"is_beta":false,"boss_relics":[{"not_picked":["Busted Crown","Snecko Eye"],"picked":"Ectoplasm"},{"not_picked":["White Beast Statue","Velvet Choker"],"picked":"Ring of the Serpent"}],"items_purged_floors":[21],"is_endless":false,"potions_floor_spawned":[14,16,19,22,25,30,37,39,42],"killed_by":"Giant Head","ascension_level":10}