{"gold_per_floor":[112,112,135,154,154,154,179,222,222,222,243,276,201,201,201,291,354],"floor_reached":17,"playtime":470,"items_purged":["Strike_B"],"score":430,"play_id":"6e574db8-f4a9-4828-98a6-1614fc345654","local_time":"20190713162612","is_ascension_mode":true,"campfire_choices":[{"data":"Hyperbeam","floor":6,"key":"SMITH"},{"floor":10,"key":"REST"},{"floor":15,"key":"REST"}],"neow_cost":"PERCENT_DAMAGE","seed_source_timestamp":340368125221403,"circlet_count":0,"master_deck":["AscendersBane","Strike_B+1","Strike_B","Strike_B","Defend_B","Defend_B","Defend_B","Defend_B","Zap","Dualcast","Hyperbeam+1","Go for the Eyes","Sweeping Beam","Ball Lightning","Genetic Algorithm","Ball Lightning","Hologram","Electrodynamics","Coolheaded"],"relics":["Cracked Core","Golden Idol","Dodecahedron","Potion Belt","Tiny House"],"potions_floor_usage":[16],"damage_taken":[{"damage":0,"enemies":"Small Slimes","floor":1,"turns":1},{"damage":9,"enemies":"Jaw Worm","floor":3,"turns":2},{"damage":6,"enemies":"2 Louse","floor":4,"turns":2},{"damage":0,"enemies":"Lots of Slimes","floor":7,"turns":1},{"damage":29,"enemies":"Lagavulin","floor":8,"turns":8},{"damage":6,"enemies":"Exordium Thugs","floor":11,"turns":3},{"damage":10,"enemies":"3 Sentries","floor":12,"turns":3},{"damage":0,"enemies":"Slime Boss","floor":16,"turns":5}],"seed_played":"5675489802505666518","potions_obtained":[{"floor":1,"key":"Dexterity Potion"},{"floor":7,"key":"FocusPotion"},{"floor":16,"key":"GamblersBrew"},{"floor":17,"key":"SpeedPotion"}],"is_trial":false,"path_per_floor":["M","?","M","M","?","R","M","E","T","R","M","E","$","?","R","B",null],"character_chosen":"DEFECT","items_purchased":[],"campfire_rested":2,"item_purchase_floors":[],"current_hp_per_floor":[46,46,37,31,31,31,31,2,2,21,15,5,5,5,24,24,29],"gold":354,"neow_bonus":"THREE_RARE_CARDS","is_prod":false,"is_daily":false,"chose_seed":false,"campfire_upgraded":1,"win_rate":0,"timestamp":1563049572,"path_taken":["M","?","M","M","?","R","M","E","T","R","M","E","$","?","R","BOSS"],"build_version":"2019-07-05","purchased_purges":1,"victory":false,"max_hp_per_floor":[71,64,64,64,64,64,64,64,64,64,64,64,64,64,64,64,69],"card_choices":[{"not_picked":["Multi-Cast","Thunder Strike"],"picked":"Hyperbeam","floor":0},{"not_picked":["Capacitor","Redo"],"picked":"Go for the Eyes","floor":1},{"not_picked":["Darkness","Barrage"],"picked":"Sweeping Beam","floor":3},{"not_picked":["Steam","Static Discharge"],"picked":"Ball Lightning","floor":4},{"not_picked":["Rebound","Ball Lightning"],"picked":"Genetic Algorithm","floor":7},{"not_picked":["Darkness","Redo"],"picked":"Ball Lightning","floor":8},{"not_picked":["Scrape","Beam Cell","Hello World"],"picked":"SKIP","floor":11},{"not_picked":["Blizzard","Stack"],"picked":"Hologram","floor":12},{"not_picked":["Amplify","Buffer"],"picked":"Electrodynamics","floor":16},{"not_picked":["Blizzard","Capacitor"],"picked":"Coolheaded","floor":17}],"player_experience":1486349,"relics_obtained":[{"floor":8,"key":"Dodecahedron"},{"floor":12,"key":"Potion Belt"}],"event_choices":[{"damage_healed":0,"gold_gain":0,"player_choice":"Lose Max HP","damage_taken":0,"relics_obtained":["Golden Idol"],"max_hp_gain":0,"max_hp_loss":7,"event_name":"Golden Idol","floor":2,"gold_loss":0},{"damage_healed":0,"gold_gain":0,"player_choice":"Ignored","damage_taken":0,"max_hp_gain":0,"max_hp_loss":0,"event_name":"Liars Game","floor":5,"gold_loss":0},{"damage_healed":0,"gold_gain":0,"player_choice":"Fled","damage_taken":0,"max_hp_gain":0,"max_hp_loss":0,"event_name":"Scrap Ooze","floor":14,"gold_loss":0}],"is_beta":false,"boss_relics":[{"not_picked":["Runic Dome","Busted Crown"],"picked":"Tiny House"}],"items_purged_floors":[13],"is_endless":false,"potions_floor_spawned":[1,7,16],"ascension_level":20}