{"gold_per_floor":[117,192,212,212,78,104,104,136,184,184,215,215,225,239,239,316,316,336,336,336,283,257,257,314,15,62,62],"floor_reached":27,"playtime":878,"items_purged":["Heavy Blade"],"score":544,"play_id":"24aa68d9-a40e-4cfa-856c-768ddb650f9e","local_time":"20181030174832","is_ascension_mode":true,"campfire_choices":[{"data":"Demon Form","floor":7.0,"key":"SMITH"},{"data":"Armaments","floor":10.0,"key":"SMITH"},{"data":"Bash","floor":12.0,"key":"SMITH"},{"data":"Havoc","floor":15.0,"key":"SMITH"},{"data":"Warcry","floor":23.0,"key":"SMITH"}],"neow_cost":"NONE","seed_source_timestamp":1028035175245572,"circlet_count":0,"master_deck":["Strike_R+1","Strike_R+1","Strike_R+1","Defend_R+1","Defend_R+1","Defend_R+1","Defend_R+1","Bash+1","AscendersBane","Wild Strike","Cleave","Shrug It Off+1","Demon Form+1","Armaments+1","Sword Boomerang","Warcry+1","Havoc+1","Fiend Fire","Body Slam+1","Feed","Headbutt","Clothesline+1","Flash of Steel","Shockwave+1"],"special_seed":0,"relics":["Burning Blood","NeowsBlessing","Red Skull","Mercury Hourglass","Omamori","Potion Belt","Sozu","Tiny Chest","PreservedInsect","War Paint"],"potions_floor_usage":[27],"damage_taken":[{"damage":0.0,"enemies":"2 Louse","floor":1.0,"turns":1.0},{"damage":0.0,"enemies":"Jaw Worm","floor":3.0,"turns":1.0},{"damage":0.0,"enemies":"Gremlin Nob","floor":6.0,"turns":1.0},{"damage":6.0,"enemies":"3 Sentries","floor":8.0,"turns":6.0},{"damage":15.0,"enemies":"Lagavulin","floor":11.0,"turns":7.0},{"damage":0.0,"enemies":"Small Slimes","floor":13.0,"turns":2.0},{"damage":3.0,"enemies":"Blue Slaver","floor":14.0,"turns":4.0},{"damage":30.0,"enemies":"The Guardian","floor":16.0,"turns":12.0},{"damage":20.0,"enemies":"3 Byrds","floor":18.0,"turns":5.0},{"damage":6.0,"enemies":"2 Thieves","floor":22.0,"turns":4.0},{"damage":36.0,"enemies":"Book of Stabbing","floor":24.0,"turns":4.0},{"damage":33,"enemies":"Sentry and Sphere","floor":27,"turns":3}],"seed_played":"4219629657431902955","potions_obtained":[{"floor":1.0,"key":"AttackPotion"},{"floor":6.0,"key":"EssenceOfSteel"},{"floor":11.0,"key":"Poison Potion"},{"floor":13.0,"key":"Strength Potion"}],"is_trial":false,"path_per_floor":["M","?","M","?","$","E","R","E","T","R","E","R","M","M","R","B",null,"M","?","?","$","M","R","E","$","T"],"character_chosen":"IRONCLAD","items_purchased":["Shrug It Off","Headbutt","Flash of Steel","PreservedInsect","Shockwave"],"campfire_rested":0,"item_purchase_floors":[5,21,25,25,25],"current_hp_per_floor":[74,63,69,69,69,75,75,75,75,75,66,66,72,75,75,51,69,55,55,55,55,55,55,25,25,25,0],"gold":62,"neow_bonus":"THREE_ENEMY_KILL","is_prod":false,"is_daily":false,"chose_seed":false,"campfire_upgraded":5,"win_rate":0,"timestamp":1540936112,"path_taken":["M","?","M","?","?","E","R","E","T","R","E","R","M","M","R","BOSS","M","?","?","$","?","R","E","$","T","M"],"build_version":"2018-10-25v2","purchased_purges":1,"victory":false,"max_hp_per_floor":[75,75,75,75,75,75,75,75,75,75,75,75,75,75,75,75,75,75,75,75,75,75,75,75,75,75,75],"card_choices":[{"not_picked":["Inflame","Cleave"],"picked":"Wild Strike","floor":1.0},{"not_picked":["Pommel Strike","Havoc"],"picked":"Cleave","floor":3.0},{"not_picked":["Cleave","Power Through"],"picked":"Demon Form","floor":6.0},{"not_picked":["Hemokinesis","Double Tap"],"picked":"Armaments","floor":8.0},{"not_picked":["Warcry","True Grit"],"picked":"Sword Boomerang","floor":11.0},{"not_picked":["Fire Breathing","Iron Wave"],"picked":"Warcry","floor":13.0},{"not_picked":["Rupture","Armaments"],"picked":"Havoc","floor":14.0},{"not_picked":["Limit Break","Bludgeon"],"picked":"Fiend Fire","floor":16.0},{"not_picked":["Armaments+1","Sword Boomerang"],"picked":"Body Slam+1","floor":18.0},{"not_picked":["Twin Strike","Armaments","Wild Strike"],"picked":"SKIP","floor":22.0},{"not_picked":["Dark Embrace","Warcry"],"picked":"Clothesline+1","floor":24.0}],"player_experience":1014795,"relics_obtained":[{"floor":6.0,"key":"Red Skull"},{"floor":8.0,"key":"Mercury Hourglass"},{"floor":9.0,"key":"Omamori"},{"floor":11.0,"key":"Potion Belt"},{"floor":24.0,"key":"Tiny Chest"},{"floor":26.0,"key":"War Paint"}],"event_choices":[{"damage_healed":0.0,"max_hp_gain":0.0,"max_hp_loss":0.0,"gold_gain":75.0,"event_name":"World of Goop","player_choice":"Gather Gold","floor":2.0,"gold_loss":0.0,"damage_taken":11.0},{"damage_healed":0.0,"max_hp_gain":0.0,"max_hp_loss":0.0,"gold_gain":0.0,"cards_transformed":["Strike_R"],"event_name":"Living Wall","player_choice":"Change","floor":4.0,"gold_loss":0.0,"damage_taken":0.0,"cards_obtained":["Heavy Blade"]},{"damage_healed":0.0,"max_hp_gain":0.0,"max_hp_loss":0.0,"gold_gain":0.0,"event_name":"Back to Basics","player_choice":"Simplicity","floor":19.0,"gold_loss":0.0,"damage_taken":0.0,"cards_upgraded":["Strike_R","Strike_R","Strike_R","Strike_R","Defend_R","Defend_R","Defend_R","Defend_R"]},{"damage_healed":0.0,"max_hp_gain":0.0,"max_hp_loss":0.0,"gold_gain":0.0,"cards_transformed":["Strike_R"],"event_name":"Transmorgrifier","player_choice":"Transformed","floor":20.0,"gold_loss":0.0,"damage_taken":0.0,"cards_obtained":["Feed"]}],"is_beta":false,"boss_relics":[{"not_picked":["Mark of Pain","Black Blood"],"picked":"Sozu"}],"items_purged_floors":[5],"is_endless":false,"potions_floor_spawned":[1,6,11,13,18,24],"killed_by":"Sentry and Sphere","ascension_level":20}