{"gold_per_floor":[110,110,129,149,149,149,161,177,255,255,274,274,307,307,307,405,405,424,424,424,437,460,460,460],"floor_reached":24,"playtime":970,"items_purged":[],"score":396,"play_id":"d49da024-9ec2-4de3-94d1-01a8f56b8b0a","local_time":"20181119141053","is_ascension_mode":true,"campfire_choices":[{"data":"Infernal Blade","floor":6,"key":"SMITH"},{"data":"Shockwave","floor":10,"key":"SMITH"},{"data":"Pommel Strike","floor":12,"key":"SMITH"},{"data":"Carnage","floor":15,"key":"SMITH"},{"data":"Flame Barrier","floor":23,"key":"SMITH"}],"neow_cost":"NONE","seed_source_timestamp":439618718118739,"circlet_count":0,"master_deck":["AscendersBane","Strike_R","Strike_R","Strike_R","Strike_R","Defend_R","Defend_R","Defend_R","Defend_R","Bash+1","Infernal Blade+1","Carnage+1","Shockwave+1","Disarm+1","Pommel Strike+1","Shrug It Off","Feed","Headbutt","Entrench","Pommel Strike","Flame Barrier+1"],"relics":["Burning Blood","Prayer Wheel","Golden Idol","Snecko Eye"],"potions_floor_usage":[13,16,24],"damage_taken":[{"damage":11,"enemies":"Jaw Worm","floor":1,"turns":6},{"damage":7,"enemies":"2 Louse","floor":3,"turns":4},{"damage":1,"enemies":"Cultist","floor":4,"turns":3},{"damage":11,"enemies":"Large Slime","floor":7,"turns":5},{"damage":8,"enemies":"3 Louse","floor":8,"turns":4},{"damage":20,"enemies":"Lots of Slimes","floor":11,"turns":5},{"damage":15,"enemies":"Lagavulin","floor":13,"turns":4},{"damage":33,"enemies":"Slime Boss","floor":16,"turns":9},{"damage":0,"enemies":"Chosen","floor":18,"turns":3},{"damage":16,"enemies":"Shell Parasite","floor":21,"turns":7},{"damage":6,"enemies":"Snecko","floor":22,"turns":5},{"damage":91,"enemies":"Gremlin Leader","floor":24,"turns":8}],"seed_played":"-8479400346225118586","potions_obtained":[{"floor":1,"key":"SpeedPotion"},{"floor":3,"key":"Weak Potion"},{"floor":8,"key":"Strength Potion"},{"floor":11,"key":"Fire Potion"},{"floor":21,"key":"BloodPotion"}],"is_trial":false,"path_per_floor":["M","?","M","M","?","R","M","M","T","R","M","R","E","?","R","B",null,"M","?","?","M","M","R","E"],"character_chosen":"IRONCLAD","items_purchased":[],"campfire_rested":0,"item_purchase_floors":[],"current_hp_per_floor":[70,70,69,74,74,74,69,67,67,67,53,53,44,44,44,17,60,66,66,66,59,62,62,0],"gold":460,"neow_bonus":"TEN_PERCENT_HP_BONUS","is_prod":false,"is_daily":false,"chose_seed":false,"campfire_upgraded":5,"win_rate":0,"timestamp":1542654653,"path_taken":["M","?","M","M","?","R","M","M","T","R","?","R","E","?","R","BOSS","M","?","?","M","M","R","E"],"build_version":"2018-11-15","purchased_purges":0,"victory":false,"max_hp_per_floor":[82,82,82,82,82,82,82,82,82,82,82,82,82,74,74,74,74,74,74,74,77,80,80,80],"card_choices":[{"not_picked":["Flex","Armaments"],"picked":"Infernal Blade","floor":1},{"not_picked":["Bloodletting","Sword Boomerang"],"picked":"Carnage","floor":3},{"not_picked":["Metallicize","True Grit"],"picked":"Shockwave","floor":4},{"not_picked":["Fire Breathing","Sever Soul","Clash"],"picked":"SKIP","floor":7},{"not_picked":["Warcry","Corruption"],"picked":"Disarm","floor":8},{"not_picked":["True Grit","Rage"],"picked":"Pommel Strike","floor":11},{"not_picked":["Heavy Blade","Bloodletting"],"picked":"Shrug It Off","floor":13},{"not_picked":["Dark Embrace","Bludgeon"],"picked":"Feed","floor":16},{"not_picked":["Inflame","Cleave"],"picked":"Headbutt","floor":18},{"not_picked":["Sentinel","Heavy Blade","True Grit"],"picked":"SKIP","floor":18},{"not_picked":["Headbutt","Wild Strike"],"picked":"Entrench","floor":21},{"not_picked":["Warcry","Cleave","Sword Boomerang"],"picked":"SKIP","floor":21},{"not_picked":["Twin Strike","Headbutt"],"picked":"Pommel Strike","floor":22},{"not_picked":["Shockwave","Power Through"],"picked":"Flame Barrier","floor":22}],"player_experience":1112633,"relics_obtained":[{"floor":13,"key":"Prayer Wheel"}],"event_choices":[{"damage_healed":0,"gold_gain":0,"player_choice":"Grow","damage_taken":0,"max_hp_gain":0,"max_hp_loss":0,"event_name":"Living Wall","floor":2,"gold_loss":0,"cards_upgraded":["Bash"]},{"cards_removed":["Strike_R"],"damage_healed":0,"gold_gain":0,"player_choice":"Purged","damage_taken":0,"max_hp_gain":0,"max_hp_loss":0,"event_name":"Purifier","floor":5,"gold_loss":0},{"damage_healed":0,"gold_gain":0,"player_choice":"Lose Max HP","damage_taken":0,"relics_obtained":["Golden Idol"],"max_hp_gain":0,"max_hp_loss":8,"event_name":"Golden Idol","floor":14,"gold_loss":0},{"damage_healed":0,"gold_gain":0,"player_choice":"Ignored","damage_taken":0,"max_hp_gain":0,"max_hp_loss":0,"event_name":"Ghosts","floor":19,"gold_loss":0},{"damage_healed":0,"gold_gain":0,"player_choice":"Upgraded","damage_taken":0,"max_hp_gain":0,"max_hp_loss":0,"event_name":"Upgrade Shrine","floor":20,"gold_loss":0,"cards_upgraded":["Disarm"]}],"is_beta":false,"boss_relics":[{"not_picked":["Mark of Pain","Pandora\u0027s Box"],"picked":"Snecko Eye"}],"items_purged_floors":[],"is_endless":false,"potions_floor_spawned":[1,3,8,11,21],"killed_by":"Gremlin Leader","ascension_level":20}