{"gold_per_floor":[118,118,129,144,156,156,172,97,97,97,117,42,42,64,64,135,135,151,163,163,174,174,174,174],"floor_reached":24,"playtime":978,"items_purged":["Strike_B"],"score":329,"play_id":"0f1bb295-0edc-47f6-809c-c9e3139d5e5b","local_time":"20181023120419","is_ascension_mode":true,"campfire_choices":[{"data":"Zap","floor":6.0,"key":"SMITH"},{"data":"Fusion","floor":10.0,"key":"SMITH"},{"data":"Dramatic Entrance","floor":13.0,"key":"SMITH"},{"data":"Go for the Eyes","floor":15.0,"key":"SMITH"},{"data":"Consume","floor":23,"key":"SMITH"}],"neow_cost":"NONE","seed_source_timestamp":0,"circlet_count":0,"master_deck":["Strike_B","Strike_B","Defend_B","Defend_B","Defend_B","Defend_B","Zap+1","Dualcast","AscendersBane","Dramatic Entrance+1","Fusion+1","Coolheaded","Cold Snap","Undo","White Noise","Sweeping Beam","Go for the Eyes+1","Machine Learning","Tempest+1","Consume+1"],"special_seed":0,"relics":["Cracked Core","Juzu Bracelet","Bag of Preparation","Odd Mushroom","Snecko Eye"],"potions_floor_usage":[21,24,24],"damage_taken":[{"damage":5.0,"enemies":"Small Slimes","floor":1.0,"turns":3.0},{"damage":7.0,"enemies":"Jaw Worm","floor":3.0,"turns":3.0},{"damage":3.0,"enemies":"2 Louse","floor":4.0,"turns":2.0},{"damage":10.0,"enemies":"2 Fungi Beasts","floor":5.0,"turns":3.0},{"damage":9.0,"enemies":"Looter","floor":7.0,"turns":3.0},{"damage":0.0,"enemies":"Red Slaver","floor":11.0,"turns":3.0},{"damage":9.0,"enemies":"The Mushroom Lair","floor":14.0,"turns":3.0},{"damage":10.0,"enemies":"The Guardian","floor":16.0,"turns":16.0},{"damage":10,"enemies":"2 Thieves","floor":18,"turns":3},{"damage":0,"enemies":"Chosen","floor":19,"turns":5},{"damage":31,"enemies":"Snake Plant","floor":21,"turns":4},{"damage":31,"enemies":"Slavers","floor":24,"turns":2}],"seed_played":"8580761874962529061","potions_obtained":[{"floor":3.0,"key":"Poison Potion"},{"floor":14.0,"key":"FearPotion"},{"floor":16.0,"key":"Swift Potion"},{"floor":21,"key":"EntropicBrew"}],"is_trial":false,"path_per_floor":["M","?","M","M","M","R","M","?","T","R","M","$","R","?","R","B",null,"M","M","?","M","?","R"],"character_chosen":"DEFECT","items_purchased":[],"campfire_rested":0,"item_purchase_floors":[],"current_hp_per_floor":[59,54,47,44,34,34,25,25,25,25,25,25,25,16,16,6,55,45,45,45,14,28,28,0],"gold":174,"neow_bonus":"RANDOM_COLORLESS","is_prod":false,"is_daily":false,"chose_seed":false,"campfire_upgraded":5,"win_rate":0,"timestamp":1540310659,"path_taken":["M","?","M","M","M","R","M","?","T","R","M","$","R","?","R","BOSS","M","M","?","M","?","R","E"],"build_version":"2018-10-18","purchased_purges":1,"victory":false,"max_hp_per_floor":[71,71,71,71,71,71,71,71,71,71,71,71,71,71,71,71,71,71,71,71,71,71,71,71],"card_choices":[{"not_picked":["Redo","Blizzard"],"picked":"Fusion","floor":1.0},{"not_picked":["Steam","Leap"],"picked":"Coolheaded","floor":3.0},{"not_picked":["Reinforced Body","Sweeping Beam"],"picked":"Cold Snap","floor":4.0},{"not_picked":["Barrage","Beam Cell"],"picked":"Undo","floor":5.0},{"not_picked":["Sweeping Beam","Recycle"],"picked":"White Noise","floor":7.0},{"not_picked":["Streamline","Coolheaded"],"picked":"Sweeping Beam","floor":11.0},{"not_picked":["BootSequence","Machine Learning"],"picked":"Go for the Eyes","floor":14.0},{"not_picked":["Amplify","Buffer"],"picked":"Machine Learning","floor":16.0},{"not_picked":["Go for the Eyes","Consume"],"picked":"Tempest+1","floor":18},{"not_picked":["Steam","Sweeping Beam"],"picked":"Consume","floor":19},{"not_picked":["Coolheaded","Barrage","Melter+1"],"picked":"SKIP","floor":21}],"player_experience":952285,"relics_obtained":[{"floor":9.0,"key":"Bag of Preparation"},{"floor":14.0,"key":"Odd Mushroom"}],"event_choices":[{"damage_healed":0.0,"max_hp_gain":0.0,"max_hp_loss":0.0,"gold_gain":0.0,"event_name":"Scrap Ooze","player_choice":"Success","floor":2.0,"gold_loss":0.0,"damage_taken":5.0,"relics_obtained":["Juzu Bracelet"]},{"cards_removed":["Strike_B"],"damage_healed":0.0,"max_hp_gain":0.0,"max_hp_loss":0.0,"gold_gain":0.0,"event_name":"The Cleric","player_choice":"Card Removal","floor":8.0,"gold_loss":75.0,"damage_taken":0.0},{"damage_healed":0.0,"max_hp_gain":0.0,"max_hp_loss":0.0,"gold_gain":0.0,"event_name":"Mushrooms","player_choice":"Fought Mushrooms","floor":14.0,"gold_loss":0.0,"damage_taken":0.0},{"damage_healed":0,"gold_gain":0,"player_choice":"Ignored","damage_taken":0,"max_hp_gain":0,"max_hp_loss":0,"event_name":"Ghosts","floor":20,"gold_loss":0},{"damage_healed":14,"gold_gain":0,"player_choice":"Heal","damage_taken":0,"max_hp_gain":0,"max_hp_loss":0,"event_name":"The Library","floor":22,"gold_loss":0}],"is_beta":false,"boss_relics":[{"not_picked":["Coffee Dripper","Tiny House"],"picked":"Snecko Eye"}],"items_purged_floors":[12],"is_endless":false,"potions_floor_spawned":[3,14,16,21],"killed_by":"Slavers","ascension_level":15}