{"gold_per_floor":[118,43,43,43,43,43,72,72,72,72,91,91,121,121,121,197,197,214,139,125,125,43,43,74,84,153,180,211,211,245,264,264,337,337,347,7,25,25,25,25,45,63,63,94,125,150,4,21,21,21],"floor_reached":51,"playtime":3333,"items_purged":["Well Laid Plans"],"score":1489,"play_id":"49bd29fd-150e-4260-aabd-8820a6b47886","local_time":"20181019235856","is_ascension_mode":true,"campfire_choices":[{"data":"Poisoned Stab","floor":6,"key":"SMITH"},{"data":"Survivor","floor":8,"key":"SMITH"},{"data":"Dagger Throw","floor":10,"key":"SMITH"},{"data":"Flechettes","floor":12,"key":"SMITH"},{"data":"Malaise","floor":15,"key":"SMITH"},{"floor":23,"key":"REST"},{"floor":29,"key":"REST"},{"floor":32,"key":"REST"},{"floor":40,"key":"REST"},{"floor":49,"key":"REST"}],"neow_cost":"NONE","seed_source_timestamp":97510925523230,"circlet_count":0,"master_deck":["Defend_G+1","Defend_G+1","Defend_G+1","Defend_G+1","Defend_G+1","Strike_G+1","Survivor+1","Neutralize+1","AscendersBane","Poisoned Stab+1","Dagger Throw+1","Flechettes+1","Malaise+1","After Image","PiercingWail","Acrobatics","Footwork","Dagger Spray","Riddle With Holes","Dodge and Roll","Leg Sweep","Bouncing Flask","Backstab","Dodge and Roll+1","Trip","Flash of Steel","Thinking Ahead","Sucker Punch+1","Well Laid Plans+1","Slice+1","Cloak And Dagger+1","Infinite Blades","Cloak And Dagger"],"relics":["Ring of the Snake","NeowsBlessing","Happy Flower","Dodecahedron","Meat on the Bone","Fusion Hammer","Letter Opener","Shuriken","Mango","Red Mask","Bottled Flame","Sozu","Ninja Scroll","WingedGreaves","Calipers","Strawberry","Paper Crane"],"potions_floor_usage":[25,30,33,42],"damage_taken":[{"damage":0,"enemies":"Jaw Worm","floor":1,"turns":1},{"damage":0,"enemies":"Lagavulin","floor":7,"turns":1},{"damage":0,"enemies":"2 Louse","floor":11,"turns":1},{"damage":5,"enemies":"3 Sentries","floor":13,"turns":9},{"damage":14,"enemies":"The Guardian","floor":16,"turns":12},{"damage":3,"enemies":"3 Byrds","floor":18,"turns":6},{"damage":5,"enemies":"2 Thieves","floor":20,"turns":4},{"damage":0,"enemies":"Book of Stabbing","floor":24,"turns":6},{"damage":0,"enemies":"Sentry and Sphere","floor":25,"turns":6},{"damage":0,"enemies":"Gremlin Leader","floor":27,"turns":7},{"damage":0,"enemies":"Masked Bandits","floor":28,"turns":5},{"damage":6,"enemies":"Slavers","floor":30,"turns":7},{"damage":6,"enemies":"Centurion and Healer","floor":31,"turns":7},{"damage":15,"enemies":"Champ","floor":33,"turns":15},{"damage":0,"enemies":"Orb Walker","floor":35,"turns":7},{"damage":10,"enemies":"3 Darklings","floor":37,"turns":6},{"damage":0,"enemies":"Jaw Worm Horde","floor":41,"turns":4},{"damage":0,"enemies":"Sphere and 2 Shapes","floor":42,"turns":5},{"damage":13,"enemies":"Nemesis","floor":44,"turns":9},{"damage":6,"enemies":"Giant Head","floor":45,"turns":10},{"damage":1,"enemies":"Reptomancer","floor":46,"turns":7},{"damage":10,"enemies":"Maw","floor":48,"turns":6},{"damage":17,"enemies":"Awakened One","floor":50,"turns":12}],"seed_played":"-4450781791806334087","potions_obtained":[{"floor":1,"key":"Weak Potion"},{"floor":13,"key":"EssenceOfSteel"},{"floor":31,"key":"Poison Potion"},{"floor":33,"key":"Poison Potion"}],"is_trial":false,"path_per_floor":["M","?","?","$","?","R","E","R","T","R","M","R","E","?","R","B",null,"M","?","M","?","$","R","E","M","T","E","?","R","E","M","R","B",null,"M","$","M","?","?","R","M","M","T","E","E","E","$","M","R","B"],"character_chosen":"THE_SILENT","items_purchased":["Footwork","Ninja Scroll","Backstab","Infinite Blades"],"campfire_rested":5,"item_purchase_floors":[22,36,36,47],"current_hp_per_floor":[59,59,52,52,52,52,52,52,52,52,52,52,47,47,47,45,61,58,58,53,53,53,66,66,66,66,80,80,80,74,68,80,65,76,76,76,66,66,56,80,80,80,80,67,68,67,67,57,83,66],"gold":21,"neow_bonus":"THREE_ENEMY_KILL","is_prod":false,"is_daily":false,"chose_seed":false,"campfire_upgraded":5,"win_rate":0,"timestamp":1540007936,"path_taken":["M","?","?","$","?","R","E","R","T","R","M","R","E","?","R","BOSS","M","?","M","?","$","R","E","?","T","E","?","R","E","M","R","BOSS","M","$","M","?","?","R","M","M","T","E","E","E","?","?","R","BOSS"],"build_version":"2018-10-18","purchased_purges":1,"victory":true,"max_hp_per_floor":[66,66,66,66,66,66,66,66,66,66,66,66,66,66,66,66,66,66,66,66,66,66,66,66,66,66,80,80,80,80,80,80,80,80,80,80,80,80,80,80,80,80,80,80,87,87,87,87,87,87],"card_choices":[{"not_picked":["Expertise","Slice"],"picked":"Poisoned Stab","floor":1},{"not_picked":["Acrobatics","Masterful Stab"],"picked":"Dagger Throw","floor":7},{"not_picked":["Blade Dance","Expertise"],"picked":"Flechettes","floor":11},{"not_picked":["Riddle With Holes","Dash"],"picked":"Well Laid Plans","floor":13},{"not_picked":["A Thousand Cuts","Phantasmal Killer"],"picked":"After Image","floor":16},{"not_picked":["Heel Hook","Bouncing Flask"],"picked":"PiercingWail","floor":18},{"not_picked":["Deadly Poison","Dodge and Roll"],"picked":"Acrobatics","floor":20},{"not_picked":["Storm of Steel","Prepared","Poisoned Stab"],"picked":"SKIP","floor":24},{"not_picked":["Acrobatics","Well Laid Plans"],"picked":"Dagger Spray","floor":25},{"not_picked":["Terror","Sucker Punch"],"picked":"Riddle With Holes","floor":27},{"not_picked":["Predator","Deadly Poison"],"picked":"Dodge and Roll","floor":28},{"not_picked":["Expertise+1","Endless Agony"],"picked":"Leg Sweep","floor":30},{"not_picked":["Poisoned Stab","Acrobatics","Accuracy"],"picked":"SKIP","floor":31},{"not_picked":["Doppelganger","Tools of the Trade"],"picked":"Storm of Steel","floor":33},{"not_picked":["Outmaneuver","Slice"],"picked":"Bouncing Flask","floor":35},{"not_picked":["Masterful Stab","Deadly Poison"],"picked":"Dodge and Roll+1","floor":37},{"not_picked":["Secret Technique","Transmutation"],"picked":"Trip","floor":39},{"not_picked":["Forethought","Trip"],"picked":"Flash of Steel","floor":39},{"not_picked":["Discovery","Purity"],"picked":"Thinking Ahead","floor":39},{"not_picked":["Prepared","Eviscerate"],"picked":"Sucker Punch+1","floor":41},{"not_picked":["Underhanded Strike+1","Bane"],"picked":"Well Laid Plans+1","floor":42},{"not_picked":["Crippling Poison","Night Terror"],"picked":"Slice+1","floor":44},{"not_picked":["Prepared","Masterful Stab+1","Underhanded Strike"],"picked":"SKIP","floor":45},{"not_picked":["PiercingWail","Dodge and Roll"],"picked":"Cloak And Dagger+1","floor":46},{"not_picked":["Quick Slash","Deadly Poison"],"picked":"Cloak And Dagger","floor":48}],"player_experience":932961,"relics_obtained":[{"floor":7,"key":"Happy Flower"},{"floor":9,"key":"Dodecahedron"},{"floor":13,"key":"Meat on the Bone"},{"floor":24,"key":"Letter Opener"},{"floor":26,"key":"Shuriken"},{"floor":27,"key":"Mango"},{"floor":28,"key":"Red Mask"},{"floor":30,"key":"Bottled Flame"},{"floor":43,"key":"WingedGreaves"},{"floor":44,"key":"Calipers"},{"floor":45,"key":"Strawberry"},{"floor":46,"key":"Paper Crane"}],"event_choices":[{"cards_removed":["Strike_G"],"damage_healed":0,"gold_gain":0,"player_choice":"Card Removal","damage_taken":0,"max_hp_gain":0,"max_hp_loss":0,"event_name":"The Cleric","floor":2,"gold_loss":75},{"cards_removed":["Strike_G"],"damage_healed":0,"gold_gain":0,"player_choice":"Card Removal","damage_taken":7,"max_hp_gain":0,"max_hp_loss":0,"event_name":"Golden Wing","floor":3,"gold_loss":0},{"damage_healed":0,"gold_gain":0,"player_choice":"Grow","damage_taken":0,"max_hp_gain":0,"max_hp_loss":0,"event_name":"Living Wall","floor":5,"gold_loss":0,"cards_upgraded":["Neutralize"]},{"damage_healed":0,"gold_gain":0,"cards_transformed":["Strike_G"],"player_choice":"Transformed","damage_taken":0,"max_hp_gain":0,"max_hp_loss":0,"event_name":"Transmorgrifier","floor":14,"gold_loss":0,"cards_obtained":["Malaise"]},{"cards_removed":["Strike_G"],"damage_healed":0,"gold_gain":0,"player_choice":"Gave Gold","damage_taken":0,"max_hp_gain":0,"max_hp_loss":0,"event_name":"Beggar","floor":19,"gold_loss":75},{"damage_healed":0,"gold_gain":0,"player_choice":"Simplicity","damage_taken":0,"max_hp_gain":0,"max_hp_loss":0,"event_name":"Back to Basics","floor":21,"gold_loss":0,"cards_upgraded":["Defend_G","Defend_G","Defend_G","Defend_G","Defend_G","Strike_G"]},{"damage_healed":0,"gold_gain":0,"player_choice":"Fought Bandits","damage_taken":0,"max_hp_gain":0,"max_hp_loss":0,"event_name":"Masked Bandits","floor":28,"gold_loss":0},{"cards_removed":["Storm of Steel"],"damage_healed":0,"gold_gain":0,"player_choice":"Removed Skill","damage_taken":0,"max_hp_gain":0,"max_hp_loss":0,"event_name":"Falling","floor":38,"gold_loss":0},{"damage_healed":0,"gold_gain":0,"player_choice":"Memory 3","damage_taken":10,"max_hp_gain":0,"max_hp_loss":0,"event_name":"SensoryStone","floor":39,"gold_loss":0}],"is_beta":false,"boss_relics":[{"not_picked":["Calling Bell","WristBlade"],"picked":"Fusion Hammer"},{"not_picked":["Runic Dome","Orrery"],"picked":"Sozu"}],"items_purged_floors":[47],"is_endless":false,"potions_floor_spawned":[1,13,18,20,31,33,37,42,44,48],"ascension_level":15}