{"gold_per_floor":[117,117,134,18,18,18,47,47,70,70,85,85,112,126,126,201,201,217,217,267,45,45,45,45],"floor_reached":24,"playtime":945,"items_purged":["Strike_R"],"score":405,"play_id":"2ff4604e-6879-4be5-9701-446928ea4ca1","local_time":"20181119134409","is_ascension_mode":true,"campfire_choices":[{"data":"Bash","floor":6.0,"key":"SMITH"},{"floor":10.0,"key":"REST"},{"data":"Uppercut","floor":12.0,"key":"SMITH"},{"data":"Flame Barrier","floor":15.0,"key":"SMITH"},{"data":"Whirlwind","floor":23.0,"key":"SMITH"}],"neow_cost":"CURSE","seed_source_timestamp":437923590829107,"circlet_count":0,"master_deck":["AscendersBane","Strike_R+1","Defend_R","Defend_R","Defend_R","Bash+1","Clumsy","Feed","Wild Strike+1","Spot Weakness","Uppercut+1","Headbutt","Pain","Shockwave","Whirlwind+1","Flame Barrier+1","Limit Break","Dark Embrace+1","Corruption+1","Heavy Blade+1","Iron Wave","Power Through"],"special_seed":0,"relics":["Burning Blood","Odd Mushroom","WarpedTongs","Bronze Scales","Prayer Wheel","Astrolabe","Chemical X"],"potions_floor_usage":[24],"damage_taken":[{"damage":11.0,"enemies":"Jaw Worm","floor":1.0,"turns":6.0},{"damage":11.0,"enemies":"2 Louse","floor":3.0,"turns":4.0},{"damage":27.0,"enemies":"The Mushroom Lair","floor":7.0,"turns":4.0},{"damage":2.0,"enemies":"Small Slimes","floor":11.0,"turns":2.0},{"damage":9.0,"enemies":"Gremlin Nob","floor":13.0,"turns":3.0},{"damage":16.0,"enemies":"3 Louse","floor":14.0,"turns":3.0},{"damage":14.0,"enemies":"Hexaghost","floor":16.0,"turns":9.0},{"damage":21.0,"enemies":"Spheric Guardian","floor":18.0,"turns":5.0},{"damage":3.0,"enemies":"Colosseum Slavers","floor":22.0,"turns":3.0},{"damage":49,"enemies":"Book of Stabbing","floor":24,"turns":3}],"seed_played":"-6156019631639504805","potions_obtained":[{"floor":3.0,"key":"Swift Potion"},{"floor":14.0,"key":"Block Potion"},{"floor":16.0,"key":"EssenceOfSteel"}],"is_trial":false,"path_per_floor":["M","?","M","$","?","R","?","?","T","R","M","R","E","M","R","B",null,"M","?","?","$","?","R","E"],"character_chosen":"IRONCLAD","items_purchased":["Uppercut","Chemical X"],"campfire_rested":1,"item_purchase_floors":[4,21],"current_hp_per_floor":[66,43,41,41,34,34,16,16,16,41,48,48,45,38,38,30,75,63,35,35,35,41,41,0],"gold":45,"neow_bonus":"THREE_RARE_CARDS","is_prod":false,"is_daily":false,"chose_seed":false,"campfire_upgraded":4,"win_rate":0,"timestamp":1542653049,"path_taken":["M","?","M","$","?","R","?","?","T","R","?","R","E","M","R","BOSS","M","?","?","$","?","R","E"],"build_version":"2018-11-15","purchased_purges":1,"victory":false,"max_hp_per_floor":[78,78,81,81,81,81,84,84,84,84,87,87,87,90,90,90,90,93,98,98,98,101,101,101],"card_choices":[{"not_picked":["Offering","Exhume"],"picked":"Feed","floor":0.0},{"not_picked":["Perfected Strike","Body Slam"],"picked":"Wild Strike","floor":1.0},{"not_picked":["Hemokinesis","Flex"],"picked":"Spot Weakness","floor":3.0},{"not_picked":["Havoc","Anger"],"picked":"Headbutt","floor":7.0},{"not_picked":["Wild Strike","Pommel Strike"],"picked":"Shockwave","floor":11.0},{"not_picked":["Cleave","Iron Wave"],"picked":"Whirlwind","floor":13.0},{"not_picked":["Warcry","Twin Strike"],"picked":"Flame Barrier","floor":14.0},{"not_picked":["Rage","Carnage","Clash"],"picked":"SKIP","floor":14.0},{"not_picked":["Impervious","Fiend Fire"],"picked":"Limit Break","floor":16.0},{"not_picked":["Power Through","Pommel Strike"],"picked":"Iron Wave","floor":18.0},{"not_picked":["Twin Strike","Sever Soul"],"picked":"Power Through","floor":18.0}],"player_experience":1111101,"relics_obtained":[{"floor":7.0,"key":"Odd Mushroom"},{"floor":9.0,"key":"Bronze Scales"},{"floor":13.0,"key":"Prayer Wheel"}],"event_choices":[{"damage_healed":0.0,"max_hp_gain":0.0,"max_hp_loss":0.0,"gold_gain":0.0,"event_name":"Shining Light","player_choice":"Entered Light","floor":2.0,"gold_loss":0.0,"damage_taken":23.0,"cards_upgraded":["Wild Strike","Strike_R"]},{"cards_removed":["Strike_R"],"damage_healed":0.0,"max_hp_gain":0.0,"max_hp_loss":0.0,"gold_gain":0.0,"event_name":"Golden Wing","player_choice":"Card Removal","floor":5.0,"gold_loss":0.0,"damage_taken":7.0},{"damage_healed":0.0,"max_hp_gain":0.0,"max_hp_loss":0.0,"gold_gain":0.0,"event_name":"Mushrooms","player_choice":"Fought Mushrooms","floor":7.0,"gold_loss":0.0,"damage_taken":0.0},{"damage_healed":0.0,"max_hp_gain":0.0,"max_hp_loss":0.0,"gold_gain":0.0,"event_name":"Accursed Blacksmith","player_choice":"Rummage","floor":8.0,"gold_loss":0.0,"damage_taken":0.0,"relics_obtained":["WarpedTongs"],"cards_obtained":["Pain"]},{"damage_healed":0.0,"max_hp_gain":5.0,"max_hp_loss":0.0,"gold_gain":0.0,"event_name":"Forgotten Altar","player_choice":"Shed Blood","floor":19.0,"gold_loss":0.0,"damage_taken":33.0},{"damage_healed":0.0,"max_hp_gain":0.0,"max_hp_loss":0.0,"gold_gain":50.0,"event_name":"Nest","player_choice":"Stole From Cult","floor":20.0,"gold_loss":0.0,"damage_taken":0.0},{"damage_healed":0.0,"max_hp_gain":0.0,"max_hp_loss":0.0,"gold_gain":0.0,"event_name":"Colosseum","player_choice":"Fight","floor":22.0,"gold_loss":0.0,"damage_taken":0.0},{"damage_healed":0.0,"max_hp_gain":0.0,"max_hp_loss":0.0,"gold_gain":0.0,"event_name":"Colosseum","player_choice":"Fled From Nobs","floor":22.0,"gold_loss":0.0,"damage_taken":0.0}],"is_beta":false,"boss_relics":[{"not_picked":["Lizard Tail","Runic Pyramid"],"picked":"Astrolabe"}],"items_purged_floors":[4],"is_endless":false,"potions_floor_spawned":[3,14,16,22],"killed_by":"Book of Stabbing","ascension_level":20}