{"gold_per_floor":[110,129,146,146,159,159,159,194,194,194,82,99,99,132,132,208,208,221,232,4,16,27,27],"floor_reached":23,"playtime":1193,"items_purged":["Strike_G","Strike_G"],"score":406,"play_id":"4decefac-3bf6-4d8c-a897-a3c8aca72c9d","local_time":"20181025192053","is_ascension_mode":true,"campfire_choices":[{"data":"Malaise","floor":6,"key":"SMITH"},{"data":"Wraith Form v2","floor":10,"key":"SMITH"},{"data":"Terror","floor":13,"key":"SMITH"},{"floor":15,"key":"REST"}],"neow_cost":"NONE","seed_source_timestamp":601424521546881,"circlet_count":0,"master_deck":["Defend_G","Defend_G","Defend_G","Defend_G","Defend_G","Strike_G","Strike_G","Strike_G","Survivor","Neutralize+1","AscendersBane","Cloak And Dagger","Terror+1","All Out Attack","Malaise+1","Wraith Form v2+1","Noxious Fumes","Dash","Envenom","Dagger Spray","Backflip+1","Backstab","Bouncing Flask","Poisoned Stab"],"relics":["Ring of the Snake","Bag of Marbles","Mercury Hourglass","Shovel","Runic Dome"],"potions_floor_usage":[5,14,21,22],"damage_taken":[{"damage":1,"enemies":"Small Slimes","floor":1,"turns":4},{"damage":0,"enemies":"Cultist","floor":2,"turns":4},{"damage":0,"enemies":"2 Louse","floor":3,"turns":3},{"damage":4,"enemies":"Lots of Slimes","floor":5,"turns":5},{"damage":47,"enemies":"3 Sentries","floor":8,"turns":13},{"damage":1,"enemies":"Looter","floor":12,"turns":4},{"damage":2,"enemies":"Gremlin Nob","floor":14,"turns":6},{"damage":19,"enemies":"The Guardian","floor":16,"turns":12},{"damage":13,"enemies":"Chosen","floor":18,"turns":6},{"damage":15,"enemies":"3 Byrds","floor":19,"turns":4},{"damage":15,"enemies":"Centurion and Healer","floor":21,"turns":9},{"damage":10,"enemies":"Shelled Parasite and Fungi","floor":22,"turns":6},{"damage":13,"enemies":"Snake Plant","floor":23,"turns":1}],"seed_played":"4800874527809078775","potions_obtained":[{"floor":1,"key":"Energy Potion"},{"floor":3,"key":"EssenceOfSteel"},{"floor":12,"key":"SpeedPotion"},{"floor":16,"key":"Block Potion"},{"floor":19,"key":"Block Potion"}],"is_trial":false,"path_per_floor":["M","M","M","?","M","R","?","E","T","R","$","M","R","E","R","B",null,"M","M","$","M","M"],"character_chosen":"THE_SILENT","items_purchased":["Noxious Fumes","Backstab","Bouncing Flask"],"campfire_rested":1,"item_purchase_floors":[11,20,20],"current_hp_per_floor":[64,64,64,72,68,68,68,21,21,21,21,20,20,18,39,20,59,46,31,31,16,6,0],"gold":27,"neow_bonus":"TEN_PERCENT_HP_BONUS","is_prod":false,"is_daily":false,"chose_seed":false,"campfire_upgraded":3,"win_rate":0,"timestamp":1540509653,"path_taken":["M","M","M","?","M","R","?","E","T","R","$","M","R","E","R","BOSS","M","?","$","M","?","M"],"build_version":"2018-10-18","purchased_purges":2,"victory":false,"max_hp_per_floor":[72,72,72,72,72,72,72,72,72,72,72,72,72,72,72,72,72,72,72,72,72,72,72],"card_choices":[{"not_picked":["Reflex","Dodge and Roll"],"picked":"Cloak And Dagger","floor":1},{"not_picked":["Blade Dance","Bane"],"picked":"Terror","floor":2},{"not_picked":["Cloak And Dagger","Bane"],"picked":"All Out Attack","floor":3},{"not_picked":["Eviscerate","Sucker Punch"],"picked":"Malaise","floor":5},{"not_picked":["Endless Agony","Concentrate"],"picked":"Wraith Form v2","floor":8},{"not_picked":["Dodge and Roll","Slice","Accuracy"],"picked":"SKIP","floor":12},{"not_picked":["Slice","Crippling Poison"],"picked":"Dash","floor":14},{"not_picked":["Burst","Venomology"],"picked":"Envenom","floor":16},{"not_picked":["Calculated Gamble","Bane"],"picked":"Dagger Spray","floor":18},{"not_picked":["All Out Attack","Slice"],"picked":"Backflip+1","floor":19},{"not_picked":["Dagger Spray+1","Dagger Throw","Dodge and Roll"],"picked":"SKIP","floor":21},{"not_picked":["Deadly Poison","Dagger Spray"],"picked":"Poisoned Stab","floor":22}],"player_experience":985812,"relics_obtained":[{"floor":8,"key":"Bag of Marbles"},{"floor":9,"key":"Mercury Hourglass"},{"floor":14,"key":"Shovel"}],"event_choices":[{"damage_healed":8,"gold_gain":0,"player_choice":"Full Heal","damage_taken":0,"max_hp_gain":0,"max_hp_loss":0,"event_name":"Wheel of Change","floor":4,"gold_loss":0},{"damage_healed":0,"gold_gain":0,"player_choice":"Upgraded","damage_taken":0,"max_hp_gain":0,"max_hp_loss":0,"event_name":"Upgrade Shrine","floor":7,"gold_loss":0,"cards_upgraded":["Neutralize"]}],"is_beta":false,"boss_relics":[{"not_picked":["Runic Pyramid","Ring of the Serpent"],"picked":"Runic Dome"}],"items_purged_floors":[11,20],"is_endless":false,"potions_floor_spawned":[1,3,12,16,19],"killed_by":"Snake Plant","ascension_level":20}