{"gold_per_floor":[115,265,245,256,270,270,284,284,284,15,29,54,54,68,68,141,141,160,174,174,8,24,24,43,43,69,79,79],"floor_reached":28,"playtime":1863,"items_purged":["Doubt"],"score":469,"play_id":"cd10fdf1-eb8c-4bfc-a1c0-8db9209f73f9","local_time":"20181117154627","is_ascension_mode":true,"campfire_choices":[{"data":"Bash","floor":6,"key":"SMITH"},{"data":"Carnage","floor":8,"key":"SMITH"},{"data":"Disarm","floor":13,"key":"SMITH"},{"data":"True Grit","floor":15,"key":"SMITH"},{"data":"Uppercut","floor":23,"key":"SMITH"}],"neow_cost":"NONE","seed_source_timestamp":271641007613253,"circlet_count":0,"master_deck":["AscendersBane","Strike_R+1","Strike_R+1","Strike_R+1","Defend_R+1","Defend_R+1","Defend_R+1","Defend_R+1","Bash+1","Battle Trance","Battle Trance","Anger","Feed","Shrug It Off","Disarm+1","Shrug It Off","True Grit+1","Exhume","Dropkick","Fiend Fire","Inflame","Uppercut+1","Sword Boomerang+1","Evolve+1"],"relics":["Burning Blood","Matryoshka","Question Card","Empty Cage","Shuriken","Omamori","Dream Catcher"],"potions_floor_usage":[7,12,14,22,27],"damage_taken":[{"damage":6,"enemies":"2 Louse","floor":1,"turns":4},{"damage":8,"enemies":"Small Slimes","floor":4,"turns":7},{"damage":12,"enemies":"Cultist","floor":5,"turns":4},{"damage":37,"enemies":"Exordium Thugs","floor":7,"turns":9},{"damage":13,"enemies":"Large Slime","floor":11,"turns":5},{"damage":11,"enemies":"3 Sentries","floor":12,"turns":7},{"damage":11,"enemies":"2 Fungi Beasts","floor":14,"turns":3},{"damage":3,"enemies":"The Guardian","floor":16,"turns":14},{"damage":16,"enemies":"Shell Parasite","floor":18,"turns":11},{"damage":20,"enemies":"3 Byrds","floor":19,"turns":9},{"damage":37,"enemies":"Centurion and Healer","floor":22,"turns":10},{"damage":3,"enemies":"Snecko","floor":24,"turns":5},{"damage":17,"enemies":"Shelled Parasite and Fungi","floor":27,"turns":6},{"damage":0,"enemies":"Centurion and Healer","floor":28,"turns":1}],"seed_played":"-6366747364104573761","potions_obtained":[{"floor":1,"key":"EssenceOfSteel"},{"floor":3,"key":"SneckoOil"},{"floor":4,"key":"Explosive Potion"},{"floor":12,"key":"Swift Potion"},{"floor":14,"key":"BloodPotion"},{"floor":22,"key":"Energy Potion"},{"floor":24,"key":"SkillPotion"}],"is_trial":false,"path_per_floor":["M","?","?","M","M","R","M","R","T","$","M","E","R","M","R","B",null,"M","M","?","$","M","R","M","?","T","M","M"],"character_chosen":"IRONCLAD","items_purchased":["Feed","Shrug It Off","Fiend Fire","Inflame"],"campfire_rested":0,"item_purchase_floors":[10,10,21,21],"current_hp_per_floor":[75,75,75,73,67,67,36,36,36,36,32,30,30,25,25,28,73,66,55,55,55,36,36,39,39,39,31,31],"gold":79,"neow_bonus":"TEN_PERCENT_HP_BONUS","is_prod":false,"is_daily":false,"chose_seed":false,"campfire_upgraded":5,"win_rate":0,"timestamp":1542487587,"path_taken":["M","?","?","M","?","R","M","R","T","?","M","E","R","M","R","BOSS","M","M","?","$","M","R","M","?","T","M","?"],"build_version":"2018-11-15","purchased_purges":1,"victory":false,"max_hp_per_floor":[82,82,82,82,82,82,82,82,82,82,85,88,88,88,88,88,88,91,94,94,94,97,97,97,97,97,100,100],"card_choices":[{"not_picked":["Wild Strike","Headbutt"],"picked":"Battle Trance","floor":1},{"not_picked":["Warcry","Clash"],"picked":"Battle Trance","floor":4},{"not_picked":["Second Wind","Infernal Blade"],"picked":"Carnage","floor":5},{"not_picked":["Blood for Blood","Armaments"],"picked":"Anger","floor":7},{"not_picked":["Power Through","Shrug It Off"],"picked":"Disarm","floor":11},{"not_picked":["Carnage","Flex"],"picked":"Shrug It Off","floor":12},{"not_picked":["Sword Boomerang","Fire Breathing","Second Wind"],"picked":"True Grit","floor":14},{"not_picked":["Impervious","Double Tap","Limit Break"],"picked":"Exhume","floor":16},{"not_picked":["Body Slam","Iron Wave","Carnage"],"picked":"Dropkick","floor":18},{"not_picked":["Clash","Carnage","Power Through","Body Slam"],"picked":"SKIP","floor":19},{"not_picked":["Iron Wave","Thunderclap","Twin Strike"],"picked":"Uppercut","floor":22},{"not_picked":["Rampage","Cleave","Corruption"],"picked":"Sword Boomerang+1","floor":24},{"not_picked":["Second Wind+1","Infernal Blade","Cleave"],"picked":"Evolve+1","floor":27}],"player_experience":1094682,"relics_obtained":[{"floor":9,"key":"Matryoshka"},{"floor":12,"key":"Question Card"},{"floor":26,"key":"Omamori"},{"floor":26,"key":"Dream Catcher"}],"event_choices":[{"damage_healed":0,"gold_gain":150,"player_choice":"AGREE","damage_taken":0,"max_hp_gain":0,"max_hp_loss":0,"event_name":"Liars Game","floor":2,"gold_loss":0,"cards_obtained":["Doubt"]},{"damage_healed":0,"gold_gain":0,"player_choice":"Bought 1 Potion","damage_taken":0,"max_hp_gain":0,"max_hp_loss":0,"event_name":"The Woman in Blue","floor":3,"gold_loss":0},{"damage_healed":0,"gold_gain":0,"player_choice":"Simplicity","damage_taken":0,"max_hp_gain":0,"max_hp_loss":0,"event_name":"Back to Basics","floor":20,"gold_loss":0,"cards_upgraded":["Strike_R","Strike_R","Strike_R","Defend_R","Defend_R","Defend_R","Defend_R"]},{"cards_removed":["Carnage"],"damage_healed":0,"gold_gain":0,"player_choice":"Gave Card","damage_taken":0,"relics_obtained":["Shuriken"],"max_hp_gain":0,"max_hp_loss":0,"event_name":"WeMeetAgain","floor":25,"gold_loss":0}],"is_beta":false,"boss_relics":[{"not_picked":["Runic Pyramid","Calling Bell"],"picked":"Empty Cage"}],"items_purged_floors":[10],"is_endless":false,"potions_floor_spawned":[1,4,12,14,22,24],"killed_by":"Centurion and Healer","ascension_level":20}