{"gold_per_floor":[116,132,17,34,34,34,69,89,89,108,133,133,148,48,48,148,148,159,177,177,92,105,105,138,149,149,149,161,161,192,192,192,288,288,304,320,420,420,53,53,82,99,99,116,116,136,136,156,156,156],"floor_reached":51,"playtime":9535,"items_purged":["Strike_B","Strike_B","Barrage+1"],"score":817,"play_id":"e153e968-e334-4c4a-beb2-d81ffed7cc76","local_time":"20190102130012","is_ascension_mode":true,"campfire_choices":[{"data":"Go for the Eyes","floor":6.0,"key":"SMITH"},{"data":"Creative AI","floor":12.0,"key":"SMITH"},{"data":"Loop","floor":15.0,"key":"SMITH"},{"data":"Seek","floor":23.0,"key":"SMITH"},{"floor":27.0,"key":"REST"},{"data":"Defragment","floor":32.0,"key":"SMITH"},{"data":"Capacitor","floor":40,"key":"SMITH"},{"data":"Madness","floor":45,"key":"SMITH"},{"data":"Madness","floor":47,"key":"SMITH"},{"floor":49,"key":"REST"}],"neow_cost":"NONE","seed_source_timestamp":0,"circlet_count":0,"master_deck":["Defend_B+1","Defend_B","Defend_B+1","Defend_B","Zap","Dualcast","Compile Driver","Go for the Eyes+1","Loop+1","Leap","Coolheaded","Creative AI+1","Cold Snap","Seek+1","Steam","Defragment+1","BootSequence","Storm","Defragment+1","Rainbow","Madness+1","Madness+1","Capacitor+1","Skim+1","Conserve Battery+1"],"special_seed":0,"relics":["Cracked Core","Juzu Bracelet","Regal Pillow","Singing Bowl","Cursed Key","Boot","Gremlin Horn","Shuriken","Lizard Tail","Ginger","Toolbox","Toxic Egg 2"],"potions_floor_usage":[50,50],"damage_taken":[{"damage":0.0,"enemies":"2 Louse","floor":1.0,"turns":3.0},{"damage":1.0,"enemies":"Jaw Worm","floor":2.0,"turns":3.0},{"damage":12.0,"enemies":"Small Slimes","floor":4.0,"turns":2.0},{"damage":11.0,"enemies":"Gremlin Nob","floor":7.0,"turns":4.0},{"damage":7.0,"enemies":"3 Louse","floor":8.0,"turns":4.0},{"damage":0.0,"enemies":"Looter","floor":10.0,"turns":4.0},{"damage":9.0,"enemies":"3 Sentries","floor":11.0,"turns":7.0},{"damage":0.0,"enemies":"Blue Slaver","floor":13.0,"turns":4.0},{"damage":0.0,"enemies":"Slime Boss","floor":16.0,"turns":7.0},{"damage":0.0,"enemies":"Shell Parasite","floor":18.0,"turns":32.0},{"damage":11.0,"enemies":"Spheric Guardian","floor":19.0,"turns":7.0},{"damage":3.0,"enemies":"Snake Plant","floor":22.0,"turns":7.0},{"damage":40.0,"enemies":"Slavers","floor":24.0,"turns":8.0},{"damage":18.0,"enemies":"3 Cultists","floor":25.0,"turns":9.0},{"damage":0.0,"enemies":"Snecko","floor":28.0,"turns":5.0},{"damage":5.0,"enemies":"Book of Stabbing","floor":30.0,"turns":5.0},{"damage":19.0,"enemies":"Collector","floor":33.0,"turns":9.0},{"damage":3.0,"enemies":"3 Darklings","floor":35.0,"turns":6.0},{"damage":6.0,"enemies":"Orb Walker","floor":36.0,"turns":4.0},{"damage":0.0,"enemies":"Mind Bloom Boss Battle","floor":37.0,"turns":6.0},{"damage":11,"enemies":"Nemesis","floor":41,"turns":9},{"damage":19,"enemies":"Jaw Worm Horde","floor":42,"turns":6},{"damage":38,"enemies":"Transient","floor":44,"turns":5},{"damage":0,"enemies":"3 Darklings","floor":46,"turns":6},{"damage":6,"enemies":"Spire Growth","floor":48,"turns":4},{"damage":8,"enemies":"Time Eater","floor":50,"turns":11}],"seed_played":"3561436540506505996","potions_obtained":[{"floor":1.0,"key":"Strength Potion"},{"floor":2.0,"key":"Strength Potion"},{"floor":8.0,"key":"Energy Potion"},{"floor":10.0,"key":"Dexterity Potion"},{"floor":18.0,"key":"Dexterity Potion"},{"floor":22.0,"key":"Weak Potion"},{"floor":25.0,"key":"LiquidBronze"},{"floor":30.0,"key":"FairyPotion"},{"floor":37.0,"key":"FocusPotion"},{"floor":41,"key":"FocusPotion"}],"is_trial":false,"path_per_floor":["M","M","$","M","?","R","E","M","T","M","E","R","M","$","R","B",null,"M","M","?","?","M","R","E","M","T","R","M","?","E","?","R","B",null,"M","M","?","?","$","R","E","M","T","M","R","M","R","M","R","B",null],"character_chosen":"DEFECT","items_purchased":["Loop","Capacitor","Toolbox"],"campfire_rested":2,"item_purchase_floors":[3,39,39],"current_hp_per_floor":[75,74,74,62,47,47,36,29,29,29,20,20,22,22,22,22,77,79,68,68,68,67,67,29,11,11,50,52,52,47,47,47,28,85,84,80,82,71,71,71,62,43,43,5,5,7,7,3,47,39],"gold":156,"neow_bonus":"ONE_RANDOM_RARE_CARD","is_prod":false,"is_daily":false,"chose_seed":false,"campfire_upgraded":8,"win_rate":1,"timestamp":1546394412,"path_taken":["M","M","$","M","?","R","E","M","T","M","E","R","M","$","R","BOSS","M","M","?","?","M","R","E","M","T","R","M","?","E","?","R","BOSS","M","M","?","?","$","R","E","M","T","M","R","M","R","M","R","BOSS"],"build_version":"2018-12-20","purchased_purges":3,"victory":true,"max_hp_per_floor":[75,75,75,75,75,75,75,75,75,75,75,75,77,77,77,77,77,79,79,79,79,81,81,83,83,83,83,85,85,85,85,85,85,85,87,89,91,91,91,91,93,93,93,93,93,95,95,97,97,97],"card_choices":[{"not_picked":["Fusion","Rebound"],"picked":"Compile Driver","floor":1.0},{"not_picked":["Stack","Barrage"],"picked":"Go for the Eyes","floor":2.0},{"not_picked":["Sweeping Beam","Rebound"],"picked":"Leap","floor":4.0},{"not_picked":["Beam Cell","Static Discharge"],"picked":"Coolheaded","floor":7.0},{"not_picked":["Go for the Eyes","Rebound","Static Discharge"],"picked":"SKIP","floor":8.0},{"not_picked":["Rip and Tear","Beam Cell"],"picked":"Creative AI","floor":10.0},{"not_picked":["Lockon","Reinforced Body"],"picked":"Cold Snap","floor":11.0},{"not_picked":["Cold Snap","Go for the Eyes","Beam Cell"],"picked":"Singing Bowl","floor":13.0},{"not_picked":["Hyperbeam","Electrodynamics"],"picked":"Seek","floor":16.0},{"not_picked":["Storm","Stack","Beam Cell"],"picked":"Singing Bowl","floor":18.0},{"not_picked":["Beam Cell","Coolheaded"],"picked":"Steam","floor":19.0},{"not_picked":["Barrage","Beam Cell+1","Go for the Eyes+1"],"picked":"Singing Bowl","floor":22.0},{"not_picked":["Melter","Gash+1","Turbo"],"picked":"Singing Bowl","floor":24.0},{"not_picked":["Chill","Streamline"],"picked":"Defragment+1","floor":25.0},{"not_picked":["Biased Cognition","Leap","Streamline"],"picked":"Singing Bowl","floor":28.0},{"not_picked":["Steam+1","Sweeping Beam"],"picked":"Barrage+1","floor":30.0},{"not_picked":["Thunder Strike","Electrodynamics"],"picked":"Rainbow","floor":33.0},{"not_picked":["Compile Driver+1","Stack","Aggregate+1"],"picked":"Singing Bowl","floor":35.0},{"not_picked":["Hologram","Rebound","Barrage+1"],"picked":"Singing Bowl","floor":36.0},{"not_picked":["Doom and Gloom","Fusion+1","Hologram"],"picked":"Singing Bowl","floor":37.0},{"not_picked":["Fusion","Darkness+1","Ball Lightning+1"],"picked":"Singing Bowl","floor":41},{"not_picked":["Rebound","Ball Lightning"],"picked":"Skim+1","floor":42},{"not_picked":["Amplify+1","Ball Lightning"],"picked":"Conserve Battery+1","floor":44},{"not_picked":["Tempest+1","Genetic Algorithm+1","BootSequence+1"],"picked":"Singing Bowl","floor":46},{"not_picked":["Ball Lightning+1","Stack+1","Rebound"],"picked":"Singing Bowl","floor":48}],"player_experience":577395,"relics_obtained":[{"floor":7.0,"key":"Juzu Bracelet"},{"floor":9.0,"key":"Regal Pillow"},{"floor":11.0,"key":"Singing Bowl"},{"floor":24.0,"key":"Gremlin Horn"},{"floor":30.0,"key":"Shuriken"},{"floor":37.0,"key":"Ginger"},{"floor":41,"key":"Toxic Egg 2"}],"event_choices":[{"event_name":"Shining Light","player_choice":"Entered Light","floor":5.0,"damage_taken":0.0},{"event_name":"Back to Basics","player_choice":"Elegance","floor":20.0,"damage_taken":0.0},{"event_name":"Addict","player_choice":"Obtained Relic","floor":21.0,"damage_taken":0.0},{"damage_healed":0.0,"max_hp_gain":0.0,"max_hp_loss":0.0,"gold_gain":0.0,"cards_transformed":["Strike_B","Meteor Strike"],"event_name":"Drug Dealer","player_choice":"Became Test Subject","floor":29.0,"gold_loss":0.0,"damage_taken":0.0,"cards_obtained":["BootSequence","Storm"]},{"damage_healed":0.0,"max_hp_gain":0.0,"max_hp_loss":0.0,"gold_gain":0.0,"event_name":"The Library","player_choice":"Read","floor":31.0,"gold_loss":0.0,"damage_taken":0.0,"cards_obtained":["Defragment"]},{"damage_healed":0.0,"max_hp_gain":0.0,"max_hp_loss":0.0,"gold_gain":0.0,"event_name":"MindBloom","player_choice":"Fight","floor":37.0,"gold_loss":0.0,"damage_taken":0.0},{"damage_healed":0.0,"max_hp_gain":0.0,"max_hp_loss":0.0,"gold_gain":0.0,"event_name":"Winding Halls","player_choice":"Embrace Madness","floor":38.0,"gold_loss":0.0,"damage_taken":11.0,"cards_obtained":["Madness","Madness"]}],"is_beta":false,"boss_relics":[{"not_picked":["Orrery","Tiny House"],"picked":"Cursed Key"},{"not_picked":["Black Star","Pandora\u0027s Box"],"picked":"Lizard Tail"}],"items_purged_floors":[3,14,39],"is_endless":false,"potions_floor_spawned":[1,2,8,10,18,22,25,30,37,41,44],"ascension_level":1}