{"gold_per_floor":[114,114,114,70,90,90,105,105,105,123,123,123,154,35,35,35],"floor_reached":16,"playtime":450,"items_purged":["Strike_R"],"score":196,"play_id":"5d79c048-459c-447a-9eed-0ccb7098dcb3","local_time":"20181029183040","is_ascension_mode":true,"campfire_choices":[{"data":"Bash","floor":6,"key":"SMITH"},{"data":"Clothesline","floor":8,"key":"SMITH"},{"data":"Feel No Pain","floor":11,"key":"SMITH"},{"floor":15,"key":"REST"}],"neow_cost":"NONE","seed_source_timestamp":944773071694254,"circlet_count":0,"master_deck":["Strike_R","Strike_R","Strike_R","Strike_R+1","Defend_R","Defend_R+1","Defend_R","Defend_R","Bash+1","AscendersBane","Anger","Feel No Pain+1","Corruption","Clothesline+1","Battle Trance","Inflame","Battle Trance"],"relics":["Burning Blood","Sundial","Vajra","Dream Catcher"],"potions_floor_usage":[13,16],"damage_taken":[{"damage":12,"enemies":"Jaw Worm","floor":1,"turns":3},{"damage":0,"enemies":"Cultist","floor":5,"turns":2},{"damage":8,"enemies":"Small Slimes","floor":7,"turns":3},{"damage":4,"enemies":"2 Fungi Beasts","floor":10,"turns":3},{"damage":30,"enemies":"Lagavulin","floor":13,"turns":8},{"damage":50,"enemies":"Slime Boss","floor":16,"turns":9}],"seed_played":"7792520781083551379","potions_obtained":[{"floor":5,"key":"Swift Potion"},{"floor":7,"key":"Regen Potion"}],"is_trial":false,"path_per_floor":["M","?","?","$","M","R","M","R","T","M","R","?","E","$","R"],"character_chosen":"IRONCLAD","items_purchased":["Feel No Pain","Inflame"],"campfire_rested":1,"item_purchase_floors":[4,14],"current_hp_per_floor":[69,57,32,32,38,38,36,36,36,38,38,33,24,24,48,0],"gold":35,"neow_bonus":"TEN_PERCENT_HP_BONUS","is_prod":false,"is_daily":false,"chose_seed":false,"campfire_upgraded":3,"win_rate":0,"timestamp":1540852240,"path_taken":["M","?","?","$","M","R","M","R","T","M","R","?","E","$","R","BOSS"],"build_version":"2018-10-25v2","purchased_purges":1,"victory":false,"max_hp_per_floor":[82,82,82,82,82,82,82,82,82,82,82,82,82,82,82,82],"card_choices":[{"not_picked":["Body Slam","Heavy Blade"],"picked":"Anger","floor":1},{"not_picked":["Flex","Battle Trance"],"picked":"Corruption","floor":5},{"not_picked":["Twin Strike","Headbutt"],"picked":"Clothesline","floor":7},{"not_picked":["Iron Wave","Dual Wield","Burning Pact"],"picked":"SKIP","floor":10},{"not_picked":["Feel No Pain","Entrench"],"picked":"Battle Trance","floor":13},{"not_picked":["Sentinel","Entrench"],"picked":"Battle Trance","floor":15}],"player_experience":1009982,"relics_obtained":[{"floor":9,"key":"Sundial"},{"floor":13,"key":"Dream Catcher"}],"event_choices":[{"damage_healed":0,"gold_gain":0,"player_choice":"Damaged","damage_taken":12,"max_hp_gain":0,"max_hp_loss":0,"event_name":"Wheel of Change","floor":2,"gold_loss":0},{"damage_healed":0,"gold_gain":0,"player_choice":"Entered Light","damage_taken":25,"max_hp_gain":0,"max_hp_loss":0,"event_name":"Shining Light","floor":3,"gold_loss":0,"cards_upgraded":["Defend_R","Strike_R"]},{"damage_healed":0,"gold_gain":0,"player_choice":"Success","damage_taken":5,"relics_obtained":["Vajra"],"max_hp_gain":0,"max_hp_loss":0,"event_name":"Scrap Ooze","floor":12,"gold_loss":0}],"is_beta":false,"boss_relics":[],"items_purged_floors":[14],"is_endless":false,"potions_floor_spawned":[5,7],"killed_by":"Slime Boss","ascension_level":20}