{"gold_per_floor":[210,210,78,78,97,126,126,152,152,152,171,194,194,194,194,269,269,283,283,243,254,265,265],"floor_reached":23,"playtime":1078,"items_purged":["Strike_G"],"score":394,"play_id":"5f822448-fc66-43a8-97b4-0fb285703b0d","local_time":"20181230115344","is_ascension_mode":true,"campfire_choices":[{"floor":7,"key":"REST"},{"data":"Neutralize","floor":13,"key":"SMITH"},{"floor":15,"key":"REST"}],"neow_cost":"NONE","seed_source_timestamp":1217307056148,"circlet_count":0,"master_deck":["AscendersBane","Defend_G","Defend_G","Defend_G","Defend_G","Defend_G","Strike_G","Strike_G","Strike_G","Strike_G","Survivor","Neutralize+1","Deadly Poison+1","Dagger Spray","Cloak And Dagger","Infinite Blades","Flying Knee","Unload","Riddle With Holes","Necronomicurse","PiercingWail","Leg Sweep+1"],"relics":["Ring of the Snake","Tingsha","Bag of Marbles","Regal Pillow","Snecko Eye","Necronomicon"],"potions_floor_usage":[8,16,22,23,23],"damage_taken":[{"damage":5,"enemies":"Small Slimes","floor":1,"turns":7},{"damage":5,"enemies":"2 Louse","floor":5,"turns":3},{"damage":37,"enemies":"3 Sentries","floor":6,"turns":12},{"damage":27,"enemies":"Gremlin Nob","floor":8,"turns":4},{"damage":0,"enemies":"Cultist","floor":11,"turns":3},{"damage":38,"enemies":"Hexaghost","floor":16,"turns":11},{"damage":17,"enemies":"Spheric Guardian","floor":18,"turns":4},{"damage":0,"enemies":"Chosen","floor":21,"turns":3},{"damage":15,"enemies":"Centurion and Healer","floor":22,"turns":6},{"damage":8,"enemies":"Slavers","floor":23,"turns":2}],"seed_played":"2727895535814772939","potions_obtained":[{"floor":6,"key":"Poison Potion"},{"floor":8,"key":"Fire Potion"},{"floor":20,"key":"Block Potion"},{"floor":20,"key":"GamblersBrew"},{"floor":22,"key":"SteroidPotion"}],"is_trial":false,"path_per_floor":["M","?","$","?","M","E","R","E","T","?","M","T","R","?","R","B",null,"M","?","?","M","M","E"],"character_chosen":"THE_SILENT","items_purchased":["Dagger Spray"],"campfire_rested":2,"item_purchase_floors":[3],"current_hp_per_floor":[54,59,59,59,54,17,38,11,11,11,11,11,11,6,42,4,54,37,16,16,16,1,0],"gold":265,"neow_bonus":"HUNDRED_GOLD","is_prod":false,"is_daily":false,"chose_seed":false,"campfire_upgraded":1,"win_rate":0,"timestamp":1546188824,"path_taken":["M","?","$","?","M","E","R","E","T","?","M","?","R","?","R","BOSS","M","?","?","M","M","E"],"build_version":"2018-12-20","purchased_purges":1,"victory":false,"max_hp_per_floor":[66,71,71,71,71,71,71,71,71,71,71,71,71,71,71,71,71,71,71,71,71,71,71],"card_choices":[{"not_picked":["Dodge and Roll","Prepared"],"picked":"Deadly Poison","floor":1},{"not_picked":["Sucker Punch","Distraction","Finisher"],"picked":"SKIP","floor":5},{"not_picked":["Slice","Blade Dance"],"picked":"Cloak And Dagger","floor":6},{"not_picked":["Underhanded Strike","Setup"],"picked":"Infinite Blades","floor":8},{"not_picked":["Backflip","Bane"],"picked":"Flying Knee","floor":11},{"not_picked":["Phantasmal Killer","Storm of Steel"],"picked":"Unload","floor":16},{"not_picked":["Outmaneuver","Flechettes"],"picked":"Riddle With Holes","floor":18},{"not_picked":["Flechettes","Bane"],"picked":"PiercingWail","floor":21},{"not_picked":["Prepared","Unload"],"picked":"Leg Sweep+1","floor":22}],"player_experience":1307680,"relics_obtained":[{"floor":6,"key":"Tingsha"},{"floor":8,"key":"Bag of Marbles"},{"floor":12,"key":"Regal Pillow"},{"floor":19,"key":"Necronomicon"}],"event_choices":[{"damage_healed":0,"gold_gain":0,"player_choice":"Donut","damage_taken":0,"max_hp_gain":5,"max_hp_loss":0,"event_name":"Big Fish","floor":2,"gold_loss":0},{"damage_healed":0,"gold_gain":0,"player_choice":"Grow","damage_taken":0,"max_hp_gain":0,"max_hp_loss":0,"event_name":"Living Wall","floor":4,"gold_loss":0,"cards_upgraded":["Deadly Poison"]},{"damage_healed":0,"gold_gain":0,"player_choice":"Searched \u00270\u0027 times","damage_taken":0,"max_hp_gain":0,"max_hp_loss":0,"event_name":"Dead Adventurer","floor":10,"gold_loss":0},{"damage_healed":0,"gold_gain":0,"player_choice":"Fled","damage_taken":5,"max_hp_gain":0,"max_hp_loss":0,"event_name":"Scrap Ooze","floor":14,"gold_loss":0},{"damage_healed":0,"gold_gain":0,"player_choice":"Obtained Book","damage_taken":21,"max_hp_gain":0,"max_hp_loss":0,"event_name":"Cursed Tome","floor":19,"gold_loss":0},{"damage_healed":0,"gold_gain":0,"player_choice":"Bought 3 Potions","damage_taken":0,"max_hp_gain":0,"max_hp_loss":0,"event_name":"The Woman in Blue","floor":20,"gold_loss":0}],"is_beta":false,"boss_relics":[{"not_picked":["Runic Dome","Sozu"],"picked":"Snecko Eye"}],"items_purged_floors":[3],"is_endless":false,"potions_floor_spawned":[6,8,21,22],"killed_by":"Slavers","ascension_level":20}