{"gold_per_floor":[114,114,134,59,73,101,101,21,21,21,40,40,75,90,90,167,167,184,184,184,184,109,142,142,83,130,147,182,195,195,221,221,221],"floor_reached":33,"playtime":1674,"items_purged":["Writhe"],"score":672,"play_id":"a07a9a1b-40cc-4e5c-89fe-f17c22176a7a","local_time":"20190607015824","is_ascension_mode":true,"campfire_choices":[{"data":"Coolheaded","floor":7,"key":"SMITH"},{"data":"Streamline","floor":10,"key":"SMITH"},{"floor":12,"key":"REST"},{"data":"Hologram","floor":15,"key":"SMITH"},{"data":"Defragment","floor":24,"key":"SMITH"},{"data":"Recycle","floor":30,"key":"SMITH"},{"floor":32,"key":"REST"}],"neow_cost":"TEN_PERCENT_HP_LOSS","seed_source_timestamp":257448562655359,"circlet_count":0,"master_deck":["AscendersBane","Defend_B","Defend_B","Defend_B","Zap+1","Dualcast","Cold Snap","Streamline+1","Auto Shields","Coolheaded+1","Glacier","Compile Driver","Hologram+1","Core Surge","Compile Driver","Recycle+1","Skim","Sweeping Beam","Defragment+1","Coolheaded","Glacier","White Noise","Machine Learning"],"relics":["Cracked Core","Mango","Torii","Incense Burner","Bronze Scales","Empty Cage","Pear","Omamori","Centennial Puzzle","Unceasing Top","Orichalcum"],"potions_floor_usage":[11,23,23,28],"damage_taken":[{"damage":4,"enemies":"Jaw Worm","floor":1,"turns":4},{"damage":5,"enemies":"Small Slimes","floor":3,"turns":3},{"damage":3,"enemies":"2 Louse","floor":5,"turns":2},{"damage":44,"enemies":"3 Sentries","floor":6,"turns":10},{"damage":0,"enemies":"Looter","floor":11,"turns":2},{"damage":0,"enemies":"Lagavulin","floor":13,"turns":7},{"damage":13,"enemies":"Exordium Thugs","floor":14,"turns":5},{"damage":14,"enemies":"The Guardian","floor":16,"turns":15},{"damage":2,"enemies":"Shell Parasite","floor":18,"turns":7},{"damage":23,"enemies":"Book of Stabbing","floor":23,"turns":5},{"damage":1,"enemies":"Chosen","floor":27,"turns":5},{"damage":34,"enemies":"Slavers","floor":28,"turns":6},{"damage":2,"enemies":"Centurion and Healer","floor":29,"turns":11},{"damage":9,"enemies":"Book of Stabbing","floor":31,"turns":7},{"damage":39,"enemies":"Champ","floor":33,"turns":17}],"seed_played":"2331055559936966856","potions_obtained":[{"floor":6,"key":"SteroidPotion"},{"floor":11,"key":"LiquidBronze"},{"floor":14,"key":"LiquidBronze"},{"floor":27,"key":"AttackPotion"},{"floor":29,"key":"FearPotion"}],"is_trial":false,"path_per_floor":["M","?","M","?","M","E","R","$","T","R","M","R","E","M","R","B",null,"M","?","?","?","$","E","R","$","T","M","E","M","R","E","R","B"],"character_chosen":"DEFECT","items_purchased":["Glacier","Coolheaded"],"campfire_rested":2,"item_purchase_floors":[8,25],"current_hp_per_floor":[74,74,69,69,66,22,22,22,22,22,22,45,45,32,32,18,63,61,61,61,71,71,48,48,48,48,47,13,11,11,2,28,0],"gold":221,"neow_bonus":"ONE_RARE_RELIC","is_prod":false,"is_daily":false,"chose_seed":false,"campfire_upgraded":5,"win_rate":0,"timestamp":1559887104,"path_taken":["M","?","M","?","M","E","R","$","T","R","M","R","E","M","R","BOSS","M","?","?","?","$","E","R","$","T","M","E","M","R","E","R","BOSS"],"build_version":"2019-01-23","purchased_purges":1,"victory":false,"max_hp_per_floor":[78,78,78,78,78,78,78,78,78,78,78,78,78,78,78,78,78,78,78,78,88,88,88,88,88,88,88,88,88,88,88,88,88],"card_choices":[{"not_picked":["Hologram","Sweeping Beam"],"picked":"Cold Snap","floor":1},{"not_picked":["Beam Cell","Gash"],"picked":"Streamline","floor":3},{"not_picked":["Rebound","Coolheaded"],"picked":"Auto Shields","floor":5},{"not_picked":["Auto Shields","Cold Snap"],"picked":"Coolheaded","floor":6},{"not_picked":["Steam Power","Sweeping Beam"],"picked":"Compile Driver","floor":11},{"not_picked":["Gash","Redo","Rebound"],"picked":"SKIP","floor":13},{"not_picked":["Chaos","Barrage"],"picked":"Hologram","floor":14},{"not_picked":["Reboot","Fission"],"picked":"Core Surge","floor":16},{"not_picked":["Go for the Eyes","Beam Cell"],"picked":"Compile Driver","floor":18},{"not_picked":["Beam Cell","Doom and Gloom"],"picked":"Defragment","floor":23},{"not_picked":["Turbo","Conserve Battery"],"picked":"Glacier","floor":27},{"not_picked":["Sunder","Chaos"],"picked":"White Noise","floor":28},{"not_picked":["Stack","Ball Lightning","Chaos"],"picked":"SKIP","floor":29},{"not_picked":["Hello World","Conserve Battery"],"picked":"Machine Learning","floor":31}],"player_experience":1461366,"relics_obtained":[{"floor":6,"key":"Torii"},{"floor":9,"key":"Incense Burner"},{"floor":13,"key":"Bronze Scales"},{"floor":23,"key":"Omamori"},{"floor":26,"key":"Centennial Puzzle"},{"floor":28,"key":"Unceasing Top"},{"floor":31,"key":"Orichalcum"}],"event_choices":[{"damage_healed":0,"gold_gain":0,"player_choice":"Grow","damage_taken":0,"max_hp_gain":0,"max_hp_loss":0,"event_name":"Living Wall","floor":2,"gold_loss":0,"cards_upgraded":["Zap"]},{"cards_removed":["Strike_B"],"damage_healed":0,"gold_gain":0,"player_choice":"Card Removal","damage_taken":0,"max_hp_gain":0,"max_hp_loss":0,"event_name":"The Cleric","floor":4,"gold_loss":75},{"damage_healed":0,"gold_gain":0,"player_choice":"Read","damage_taken":0,"max_hp_gain":0,"max_hp_loss":0,"event_name":"The Library","floor":19,"gold_loss":0,"cards_obtained":["Recycle"]},{"damage_healed":0,"gold_gain":0,"cards_transformed":["Strike_B","Defend_B"],"player_choice":"Became Test Subject","damage_taken":0,"max_hp_gain":0,"max_hp_loss":0,"event_name":"Drug Dealer","floor":20,"gold_loss":0,"cards_obtained":["Skim","Sweeping Beam"]},{"damage_healed":0,"gold_gain":0,"player_choice":"Opened","damage_taken":0,"relics_obtained":["Pear"],"max_hp_gain":0,"max_hp_loss":0,"event_name":"The Mausoleum","floor":21,"gold_loss":0,"cards_obtained":["Writhe"]}],"is_beta":false,"boss_relics":[{"not_picked":["Velvet Choker","White Beast Statue"],"picked":"Empty Cage"}],"items_purged_floors":[22],"is_endless":false,"potions_floor_spawned":[6,11,14,27,29],"killed_by":"Champ","ascension_level":20}