{"gold_per_floor":[361,371,371,441,460,460,479,514,567,567,567,587,602,633,633,633],"floor_reached":16,"playtime":499,"items_purged":[],"score":196,"play_id":"a129dff5-3641-40bb-b507-265c1b2a17ab","local_time":"20181213125654","is_ascension_mode":true,"campfire_choices":[{"data":"Zap","floor":6,"key":"SMITH"},{"data":"Sunder","floor":10,"key":"SMITH"},{"floor":15,"key":"REST"}],"neow_cost":"CURSE","seed_source_timestamp":50737463664218,"circlet_count":0,"master_deck":["AscendersBane","Strike_B","Strike_B","Strike_B","Strike_B","Defend_B+1","Defend_B+1","Defend_B","Defend_B","Zap+1","Dualcast","Doubt","Sunder+1","Glacier","Streamline","Ball Lightning","Fission","Electrodynamics"],"special_seed":0,"relics":["Cracked Core","Pear","Omamori","Vajra"],"potions_floor_usage":[8,12,13,16,16],"damage_taken":[{"damage":4.0,"enemies":"Small Slimes","floor":1.0,"turns":4.0},{"damage":0,"enemies":"2 Louse","floor":2,"turns":2},{"damage":2,"enemies":"Jaw Worm","floor":5,"turns":3},{"damage":7,"enemies":"Looter","floor":7,"turns":3},{"damage":15,"enemies":"3 Sentries","floor":8,"turns":8},{"damage":18,"enemies":"Lots of Slimes","floor":12,"turns":3},{"damage":9,"enemies":"Exordium Wildlife","floor":13,"turns":3},{"damage":9,"enemies":"Lagavulin","floor":14,"turns":5},{"damage":32,"enemies":"Hexaghost","floor":16,"turns":9}],"seed_played":"-4206600261820617773","potions_obtained":[{"floor":7,"key":"Regen Potion"},{"floor":8,"key":"Poison Potion"},{"floor":11,"key":"Strength Potion"},{"floor":12,"key":"Weak Potion"},{"floor":14,"key":"Dexterity Potion"}],"is_trial":false,"path_per_floor":["M","M","M","?","?","M","R","M","E","T","R","?","M","M","E","R","B"],"character_chosen":"DEFECT","items_purchased":[],"campfire_rested":1,"item_purchase_floors":[],"current_hp_per_floor":[60,60,39,39,37,37,30,40,40,40,40,22,13,4,28,0],"gold":633,"neow_bonus":"TWO_FIFTY_GOLD","is_prod":false,"is_daily":false,"chose_seed":false,"campfire_upgraded":2,"win_rate":0,"timestamp":1544723814,"path_taken":["M","M","?","?","?","R","M","E","T","R","?","M","?","E","R","BOSS"],"build_version":"2018-12-06","purchased_purges":0,"victory":false,"max_hp_per_floor":[71,71,71,71,71,71,71,81,81,81,81,81,81,81,81,81],"card_choices":[{"not_picked":["Gash","Turbo","Rebound"],"picked":"SKIP","floor":1},{"not_picked":["Chaos","Gash"],"picked":"Sunder","floor":2},{"not_picked":["Cold Snap","Doom and Gloom"],"picked":"Glacier","floor":5},{"not_picked":["Chill","Auto Shields"],"picked":"Streamline","floor":7},{"not_picked":["Streamline","BootSequence"],"picked":"Ball Lightning","floor":8},{"not_picked":["Leap","Reprogram"],"picked":"Fission","floor":12},{"not_picked":["Rebound","Steam Power","Streamline"],"picked":"SKIP","floor":13},{"not_picked":["Doom and Gloom","Rebound"],"picked":"Electrodynamics","floor":14}],"player_experience":1276650,"relics_obtained":[{"floor":8,"key":"Pear"},{"floor":9,"key":"Omamori"},{"floor":14,"key":"Vajra"}],"event_choices":[{"damage_healed":0,"gold_gain":0,"player_choice":"Entered Light","damage_taken":21,"max_hp_gain":0,"max_hp_loss":0,"event_name":"Shining Light","floor":3,"gold_loss":0,"cards_upgraded":["Defend_B","Defend_B"]},{"damage_healed":0,"gold_gain":70,"player_choice":"Gained Gold","damage_taken":0,"max_hp_gain":0,"max_hp_loss":0,"event_name":"Golden Wing","floor":4,"gold_loss":0},{"damage_healed":0,"gold_gain":0,"player_choice":"Got Potions","damage_taken":0,"max_hp_gain":0,"max_hp_loss":0,"event_name":"Lab","floor":11,"gold_loss":0}],"is_beta":false,"boss_relics":[],"items_purged_floors":[],"is_endless":false,"potions_floor_spawned":[7,8,12,14],"killed_by":"Hexaghost","ascension_level":15}