{"gold_per_floor":[109,119,40,56,68,68,87,87,163,188,188,188,138,172,172,275,275,295,295,308,308,11,11,41,41,110,124,158,158,173,4,4,103,103,116,127,127,142,70,70,45,45,45,64,64,82,82,92,92,92],"floor_reached":50,"playtime":3530,"items_purged":["Survivor"],"score":617,"play_id":"2f0c3b6b-9731-400a-bb90-e6e91d314ba2","local_time":"20190428151056","is_ascension_mode":true,"campfire_choices":[{"data":"Accuracy","floor":6,"key":"SMITH"},{"data":"Cloak And Dagger","floor":8,"key":"SMITH"},{"floor":12,"key":"REST"},{"data":"Well Laid Plans","floor":15,"key":"SMITH"},{"floor":23,"key":"REST"},{"data":"Infinite Blades","floor":25,"key":"SMITH"},{"floor":32,"key":"REST"},{"data":"J.A.X.","floor":40,"key":"SMITH"},{"data":"Infinite Blades","floor":42,"key":"SMITH"},{"floor":45,"key":"REST"},{"floor":47,"key":"REST"},{"floor":49,"key":"REST"}],"neow_cost":"NONE","seed_source_timestamp":78434976112432,"circlet_count":0,"master_deck":["Defend_G+1","Defend_G+1","Defend_G+1","Defend_G+1","Strike_G+1","Strike_G+1","Neutralize","Riddle With Holes+1","Deflect+1","Endless Agony+1","Accuracy+1","Terror","Cloak And Dagger+1","Well Laid Plans+1","Glass Knife","Cloak And Dagger","Backflip","Cloak And Dagger","Backstab","J.A.X.+1","Infinite Blades+1","Blade Dance","Backstab","Infinite Blades+1","A Thousand Cuts+1","PiercingWail+1","Glass Knife","Envenom","Calculated Gamble+1","Deflect+1","Expertise+1"],"relics":["Astrolabe","Blue Candle","Mango","Anchor","Orrery","Membership Card","Pocketwatch","Meat on the Bone","WingedGreaves","Kunai","Black Star","Snake Skull"],"potions_floor_usage":[10,30,33,33,35,38,48,50,50],"damage_taken":[{"damage":0,"enemies":"2 Louse","floor":1,"turns":3},{"damage":4,"enemies":"Jaw Worm","floor":2,"turns":3},{"damage":3,"enemies":"Small Slimes","floor":4,"turns":3},{"damage":0,"enemies":"3 Louse","floor":5,"turns":4},{"damage":14,"enemies":"Red Slaver","floor":7,"turns":2},{"damage":13,"enemies":"3 Sentries","floor":10,"turns":7},{"damage":7,"enemies":"Gremlin Nob","floor":14,"turns":3},{"damage":16,"enemies":"Hexaghost","floor":16,"turns":10},{"damage":21,"enemies":"Spheric Guardian","floor":18,"turns":4},{"damage":9,"enemies":"Shell Parasite","floor":20,"turns":6},{"damage":23,"enemies":"Book of Stabbing","floor":24,"turns":5},{"damage":12,"enemies":"Centurion and Healer","floor":27,"turns":5},{"damage":0,"enemies":"Gremlin Leader","floor":28,"turns":6},{"damage":9,"enemies":"Snake Plant","floor":30,"turns":4},{"damage":21,"enemies":"Collector","floor":33,"turns":8},{"damage":1,"enemies":"Orb Walker","floor":35,"turns":4},{"damage":0,"enemies":"3 Shapes","floor":36,"turns":7},{"damage":0,"enemies":"Maw","floor":38,"turns":6},{"damage":41,"enemies":"Transient","floor":44,"turns":5},{"damage":46,"enemies":"Jaw Worm Horde","floor":46,"turns":5},{"damage":11,"enemies":"3 Darklings","floor":48,"turns":4},{"damage":80,"enemies":"Time Eater","floor":50,"turns":4}],"seed_played":"-4070959724600996640","potions_obtained":[{"floor":1,"key":"Fire Potion"},{"floor":2,"key":"GhostInAJar"},{"floor":16,"key":"FearPotion"},{"floor":27,"key":"Block Potion"},{"floor":33,"key":"SneckoOil"},{"floor":35,"key":"GhostInAJar"},{"floor":46,"key":"Explosive Potion"}],"is_trial":false,"path_per_floor":["M","M","$","M","M","R","M","R","T","E","?","R","?","E","R","B",null,"M","?","M","?","$","R","E","R","T","M","E","?","M","$","R","B",null,"M","M","?","M","$","R","$","R","T","M","R","M","R","M","R","B"],"character_chosen":"THE_SILENT","items_purchased":["Accuracy","Infinite Blades","Membership Card","Blade Dance","Kunai","Infinite Blades","PowerPotion","Envenom","Strength Potion"],"campfire_rested":6,"item_purchase_floors":[3,22,22,22,31,31,31,39,41],"current_hp_per_floor":[70,66,66,63,63,63,49,49,49,50,50,75,75,68,68,52,84,63,47,38,38,38,64,41,41,41,41,53,53,56,56,82,61,89,88,88,88,88,88,88,88,88,88,47,73,39,65,54,80,0],"gold":92,"neow_bonus":"BOSS_RELIC","is_prod":false,"is_daily":false,"chose_seed":false,"campfire_upgraded":6,"win_rate":0,"timestamp":1556478656,"path_taken":["M","M","$","M","M","R","M","R","T","E","?","R","?","E","R","BOSS","M","?","M","?","$","R","E","R","T","M","E","?","M","$","R","BOSS","M","M","?","?","$","R","$","R","T","M","R","M","R","M","R","BOSS"],"build_version":"2019-01-23","purchased_purges":1,"victory":false,"max_hp_per_floor":[70,70,70,70,70,70,70,70,70,84,84,84,84,84,84,84,84,84,89,89,89,89,89,89,89,89,89,89,89,89,89,89,89,89,89,89,89,89,89,89,89,89,89,89,89,89,89,89,89,89],"card_choices":[{"not_picked":["Dash","Quick Slash","Cloak And Dagger"],"picked":"SKIP","floor":1},{"not_picked":["Cloak And Dagger","Choke","Poisoned Stab"],"picked":"SKIP","floor":2},{"not_picked":["Backflip","Deadly Poison"],"picked":"Terror","floor":4},{"not_picked":["Setup","Terror","Flying Knee"],"picked":"SKIP","floor":5},{"not_picked":["Deadly Poison","Reflex"],"picked":"Cloak And Dagger","floor":7},{"not_picked":["Deflect","Underhanded Strike","Prepared"],"picked":"SKIP","floor":10},{"not_picked":["Leg Sweep","Crippling Poison"],"picked":"Well Laid Plans","floor":14},{"not_picked":["Malaise","Doppelganger"],"picked":"Glass Knife","floor":16},{"not_picked":["Dash","Prepared"],"picked":"Cloak And Dagger","floor":17},{"not_picked":["Flechettes","Deflect"],"picked":"Backflip","floor":17},{"not_picked":["PiercingWail","Slice"],"picked":"Cloak And Dagger","floor":17},{"not_picked":["Heel Hook","Reflex"],"picked":"Backstab","floor":18},{"not_picked":["Reflex","Tactician+1","Deflect"],"picked":"SKIP","floor":20},{"not_picked":["Predator","Bane"],"picked":"Backstab","floor":24},{"not_picked":["Underhanded Strike","Malaise","Acrobatics"],"picked":"SKIP","floor":27},{"not_picked":["Flechettes+1","Catalyst","All Out Attack"],"picked":"SKIP","floor":28},{"not_picked":["Leg Sweep","Skewer","Cloak And Dagger"],"picked":"SKIP","floor":30},{"not_picked":["Bullet Time","Unload"],"picked":"A Thousand Cuts","floor":33},{"not_picked":["Crippling Poison","Dodge and Roll","Flying Knee+1"],"picked":"SKIP","floor":35},{"not_picked":["Finisher","Poisoned Stab"],"picked":"PiercingWail+1","floor":36},{"not_picked":["Outmaneuver+1","Calculated Gamble+1"],"picked":"Glass Knife","floor":38},{"not_picked":["Expertise","Riddle With Holes+1"],"picked":"Calculated Gamble+1","floor":44},{"not_picked":["Dagger Spray","Outmaneuver+1"],"picked":"Deflect+1","floor":46},{"not_picked":["All Out Attack","Masterful Stab"],"picked":"Expertise+1","floor":48}],"player_experience":186978,"relics_obtained":[{"floor":9,"key":"Blue Candle"},{"floor":10,"key":"Mango"},{"floor":14,"key":"Anchor"},{"floor":24,"key":"Pocketwatch"},{"floor":26,"key":"Meat on the Bone"},{"floor":28,"key":"WingedGreaves"},{"floor":43,"key":"Snake Skull"}],"event_choices":[{"damage_healed":0,"gold_gain":0,"player_choice":"Ignored","damage_taken":0,"max_hp_gain":0,"max_hp_loss":0,"event_name":"Liars Game","floor":11,"gold_loss":0},{"cards_removed":["Strike_G"],"damage_healed":0,"gold_gain":0,"player_choice":"Card Removal","damage_taken":0,"max_hp_gain":0,"max_hp_loss":0,"event_name":"The Cleric","floor":13,"gold_loss":50},{"damage_healed":0,"gold_gain":0,"player_choice":"Shed Blood","damage_taken":21,"max_hp_gain":5,"max_hp_loss":0,"event_name":"Forgotten Altar","floor":19,"gold_loss":0},{"damage_healed":0,"gold_gain":0,"player_choice":"Obtain J.A.X.","damage_taken":0,"max_hp_gain":0,"max_hp_loss":0,"event_name":"Drug Dealer","floor":21,"gold_loss":0,"cards_obtained":["J.A.X."]},{"damage_healed":0,"gold_gain":0,"player_choice":"Simplicity","damage_taken":0,"max_hp_gain":0,"max_hp_loss":0,"event_name":"Back to Basics","floor":29,"gold_loss":0,"cards_upgraded":["Defend_G","Defend_G","Defend_G","Defend_G","Strike_G","Strike_G"]},{"damage_healed":0,"gold_gain":0,"player_choice":"Upgraded","damage_taken":0,"max_hp_gain":0,"max_hp_loss":0,"event_name":"Upgrade Shrine","floor":37,"gold_loss":0,"cards_upgraded":["A Thousand Cuts"]}],"is_beta":false,"boss_relics":[{"not_picked":["Runic Dome","Runic Pyramid"],"picked":"Orrery"},{"not_picked":["Coffee Dripper","Velvet Choker"],"picked":"Black Star"}],"items_purged_floors":[39],"is_endless":false,"potions_floor_spawned":[1,2,16,27,28,33,35,46],"killed_by":"Time Eater","ascension_level":3}