{"gold_per_floor":[114,65,65,76,96,96,122,152,233,219,147,180,198,266,266,266],"floor_reached":16,"playtime":927,"items_purged":[],"score":138,"play_id":"e564e5ea-7df1-495d-b507-2ec356313dff","local_time":"20190718162030","is_ascension_mode":true,"campfire_choices":[{"data":"Neutralize","floor":6,"key":"SMITH"},{"floor":15,"key":"REST"}],"neow_cost":"NONE","seed_source_timestamp":56765011637213,"circlet_count":0,"master_deck":["Strike_G","Strike_G","Strike_G","Strike_G","Strike_G","Defend_G","Defend_G","Defend_G","Defend_G","Defend_G","Survivor","Neutralize+1","Cloak And Dagger","Dagger Throw","Dodge and Roll","Crippling Poison","Dagger Spray","Blur"],"relics":["Ring of the Snake","Snake Skull","PreservedInsect","Tiny Chest","Bottled Lightning","Art of War","Matryoshka"],"potions_floor_usage":[7,7,16,16,16],"damage_taken":[{"damage":0,"enemies":"2 Louse","floor":1,"turns":4},{"damage":1,"enemies":"Jaw Worm","floor":4,"turns":4},{"damage":0,"enemies":"Cultist","floor":5,"turns":4},{"damage":21,"enemies":"Lagavulin","floor":7,"turns":8},{"damage":3,"enemies":"Exordium Thugs","floor":10,"turns":5},{"damage":17,"enemies":"Gremlin Nob","floor":12,"turns":4},{"damage":5,"enemies":"Blue Slaver","floor":13,"turns":4},{"damage":59,"enemies":"The Guardian","floor":16,"turns":20}],"seed_played":"5695050449657658400","potions_obtained":[{"floor":4,"key":"GhostInAJar"},{"floor":5,"key":"SteroidPotion"},{"floor":10,"key":"SpeedPotion"},{"floor":12,"key":"Weak Potion"},{"floor":13,"key":"Weak Potion"}],"is_trial":false,"path_per_floor":["M","$","?","M","M","R","E","?","T","M","$","E","M","T","R","B"],"character_chosen":"THE_SILENT","items_purchased":["Dagger Throw","Blur"],"campfire_rested":1,"item_purchase_floors":[2,11],"current_hp_per_floor":[70,70,70,69,69,69,48,48,48,45,45,28,23,23,44,0],"gold":266,"neow_bonus":"RANDOM_COMMON_RELIC","is_prod":false,"is_daily":false,"chose_seed":false,"campfire_upgraded":1,"win_rate":0,"timestamp":1563484830,"path_taken":["M","$","?","M","M","R","E","?","T","M","$","E","?","?","R","BOSS"],"build_version":"2019-07-17","purchased_purges":0,"victory":false,"max_hp_per_floor":[70,70,70,70,70,70,70,70,70,70,70,70,70,70,70,70],"card_choices":[{"not_picked":["Outmaneuver","Underhanded Strike"],"picked":"Cloak And Dagger","floor":1},{"not_picked":["Escape Plan","Finisher"],"picked":"Dodge and Roll","floor":4},{"not_picked":["Calculated Gamble","Endless Agony"],"picked":"Escape Plan","floor":5},{"not_picked":["Outmaneuver","Acrobatics"],"picked":"Crippling Poison","floor":7},{"not_picked":["Poisoned Stab","Backflip"],"picked":"Dagger Spray","floor":10},{"not_picked":["Dash","Slice","Setup"],"picked":"SKIP","floor":12},{"not_picked":["Bane","Calculated Gamble","PiercingWail"],"picked":"SKIP","floor":13}],"player_experience":161535,"relics_obtained":[{"floor":7,"key":"PreservedInsect"},{"floor":9,"key":"Bottled Lightning"},{"floor":12,"key":"Art of War"},{"floor":14,"key":"Matryoshka"}],"event_choices":[{"damage_healed":0,"gold_gain":0,"player_choice":"Ignored","damage_taken":0,"max_hp_gain":0,"max_hp_loss":0,"event_name":"Shining Light","floor":3,"gold_loss":0},{"cards_removed":["Escape Plan"],"damage_healed":0,"gold_gain":0,"player_choice":"Gave Card","damage_taken":0,"relics_obtained":["Tiny Chest"],"max_hp_gain":0,"max_hp_loss":0,"event_name":"WeMeetAgain","floor":8,"gold_loss":0}],"is_beta":false,"boss_relics":[],"items_purged_floors":[],"is_endless":false,"potions_floor_spawned":[4,5,10,12,13],"killed_by":"The Guardian","ascension_level":5}