{"gold_per_floor":[19,19,19,38,38,38,72,72,72,72,91,111,140,152,152,256,256,271,271,289,214,86,86,115,165,165,165,196,196,196,227,227,325,325,339,339,339,186,186,212,212,243,268,282,631,631,651,666,666,666],"floor_reached":51,"playtime":4540,"items_purged":["Defend_R","Defend_R"],"score":891,"play_id":"0743ab20-45f1-4f58-aa04-6aba0ac95da8","local_time":"20180713225205","is_ascension_mode":true,"campfire_choices":[{"data":"Trip","floor":6,"key":"SMITH"},{"data":"Anger","floor":8,"key":"SMITH"},{"data":"Shrug It Off","floor":10,"key":"SMITH"},{"data":"Armaments","floor":15,"key":"SMITH"},{"data":"Armaments","floor":23,"key":"SMITH"},{"data":"Spot Weakness","floor":27,"key":"SMITH"},{"data":"Pommel Strike","floor":30,"key":"SMITH"},{"floor":32,"key":"DIG"},{"floor":41,"key":"DIG"},{"floor":46,"key":"DIG"},{"data":"Limit Break","floor":49,"key":"SMITH"}],"neow_cost":"NO_GOLD","seed_source_timestamp":68789007191304,"circlet_count":0,"master_deck":["Defend_R","Anger+1","Trip+1","Shrug It Off+1","Armaments+1","Pommel Strike+1","Armaments+1","Bite","Bite","Bite","Bite","Bite","Shrug It Off","Spot Weakness+1","Pommel Strike+1","Immolate","Burning Pact+1","Limit Break+1","Injury","Pain","Normality","Heavy Blade","Deep Breath","Secret Weapon","Master of Strategy","Metallicize+1","Warcry+1","Shrug It Off+1","Burning Pact+1"],"relics":["Burning Blood","Du-Vu Doll","Lantern","Sozu","Boot","Dead Branch","Vajra","Shovel","Pantograph","Calling Bell","Orichalcum","Question Card","Ginger","Happy Flower","Champion Belt","The Courier","Dream Catcher","Old Coin","Dodecahedron"],"potions_floor_usage":[12,16,45],"damage_taken":[{"damage":5,"enemies":"Jaw Worm","floor":1,"turns":7},{"damage":7,"enemies":"Small Slimes","floor":4,"turns":4},{"damage":23,"enemies":"3 Sentries","floor":7,"turns":9},{"damage":0,"enemies":"Cultist","floor":11,"turns":4},{"damage":25,"enemies":"Gremlin Gang","floor":12,"turns":6},{"damage":25,"enemies":"Gremlin Nob","floor":13,"turns":4},{"damage":8,"enemies":"Exordium Wildlife","floor":14,"turns":5},{"damage":41,"enemies":"Slime Boss","floor":16,"turns":12},{"damage":14,"enemies":"3 Byrds","floor":18,"turns":6},{"damage":17,"enemies":"Chosen","floor":20,"turns":5},{"damage":16,"enemies":"Gremlin Leader","floor":24,"turns":10},{"damage":26,"enemies":"Book of Stabbing","floor":28,"turns":5},{"damage":8,"enemies":"Gremlin Leader","floor":31,"turns":5},{"damage":65,"enemies":"Automaton","floor":33,"turns":10},{"damage":10,"enemies":"Flame Bruiser 1 Orb","floor":35,"turns":4},{"damage":15,"enemies":"2 Orb Walkers","floor":40,"turns":4},{"damage":32,"enemies":"Nemesis","floor":42,"turns":5},{"damage":10,"enemies":"3 Darklings","floor":44,"turns":3},{"damage":8,"floor":45,"turns":3},{"damage":3,"enemies":"Transient","floor":47,"turns":5},{"damage":29,"enemies":"Maw","floor":48,"turns":7},{"damage":75,"enemies":"Donu and Deca","floor":50,"turns":7}],"seed_played":"8783786708082775717","potions_obtained":[{"floor":11,"key":"SkillPotion"},{"floor":13,"key":"SteroidPotion"},{"floor":16,"key":"AttackPotion"}],"is_trial":false,"path_per_floor":["M","?","?","M","$","R","E","R","T","R","M","M","E","M","R","B",null,"M","?","M","?","$","R","E","?","T","R","E","?","R","E","R","B",null,"M","?","?","$","?","E","R","E","T","M","?","R","M","M","R","B"],"character_chosen":"IRONCLAD","items_purchased":["Shrug It Off","Heavy Blade"],"campfire_rested":0,"item_purchase_floors":[22,38],"current_hp_per_floor":[96,96,96,95,95,95,78,78,78,78,86,69,52,52,52,19,96,88,88,86,86,86,86,96,96,96,96,83,83,83,95,95,49,96,96,96,96,96,86,82,82,65,65,69,72,72,89,84,84,36],"gold":666,"neow_bonus":"TWENTY_PERCENT_HP_BONUS","is_prod":false,"is_daily":false,"chose_seed":false,"campfire_upgraded":8,"win_rate":0,"timestamp":1531536725,"path_taken":["M","?","?","M","?","R","E","R","T","R","M","M","E","M","R","BOSS","M","?","M","?","$","R","E","?","T","R","E","?","R","E","R","BOSS","M","?","?","$","?","E","R","E","T","M","?","R","M","M","R","BOSS"],"build_version":"2018-07-12","purchased_purges":2,"victory":true,"max_hp_per_floor":[96,96,96,96,96,96,96,96,96,96,96,96,96,96,96,96,96,96,96,96,96,96,96,96,96,96,96,96,96,96,96,96,96,96,96,96,96,96,96,96,96,96,96,96,96,96,96,96,96,96],"card_choices":[{"not_picked":["Warcry","Reckless Charge"],"picked":"Anger","floor":1},{"not_picked":["Flex","Sword Boomerang"],"picked":"Shrug It Off","floor":4},{"not_picked":["Flame Barrier","Shockwave","Reckless Charge"],"picked":"SKIP","floor":7},{"not_picked":["Fire Breathing","Sword Boomerang","Whirlwind"],"picked":"SKIP","floor":11},{"not_picked":["Clothesline","Searing Blow"],"picked":"Armaments","floor":12},{"not_picked":["Perfected Strike","Cleave"],"picked":"Anger","floor":13},{"not_picked":["Rupture","Sword Boomerang"],"picked":"Pommel Strike","floor":14},{"not_picked":["Sword Boomerang+1","Corruption+1"],"picked":"Armaments","floor":18},{"not_picked":["Sword Boomerang","Cleave+1"],"picked":"Shrug It Off","floor":20},{"not_picked":["Clash","Body Slam"],"picked":"Spot Weakness","floor":24},{"not_picked":["Thunderclap","Entrench+1"],"picked":"Pommel Strike+1","floor":28},{"not_picked":["True Grit+1","Spot Weakness"],"picked":"Burning Pact+1","floor":31},{"not_picked":["Impervious","Reaper"],"picked":"Limit Break","floor":33},{"not_picked":["Armaments+1","Sever Soul","Wild Strike","Iron Wave"],"picked":"SKIP","floor":35},{"not_picked":["Dramatic Entrance","Master of Strategy","Blind"],"picked":"Deep Breath","floor":39},{"not_picked":["Madness","Enlightenment","Dark Shackles"],"picked":"Secret Weapon","floor":39},{"not_picked":["Jack Of All Trades","Mind Blast","Swift Strike"],"picked":"Master of Strategy","floor":39},{"not_picked":["Power Through","Intimidate+1","Heavy Blade+1"],"picked":"Metallicize+1","floor":40},{"not_picked":["Intimidate","Inflame","Second Wind"],"picked":"Warcry+1","floor":42},{"not_picked":["Thunderclap+1","Clash+1","Entrench"],"picked":"Shrug It Off+1","floor":44},{"not_picked":["Hemokinesis","Body Slam+1","Twin Strike","Anger"],"picked":"SKIP","floor":47},{"not_picked":["Pommel Strike","Sword Boomerang+1","Seeing Red+1"],"picked":"Burning Pact+1","floor":48}],"player_experience":152474,"relics_obtained":[{"floor":7,"key":"Blood Vial"},{"floor":9,"key":"Du-Vu Doll"},{"floor":13,"key":"Lantern"},{"floor":24,"key":"Boot"},{"floor":26,"key":"Dead Branch"},{"floor":28,"key":"Vajra"},{"floor":31,"key":"Shovel"},{"floor":32,"key":"Pantograph"},{"floor":34,"key":"Orichalcum"},{"floor":34,"key":"Question Card"},{"floor":34,"key":"Ginger"},{"floor":40,"key":"Happy Flower"},{"floor":41,"key":"Champion Belt"},{"floor":42,"key":"The Courier"},{"floor":43,"key":"Dream Catcher"},{"floor":45,"key":"Old Coin"},{"floor":46,"key":"Dodecahedron"}],"event_choices":[{"event_name":"Liars Game","player_choice":"disagreed","floor":2,"damage_taken":0},{"event_name":"Match and Keep!","player_choice":"1 cards matched","floor":3,"damage_taken":0},{"event_name":"Vampires","player_choice":"Became a vampire (Vial)","floor":19,"damage_taken":0},{"event_name":"Beggar","player_choice":"Gave Gold","floor":21,"damage_taken":0},{"event_name":"The Joust","player_choice":"Bet on Murderer","floor":25,"damage_taken":0},{"event_name":"Transmorgrifier","player_choice":"Transform","floor":29,"damage_taken":0},{"event_name":"Falling","player_choice":"Removed Attack","floor":36,"damage_taken":0},{"event_name":"Bonfire Elementals","player_choice":"COMMON","floor":37,"damage_taken":0},{"event_name":"SensoryStone","player_choice":"Memory 3","floor":39,"damage_taken":0},{"event_name":"Mysterious Sphere","player_choice":"Fight","floor":45,"damage_taken":0}],"boss_relics":[{"not_picked":["Eternal Feather","Black Blood"],"picked":"Sozu"},{"not_picked":["Black Star","White Beast Statue"],"picked":"Calling Bell"}],"items_purged_floors":[22,38],"is_endless":false,"potions_floor_spawned":[11,13,16,20,28,33,47,48],"ascension_level":2}