{"gold_per_floor":[114,114,114,133,183,224,51,89,89,89,113,151,174,197,197,197],"floor_reached":16,"playtime":500,"items_purged":[],"score":275,"play_id":"ffe26ae2-b94b-4fb4-985b-c8638439bbb8","local_time":"20190707165210","is_ascension_mode":true,"campfire_choices":[{"data":"Twin Strike","floor":10,"key":"SMITH"},{"floor":15,"key":"REST"}],"neow_cost":"NONE","seed_source_timestamp":558992781802,"circlet_count":0,"master_deck":["AscendersBane","Strike_R","Strike_R","Strike_R","Strike_R","Strike_R","Defend_R","Defend_R","Defend_R","Defend_R","Bash","Shrug It Off","Shrug It Off","Twin Strike+1","Shrug It Off","Perfected Strike","Impervious"],"relics":["Burning Blood","NeowsBlessing","Golden Idol","Spirit Poop","Kunai","Vajra","Dodecahedron","Art of War","Girya"],"potions_floor_usage":[8,12,16],"damage_taken":[{"damage":0,"enemies":"2 Louse","floor":1,"turns":1},{"damage":0,"enemies":"Jaw Worm","floor":4,"turns":1},{"damage":0,"enemies":"3 Sentries","floor":6,"turns":1},{"damage":32,"enemies":"Gremlin Nob","floor":8,"turns":4},{"damage":0,"enemies":"Cultist","floor":11,"turns":3},{"damage":31,"enemies":"Lagavulin","floor":12,"turns":7},{"damage":0,"enemies":"3 Louse","floor":13,"turns":4},{"damage":6,"enemies":"Red Slaver","floor":14,"turns":3},{"damage":64,"enemies":"Slime Boss","floor":16,"turns":14}],"seed_played":"-5426351922037419950","potions_obtained":[{"floor":6,"key":"Swift Potion"},{"floor":8,"key":"Block Potion"},{"floor":12,"key":"Block Potion"}],"is_trial":false,"path_per_floor":["M","?","?","M","?","E","$","E","T","R","M","E","M","M","R","B"],"character_chosen":"IRONCLAD","items_purchased":["Vajra"],"campfire_rested":1,"item_purchase_floors":[7],"current_hp_per_floor":[74,74,74,75,75,75,75,49,49,49,55,30,36,36,58,0],"gold":197,"neow_bonus":"THREE_ENEMY_KILL","is_prod":false,"is_daily":false,"chose_seed":false,"campfire_upgraded":1,"win_rate":0,"timestamp":1562532730,"path_taken":["M","?","?","?","?","E","$","E","T","R","M","E","M","?","R","BOSS"],"build_version":"2019-07-05","purchased_purges":0,"victory":false,"max_hp_per_floor":[75,75,75,75,75,75,75,75,75,75,75,75,75,75,75,75],"card_choices":[{"not_picked":["Entrench","Dropkick"],"picked":"Shrug It Off","floor":1},{"not_picked":["Havoc","Warcry"],"picked":"Shrug It Off","floor":4},{"not_picked":["Thunderclap","Heavy Blade"],"picked":"Twin Strike","floor":6},{"not_picked":["Flex","Pommel Strike"],"picked":"Shrug It Off","floor":8},{"not_picked":["Havoc","Impervious"],"picked":"Perfected Strike","floor":11},{"not_picked":["Ghostly Armor","Sever Soul","Iron Wave"],"picked":"SKIP","floor":12},{"not_picked":["Heavy Blade","Sword Boomerang","Flex"],"picked":"SKIP","floor":13},{"not_picked":["Headbutt","Bloodletting"],"picked":"Impervious","floor":14}],"player_experience":477403,"relics_obtained":[{"floor":6,"key":"Kunai"},{"floor":8,"key":"Dodecahedron"},{"floor":9,"key":"Art of War"},{"floor":12,"key":"Girya"}],"event_choices":[{"damage_healed":0,"gold_gain":0,"player_choice":"Take Wound","damage_taken":0,"relics_obtained":["Golden Idol"],"max_hp_gain":0,"max_hp_loss":0,"event_name":"Golden Idol","floor":2,"gold_loss":0,"cards_obtained":["Injury"]},{"cards_removed":["Injury"],"damage_healed":0,"gold_gain":0,"player_choice":"Offered Curse","damage_taken":0,"relics_obtained":["Spirit Poop"],"max_hp_gain":0,"max_hp_loss":0,"event_name":"Bonfire Elementals","floor":3,"gold_loss":0},{"damage_healed":0,"gold_gain":50,"player_choice":"Pray","damage_taken":0,"max_hp_gain":0,"max_hp_loss":0,"event_name":"Golden Shrine","floor":5,"gold_loss":0}],"is_beta":false,"boss_relics":[],"items_purged_floors":[],"is_endless":false,"potions_floor_spawned":[6,8,12],"killed_by":"Slime Boss","ascension_level":18}