{"gold_per_floor":[116,116,131,148,163,193,193,221,246,263,263,274,293,305,305,400,400,417,417,517,387,402,402,419,419,445,445,458,313,36,68,68,68],"floor_reached":33,"playtime":1797,"items_purged":[],"score":293,"play_id":"52a2b307-8554-45de-ad0d-3749c7942c8e","local_time":"20190710174635","is_ascension_mode":true,"campfire_choices":[{"floor":7,"key":"REST"},{"floor":11,"key":"RECALL"},{"data":"Armaments","floor":15,"key":"SMITH"},{"floor":23,"key":"REST"},{"data":"Demon Form","floor":27,"key":"SMITH"},{"floor":32,"key":"REST"}],"neow_cost":"NONE","seed_source_timestamp":44955310284672,"circlet_count":0,"master_deck":["Strike_R","Strike_R","Strike_R","Strike_R","Strike_R","Defend_R","Defend_R+1","Defend_R","Defend_R","Bash+1","Flame Barrier","Perfected Strike","Inflame","Heavy Blade","Pommel Strike","Reaper","Cleave","Uppercut","Armaments+1","Demon Form+1","Sentinel","Corruption+1","Inflame","Shrug It Off","Whirlwind","Twin Strike","Entrench+1","Feel No Pain","Pommel Strike"],"relics":["Burning Blood","Boot","Dead Branch","Bag of Marbles","Velvet Choker","Happy Flower","Pen Nib","MealTicket","War Paint"],"potions_floor_usage":[6,8,16,31,33],"damage_taken":[{"damage":5,"enemies":"2 Louse","floor":1,"turns":3},{"damage":1,"enemies":"Jaw Worm","floor":3,"turns":4},{"damage":0,"enemies":"Cultist","floor":4,"turns":2},{"damage":12,"enemies":"2 Fungi Beasts","floor":5,"turns":5},{"damage":23,"enemies":"3 Sentries","floor":6,"turns":7},{"damage":14,"enemies":"Lagavulin","floor":8,"turns":4},{"damage":10,"enemies":"Exordium Thugs","floor":10,"turns":5},{"damage":5,"enemies":"Looter","floor":12,"turns":4},{"damage":19,"enemies":"Large Slime","floor":13,"turns":4},{"damage":0,"enemies":"3 Louse","floor":14,"turns":3},{"damage":43,"enemies":"Slime Boss","floor":16,"turns":10},{"damage":23,"enemies":"Shell Parasite","floor":18,"turns":3},{"damage":20,"enemies":"Spheric Guardian","floor":22,"turns":4},{"damage":36,"enemies":"3 Cultists","floor":24,"turns":4},{"damage":18,"enemies":"Centurion and Healer","floor":28,"turns":5},{"damage":25,"enemies":"Book of Stabbing","floor":31,"turns":4},{"damage":100,"enemies":"Collector","floor":33,"turns":5}],"seed_played":"1924039767477746304","potions_obtained":[{"floor":4,"key":"Energy Potion"},{"floor":6,"key":"PowerPotion"},{"floor":13,"key":"LiquidBronze"},{"floor":28,"key":"SteroidPotion"},{"floor":31,"key":"Poison Potion"}],"is_trial":false,"path_per_floor":["M","?","M","M","M","E","R","E","T","M","R","M","M","M","R","B",null,"M","?","?","$","M","R","M","?","T","R","M","$","$","E","R","B"],"character_chosen":"IRONCLAD","items_purchased":["Inflame","Shrug It Off","Pen Nib","MealTicket","Feel No Pain"],"campfire_rested":3,"item_purchase_floors":[21,21,29,30,30],"current_hp_per_floor":[80,80,80,80,74,57,80,72,72,68,68,69,68,74,74,37,80,63,63,63,63,49,73,50,50,50,50,50,50,50,40,64,0],"gold":68,"neow_bonus":"RANDOM_COMMON_RELIC","is_prod":false,"is_daily":false,"chose_seed":false,"campfire_upgraded":2,"win_rate":0,"timestamp":1562805995,"path_taken":["M","?","M","M","M","E","R","E","T","M","R","M","M","M","R","BOSS","M","?","?","$","?","R","M","?","T","R","M","?","$","E","R","BOSS"],"build_version":"2019-07-05","purchased_purges":0,"victory":false,"max_hp_per_floor":[80,80,80,80,80,80,80,80,80,80,80,80,80,80,80,80,80,80,80,80,80,80,80,80,80,80,80,80,80,80,80,80,80],"card_choices":[{"not_picked":["Wild Strike","Pummel"],"picked":"Flame Barrier","floor":1},{"not_picked":["Shockwave","Wild Strike"],"picked":"Perfected Strike","floor":3},{"not_picked":["True Grit","Clash"],"picked":"Inflame","floor":4},{"not_picked":["Wild Strike","Warcry"],"picked":"Heavy Blade","floor":5},{"not_picked":["Rage","Pummel"],"picked":"Pommel Strike","floor":6},{"not_picked":["Body Slam","Dual Wield"],"picked":"Reaper","floor":8},{"not_picked":["Heavy Blade","Dual Wield"],"picked":"Cleave","floor":10},{"not_picked":["Wild Strike","Pommel Strike"],"picked":"Uppercut","floor":12},{"not_picked":["Rupture","Perfected Strike"],"picked":"Armaments","floor":13},{"not_picked":["Thunderclap","Dual Wield","Uppercut"],"picked":"SKIP","floor":14},{"not_picked":["Feed","Berserk"],"picked":"Demon Form","floor":16},{"not_picked":["Warcry","Power Through"],"picked":"Sentinel","floor":18},{"not_picked":["Power Through","Thunderclap+1"],"picked":"Whirlwind","floor":22},{"not_picked":["Heavy Blade","Perfected Strike"],"picked":"Twin Strike","floor":24},{"not_picked":["Perfected Strike","Anger"],"picked":"Entrench","floor":28},{"not_picked":["Carnage","Clash+1"],"picked":"Pommel Strike","floor":31}],"player_experience":255664,"relics_obtained":[{"floor":6,"key":"Dead Branch"},{"floor":8,"key":"Bag of Marbles"},{"floor":26,"key":"Happy Flower"},{"floor":31,"key":"War Paint"}],"event_choices":[{"damage_healed":0,"gold_gain":0,"player_choice":"Grow","damage_taken":0,"max_hp_gain":0,"max_hp_loss":0,"event_name":"Living Wall","floor":2,"gold_loss":0,"cards_upgraded":["Bash"]},{"damage_healed":0,"gold_gain":0,"player_choice":"Read","damage_taken":0,"max_hp_gain":0,"max_hp_loss":0,"event_name":"The Library","floor":19,"gold_loss":0,"cards_obtained":["Corruption"]},{"damage_healed":0,"gold_gain":100,"player_choice":"Pray","damage_taken":0,"max_hp_gain":0,"max_hp_loss":0,"event_name":"Golden Shrine","floor":20,"gold_loss":0},{"damage_healed":0,"gold_gain":0,"player_choice":"Forge","damage_taken":0,"max_hp_gain":0,"max_hp_loss":0,"event_name":"Accursed Blacksmith","floor":25,"gold_loss":0,"cards_upgraded":["Corruption"]}],"is_beta":false,"boss_relics":[{"not_picked":["Mark of Pain","Ectoplasm"],"picked":"Velvet Choker"}],"items_purged_floors":[],"is_endless":false,"potions_floor_spawned":[4,6,13,28,31],"killed_by":"Collector","ascension_level":1}