{"gold_per_floor":[113,124,140,154,169,169,202,222,222,247,266,276,276,286,286,357,357,375,392,404,52,52,81,81,111,111,111,123,155,55,68,68,139,139,155,167,42,42,53,53,63,73,73,105,117,148,110,121,121,121,121,121,2,35,35],"floor_reached":56,"playtime":5460,"items_purged":["Strike_B","Strike_B","Strike_B"],"score":1970,"play_id":"b224eb47-d31c-4b71-a891-cc2ab0ab8dd0","local_time":"20190613200943","is_ascension_mode":true,"campfire_choices":[{"data":"Defragment","floor":6,"key":"SMITH"},{"data":"Zap","floor":13,"key":"SMITH"},{"data":"Hologram","floor":15,"key":"SMITH"},{"data":"Dualcast","floor":24,"key":"SMITH"},{"data":"Glacier","floor":27,"key":"SMITH"},{"data":"Heatsinks","floor":32,"key":"SMITH"},{"floor":40,"key":"RECALL"},{"data":"Defragment","floor":49,"key":"SMITH"},{"data":"Biased Cognition","floor":52,"key":"SMITH"}],"neow_cost":"NONE","seed_source_timestamp":144496227904300,"circlet_count":0,"master_deck":["AscendersBane","Strike_B","Defend_B","Defend_B","Defend_B","Defend_B","Zap+1","Dualcast+1","Self Repair","Leap","Rebound","Glacier+1","Defragment+1","Hologram+1","Coolheaded+1","Redo+1","Electrodynamics","Force Field+1","Heatsinks+1","Go for the Eyes+1","Defragment+1","Self Repair","Defragment+1","Force Field+1","Darkness+1","Chaos+1","Genetic Algorithm+1","Biased Cognition+1","Glacier+1","Leap+1","Force Field+1","Recycle+1","Hologram+1","Shame","Multi-Cast+1","Defragment+1","Static Discharge","Chill+1"],"relics":["Cracked Core","Matryoshka","Bag of Marbles","Toxic Egg 2","Bird Faced Urn","Nuclear Battery","DollysMirror","Mercury Hourglass","Mummified Hand","Boot","Kunai","Bottled Tornado","Cursed Key","Omamori","Bottled Lightning","Sundial"],"potions_floor_usage":[10,16,23,23,25,36,50,55,55],"damage_taken":[{"damage":4,"enemies":"Small Slimes","floor":1,"turns":3},{"damage":6,"enemies":"Cultist","floor":2,"turns":4},{"damage":2,"enemies":"Jaw Worm","floor":3,"turns":4},{"damage":12,"enemies":"Red Slaver","floor":4,"turns":4},{"damage":0,"enemies":"Large Slime","floor":5,"turns":6},{"damage":5,"enemies":"Lagavulin","floor":7,"turns":10},{"damage":28,"enemies":"Lots of Slimes","floor":8,"turns":5},{"damage":24,"enemies":"3 Sentries","floor":10,"turns":10},{"damage":10,"enemies":"Looter","floor":11,"turns":5},{"damage":3,"enemies":"Large Slime","floor":12,"turns":5},{"damage":9,"enemies":"Red Slaver","floor":14,"turns":4},{"damage":14,"enemies":"The Guardian","floor":16,"turns":15},{"damage":15,"enemies":"3 Byrds","floor":18,"turns":4},{"damage":11,"enemies":"Spheric Guardian","floor":19,"turns":4},{"damage":15,"enemies":"Centurion and Healer","floor":20,"turns":12},{"damage":36,"enemies":"Gremlin Leader","floor":23,"turns":9},{"damage":4,"enemies":"Book of Stabbing","floor":25,"turns":6},{"damage":0,"enemies":"Cultist and Chosen","floor":28,"turns":4},{"damage":14,"enemies":"Gremlin Leader","floor":29,"turns":8},{"damage":9,"enemies":"Sentry and Sphere","floor":31,"turns":4},{"damage":31,"enemies":"Automaton","floor":33,"turns":8},{"damage":1,"enemies":"Orb Walker","floor":35,"turns":4},{"damage":0,"enemies":"3 Shapes","floor":36,"turns":3},{"damage":0,"enemies":"Transient","floor":39,"turns":5},{"damage":0,"enemies":"Spire Growth","floor":41,"turns":3},{"damage":16,"enemies":"Writhing Mass","floor":42,"turns":5},{"damage":8,"enemies":"Nemesis","floor":44,"turns":7},{"damage":0,"enemies":"4 Shapes","floor":45,"turns":3},{"damage":0,"enemies":"Giant Head","floor":46,"turns":9},{"damage":0,"enemies":"Sphere and 2 Shapes","floor":48,"turns":3},{"damage":22,"enemies":"Time Eater","floor":50,"turns":9},{"damage":0,"enemies":"Shield and Spear","floor":54,"turns":2},{"damage":29,"enemies":"The Heart","floor":55,"turns":9}],"seed_played":"-3291218044292734337","potions_obtained":[{"floor":2,"key":"PowerPotion"},{"floor":3,"key":"SpeedPotion"},{"floor":14,"key":"Poison Potion"},{"floor":16,"key":"FearPotion"},{"floor":18,"key":"AttackPotion"},{"floor":23,"key":"Swift Potion"},{"floor":28,"key":"Ancient Potion"},{"floor":35,"key":"Fire Potion"},{"floor":36,"key":"Poison Potion"}],"is_trial":false,"path_per_floor":["M","M","M","M","M","R","E","M","T","E","M","M","R","M","R","B",null,"M","M","M","$","?","E","R","E","T","R","M","E","$","M","R","B",null,"M","M","$","?","M","R","M","M","T","E","M","E","$","M","R","B",null,"R","$","E","B",null],"character_chosen":"DEFECT","items_purchased":["DollysMirror","Self Repair","Defragment","Static Discharge","PowerPotion"],"campfire_rested":0,"item_purchase_floors":[21,21,47,53,53],"current_hp_per_floor":[71,72,77,72,79,79,81,60,60,43,35,34,34,36,36,35,70,68,70,70,70,70,62,62,82,82,82,82,82,82,82,82,60,77,82,82,82,82,82,82,82,82,82,82,82,82,82,82,82,78,81,81,81,82,82],"gold":35,"neow_bonus":"TEN_PERCENT_HP_BONUS","is_prod":false,"is_daily":false,"chose_seed":false,"campfire_upgraded":8,"win_rate":0,"timestamp":1560470983,"path_taken":["M","M","M","M","M","R","E","M","T","E","M","M","R","M","R","BOSS","M","M","M","$","?","E","R","E","T","R","?","E","?","M","R","BOSS","M","M","$","?","?","R","M","M","T","E","M","E","$","M","R","BOSS","R","$","E","BOSS"],"build_version":"2019-01-23","purchased_purges":3,"victory":true,"max_hp_per_floor":[82,82,82,82,82,82,82,82,82,82,82,82,82,82,82,82,82,82,82,82,82,82,82,82,82,82,82,82,82,82,82,82,82,82,82,82,82,82,82,82,82,82,82,82,82,82,82,82,82,82,82,82,82,82,82],"card_choices":[{"not_picked":["Streamline","Hologram"],"picked":"Self Repair","floor":1},{"not_picked":["Stack","Coolheaded"],"picked":"Leap","floor":2},{"not_picked":["Hologram","Beam Cell"],"picked":"Rebound","floor":3},{"not_picked":["Hyperbeam","Consume"],"picked":"Glacier","floor":4},{"not_picked":["Gash","Conserve Battery"],"picked":"Defragment","floor":5},{"not_picked":["Reboot","Barrage","Beam Cell"],"picked":"SKIP","floor":7},{"not_picked":["Hologram","Barrage","Rebound"],"picked":"SKIP","floor":8},{"not_picked":["Barrage","Rebound"],"picked":"Hologram","floor":8},{"not_picked":["Reprogram+1","Streamline"],"picked":"Coolheaded+1","floor":10},{"not_picked":["Sweeping Beam","Storm"],"picked":"Redo+1","floor":11},{"not_picked":["Go for the Eyes","Ball Lightning"],"picked":"Electrodynamics","floor":12},{"not_picked":["Streamline","Compile Driver","Barrage"],"picked":"SKIP","floor":14},{"not_picked":["Coolheaded+1","Ball Lightning"],"picked":"Force Field+1","floor":18},{"not_picked":["Scrape","Beam Cell"],"picked":"Heatsinks","floor":19},{"not_picked":["Barrage","Reprogram+1"],"picked":"Go for the Eyes+1","floor":20},{"not_picked":["Reinforced Body+1","Hyperbeam"],"picked":"Force Field+1","floor":23},{"not_picked":["Barrage","Undo+1"],"picked":"Darkness+1","floor":25},{"not_picked":["Leap+1","Turbo+1"],"picked":"Chaos+1","floor":28},{"not_picked":["Darkness+1","Auto Shields+1","Stack+1"],"picked":"SKIP","floor":29},{"not_picked":["BootSequence+1","Beam Cell"],"picked":"Genetic Algorithm+1","floor":31},{"not_picked":["Fission+1","All For One"],"picked":"Biased Cognition","floor":33},{"not_picked":["Undo+1","Beam Cell"],"picked":"Glacier+1","floor":35},{"not_picked":["Turbo+1","Sweeping Beam"],"picked":"Leap+1","floor":36},{"not_picked":["Leap+1","Gash"],"picked":"Recycle+1","floor":39},{"not_picked":["Consume+1","Hyperbeam"],"picked":"Hologram+1","floor":41},{"not_picked":["Hologram+1","Steam+1","Go for the Eyes"],"picked":"SKIP","floor":42},{"not_picked":["Consume+1","Reinforced Body+1","Leap+1"],"picked":"SKIP","floor":44},{"not_picked":["Consume+1","Reinforced Body+1","Leap+1"],"picked":"SKIP","floor":44},{"not_picked":["Rebound+1","Gash"],"picked":"Multi-Cast+1","floor":45},{"not_picked":["Conserve Battery+1","Steam+1","Blizzard"],"picked":"SKIP","floor":46},{"not_picked":["Sweeping Beam","Go for the Eyes","Stack+1"],"picked":"SKIP","floor":48},{"not_picked":["Hologram+1","Amplify+1"],"picked":"Chill+1","floor":54}],"player_experience":417993,"relics_obtained":[{"floor":7,"key":"Matryoshka"},{"floor":9,"key":"Bag of Marbles"},{"floor":9,"key":"Toxic Egg 2"},{"floor":10,"key":"Bird Faced Urn"},{"floor":23,"key":"Mercury Hourglass"},{"floor":25,"key":"Mummified Hand"},{"floor":26,"key":"Boot"},{"floor":26,"key":"Kunai"},{"floor":29,"key":"Bottled Tornado"},{"floor":44,"key":"Omamori"},{"floor":46,"key":"Bottled Lightning"},{"floor":54,"key":"Sundial"}],"event_choices":[{"damage_healed":0,"gold_gain":0,"player_choice":"Copied","damage_taken":0,"max_hp_gain":0,"max_hp_loss":0,"event_name":"Duplicator","floor":22,"gold_loss":0,"cards_obtained":["Defragment"]},{"damage_healed":0,"gold_gain":0,"player_choice":"1 cards matched","damage_taken":0,"max_hp_gain":0,"max_hp_loss":0,"event_name":"Match and Keep!","floor":38,"gold_loss":0,"cards_obtained":["Force Field"]}],"is_beta":false,"boss_relics":[{"not_picked":["White Beast Statue","Calling Bell"],"picked":"Nuclear Battery"},{"not_picked":["Black Star","Philosopher\u0027s Stone"],"picked":"Cursed Key"}],"items_purged_floors":[21,30,37],"is_endless":false,"potions_floor_spawned":[2,3,8,14,16,18,23,28,35,36,39,44],"ascension_level":13}