{"gold_per_floor":[116,116,36,36,46,46,58,69,116,132,132,144,144,155,155,260,260],"floor_reached":17,"playtime":466,"items_purged":[],"score":149,"play_id":"cefefcdc-9787-4175-8023-f2e950e71fe2","local_time":"20180814141831","is_ascension_mode":false,"campfire_choices":[{"data":"Body Slam","floor":6,"key":"SMITH"},{"data":"Bash","floor":13,"key":"SMITH"},{"data":"Body Slam","floor":15,"key":"SMITH"}],"neow_cost":"NONE","seed_source_timestamp":220723762337384,"circlet_count":0,"master_deck":["Strike_R","Strike_R","Defend_R","Defend_R","Defend_R","Bash+1","Headbutt+1","Dropkick+1","Searing Blow+1","Body Slam+1","Fiend Fire+1","Dropkick","Shrug It Off","Body Slam+1","Body Slam+1","Offering"],"relics":["Astrolabe"],"potions_floor_usage":[12,14],"damage_taken":[{"damage":5,"enemies":"Small Slimes","floor":1,"turns":2},{"damage":0,"enemies":"2 Louse","floor":5,"turns":2},{"damage":1,"enemies":"Cultist","floor":7,"turns":3},{"damage":4,"enemies":"Blue Slaver","floor":8,"turns":2},{"damage":3,"enemies":"3 Louse","floor":10,"turns":3},{"damage":0,"enemies":"Red Slaver","floor":12,"turns":1},{"damage":0,"enemies":"Looter","floor":14,"turns":2},{"damage":32,"enemies":"The Guardian","floor":16,"turns":9}],"seed_played":"3980118121073529250","potions_obtained":[{"floor":1,"key":"FearPotion"},{"floor":10,"key":"Fire Potion"},{"floor":12,"key":"SpeedPotion"}],"is_trial":false,"path_per_floor":["M","?","$","?","M","R","M","M","T","M","?","M","R","M","R","B"],"character_chosen":"IRONCLAD","items_purchased":["Dropkick"],"campfire_rested":0,"item_purchase_floors":[3],"current_hp_per_floor":[75,75,75,75,75,75,74,70,70,67,51,51,51,51,51,19,19],"gold":260,"neow_bonus":"BOSS_RELIC","is_prod":false,"is_daily":false,"chose_seed":false,"campfire_upgraded":3,"win_rate":0,"timestamp":1534270711,"path_taken":["M","?","$","?","?","R","M","M","T","M","?","?","R","M","R","BOSS"],"build_version":"2018-08-09","purchased_purges":0,"victory":false,"max_hp_per_floor":[80,80,80,80,80,80,80,80,80,80,80,80,80,80,80,80,80],"card_choices":[{"not_picked":["Sword Boomerang","Cleave"],"picked":"Body Slam","floor":1},{"not_picked":["Headbutt","Iron Wave"],"picked":"Shrug It Off","floor":5},{"not_picked":["Iron Wave","Twin Strike","Cleave"],"picked":"SKIP","floor":7},{"not_picked":["Havoc","Anger"],"picked":"Body Slam","floor":8},{"not_picked":["Bloodletting","Havoc","Fire Breathing"],"picked":"SKIP","floor":10},{"not_picked":["Entrench","Brutality","Armaments"],"picked":"SKIP","floor":12},{"not_picked":["Anger","Clash"],"picked":"Body Slam","floor":14},{"not_picked":["Juggernaut","Double Tap"],"picked":"Offering","floor":16}],"player_experience":502084,"relics_obtained":[],"event_choices":[{"event_name":"Living Wall","player_choice":"Change","floor":2,"damage_taken":0},{"event_name":"Liars Game","player_choice":"disagreed","floor":4,"damage_taken":0},{"event_name":"Shining Light","player_choice":"Entered Light","floor":11,"damage_taken":0}],"is_beta":false,"boss_relics":[],"items_purged_floors":[],"is_endless":false,"potions_floor_spawned":[1,10,12],"ascension_level":0}