{"gold_per_floor":[110,35,52,52,109,136,136,164,248,410,422,451,463,43,43,43],"floor_reached":16,"playtime":512,"items_purged":["Doubt"],"score":212,"play_id":"0d8cdb68-3815-4e07-83e3-e33839b6ec5b","local_time":"20181125153232","is_ascension_mode":true,"campfire_choices":[{"data":"Bash","floor":7,"key":"SMITH"},{"floor":11,"key":"REST"},{"data":"Armaments","floor":15,"key":"SMITH"}],"neow_cost":"NONE","seed_source_timestamp":9135813041816,"circlet_count":0,"master_deck":["AscendersBane","Strike_R","Strike_R","Strike_R","Strike_R","Defend_R","Defend_R","Defend_R","Defend_R","Bash+1","Clothesline","Armaments+1","Feed","Headbutt","Immolate"],"relics":["Burning Blood","Juzu Bracelet","Du-Vu Doll","MawBank","Meat on the Bone"],"potions_floor_usage":[6,16],"damage_taken":[{"damage":9,"enemies":"Jaw Worm","floor":1,"turns":5},{"damage":5,"enemies":"Small Slimes","floor":3,"turns":4},{"damage":20,"enemies":"Gremlin Nob","floor":6,"turns":4},{"damage":47,"enemies":"Lagavulin","floor":8,"turns":8},{"damage":0,"enemies":"2 Louse","floor":12,"turns":6},{"damage":61,"enemies":"The Guardian","floor":16,"turns":16}],"seed_played":"-8671368665079693051","potions_obtained":[{"floor":3,"key":"AttackPotion"},{"floor":8,"key":"BloodPotion"}],"is_trial":false,"path_per_floor":["M","?","M","?","?","E","R","E","T","?","R","M","?","$","R","B"],"character_chosen":"IRONCLAD","items_purchased":["Meat on the Bone","Immolate"],"campfire_rested":1,"item_purchase_floors":[14,14],"current_hp_per_floor":[72,72,73,68,68,54,54,17,17,17,42,52,52,52,52,0],"gold":43,"neow_bonus":"TEN_PERCENT_HP_BONUS","is_prod":false,"is_daily":false,"chose_seed":false,"campfire_upgraded":2,"win_rate":0,"timestamp":1543177952,"path_taken":["M","?","M","?","?","E","R","E","T","?","R","M","?","?","R","BOSS"],"build_version":"2018-11-15","purchased_purges":1,"victory":false,"max_hp_per_floor":[82,82,82,82,82,82,82,86,86,86,86,90,90,90,90,90],"card_choices":[{"not_picked":["Wild Strike","Warcry"],"picked":"Clothesline","floor":1},{"not_picked":["Heavy Blade","Pommel Strike"],"picked":"Armaments","floor":3},{"not_picked":["True Grit","Armaments"],"picked":"Feed","floor":6},{"not_picked":["Searing Blow","Iron Wave","Perfected Strike"],"picked":"SKIP","floor":8},{"not_picked":["Reckless Charge","Rupture"],"picked":"Headbutt","floor":12}],"player_experience":1157605,"relics_obtained":[{"floor":6,"key":"Du-Vu Doll"},{"floor":8,"key":"MawBank"}],"event_choices":[{"cards_removed":["Strike_R"],"damage_healed":0,"gold_gain":0,"player_choice":"Card Removal","damage_taken":0,"max_hp_gain":0,"max_hp_loss":0,"event_name":"The Cleric","floor":2,"gold_loss":75},{"damage_healed":0,"gold_gain":0,"player_choice":"Success","damage_taken":5,"relics_obtained":["Juzu Bracelet"],"max_hp_gain":0,"max_hp_loss":0,"event_name":"Scrap Ooze","floor":4,"gold_loss":0},{"damage_healed":0,"gold_gain":57,"player_choice":"Gained Gold","damage_taken":0,"max_hp_gain":0,"max_hp_loss":0,"event_name":"Golden Wing","floor":5,"gold_loss":0},{"damage_healed":0,"gold_gain":150,"player_choice":"AGREE","damage_taken":0,"max_hp_gain":0,"max_hp_loss":0,"event_name":"Liars Game","floor":10,"gold_loss":0,"cards_obtained":["Doubt"]},{"damage_healed":0,"gold_gain":0,"player_choice":"Searched \u00270\u0027 times","damage_taken":0,"max_hp_gain":0,"max_hp_loss":0,"event_name":"Dead Adventurer","floor":13,"gold_loss":0}],"is_beta":false,"boss_relics":[],"items_purged_floors":[14],"is_endless":false,"potions_floor_spawned":[3,8],"killed_by":"The Guardian","ascension_level":20}