{"gold_per_floor":[109,109,124,136,136,165,182,182,182,196,209,209,9,19,19,117,117,136,136,156,166,9,9,44,44,44,44,44,58,72,88,88,189,189,201,1200,1200,140,152,152,168,168,195,195,195,49,59,72,72,72],"floor_reached":50,"playtime":5675,"items_purged":[],"score":541,"play_id":"e66b2047-df76-4d18-8fcf-e0a9d4b27883","local_time":"20190708000337","is_ascension_mode":false,"campfire_choices":[{"floor":8,"key":"REST"},{"data":"Blade Dance","floor":12,"key":"SMITH"},{"floor":15,"key":"REST"},{"data":"Blade Dance","floor":23,"key":"SMITH"},{"floor":25,"key":"REST"},{"data":"Endless Agony","floor":32,"key":"SMITH"},{"floor":40,"key":"DIG"},{"floor":42,"key":"REST"},{"floor":45,"key":"REST"},{"floor":49,"key":"REST"}],"neow_cost":"NONE","seed_source_timestamp":722898293431593,"circlet_count":0,"master_deck":["Strike_G","Strike_G","Strike_G","Defend_G","Defend_G","Defend_G","Defend_G","Defend_G","Survivor","Neutralize","Blade Dance+1","Predator","Infinite Blades","Escape Plan","PiercingWail","Blade Dance+1","Prepared","Prepared","Flying Knee","Adrenaline","PiercingWail","Backstab+1","Masterful Stab+1","Bandage Up","Finesse","Quick Slash+1","Unload","Endless Agony+1","Corpse Explosion","Skewer","Blade Dance","PiercingWail+1","Night Terror","Panache","Discovery","Endless Agony+1","Predator","Madness","Madness","Noxious Fumes+1","Terror","Well Laid Plans+1","Poisoned Stab+1"],"relics":["Ring of the Snake","Regal Pillow","Question Card","Anchor","Omamori","Sozu","Vajra","Letter Opener","Bottled Tornado","MutagenicStrength","Orrery","Mango","Shovel","Medical Kit","Whetstone","Dream Catcher","Ancient Tea Set"],"potions_floor_usage":[15,16,50],"damage_taken":[{"damage":0,"enemies":"Cultist","floor":1,"turns":4},{"damage":0,"enemies":"Jaw Worm","floor":3,"turns":5},{"damage":2,"enemies":"Small Slimes","floor":4,"turns":3},{"damage":36,"enemies":"3 Sentries","floor":6,"turns":8},{"damage":9,"enemies":"Red Slaver","floor":7,"turns":3},{"damage":0,"enemies":"Blue Slaver","floor":10,"turns":4},{"damage":13,"enemies":"Gremlin Gang","floor":11,"turns":4},{"damage":9,"enemies":"3 Louse","floor":14,"turns":4},{"damage":72,"enemies":"Hexaghost","floor":16,"turns":12},{"damage":0,"enemies":"3 Byrds","floor":18,"turns":5},{"damage":10,"enemies":"2 Thieves","floor":20,"turns":5},{"damage":6,"enemies":"Centurion and Healer","floor":21,"turns":8},{"damage":11,"enemies":"Slavers","floor":24,"turns":6},{"damage":0,"enemies":"Chosen and Byrds","floor":29,"turns":4},{"damage":0,"enemies":"Snake Plant","floor":30,"turns":2},{"damage":5,"enemies":"Centurion and Healer","floor":31,"turns":5},{"damage":45,"enemies":"Champ","floor":33,"turns":10},{"damage":47,"enemies":"3 Shapes","floor":35,"turns":3},{"damage":0,"enemies":"3 Darklings","floor":39,"turns":4},{"damage":23,"enemies":"4 Shapes","floor":41,"turns":4},{"damage":5,"enemies":"Sphere and 2 Shapes","floor":47,"turns":3},{"damage":13,"enemies":"Maw","floor":48,"turns":6},{"damage":103,"enemies":"Time Eater","floor":50,"turns":9}],"seed_played":"-4038536787900062645","potions_obtained":[{"floor":4,"key":"Ancient Potion"},{"floor":6,"key":"SkillPotion"},{"floor":14,"key":"Fruit Juice"}],"is_trial":false,"path_per_floor":["M","$","M","M","?","E","M","R","T","M","M","R","$","M","R","B",null,"M","?","M","M","$","R","E","R","T","?","?","M","M","M","R","B",null,"M","?","?","$","M","R","M","R","T","?","R","$","M","M","R","B"],"character_chosen":"THE_SILENT","items_purchased":["Omamori","Prepared","Vajra","Panache","Discovery","Mango","Shovel","Medical Kit","Ancient Tea Set"],"campfire_rested":6,"item_purchase_floors":[13,13,22,38,38,38,38,38,46],"current_hp_per_floor":[77,77,77,75,68,32,23,61,61,61,48,48,48,39,82,10,82,82,82,72,66,66,66,55,82,82,82,58,62,66,65,65,24,82,35,35,35,49,53,53,34,77,77,65,96,96,91,82,96,0],"gold":72,"neow_bonus":"TEN_PERCENT_HP_BONUS","is_prod":false,"is_daily":false,"chose_seed":false,"campfire_upgraded":3,"win_rate":0.0,"timestamp":1562562217,"path_taken":["M","?","M","M","?","E","M","R","T","M","?","R","$","M","R","BOSS","M","?","?","M","$","R","E","R","T","?","?","M","?","M","R","BOSS","M","?","?","$","M","R","?","R","T","?","R","$","M","M","R","BOSS"],"build_version":"2019-07-05","purchased_purges":0,"victory":false,"max_hp_per_floor":[77,77,77,77,77,77,77,77,77,77,77,77,77,77,82,82,82,82,82,82,82,82,82,82,82,82,82,82,82,82,82,82,82,82,82,82,82,96,96,96,96,96,96,96,96,96,96,96,96,96],"card_choices":[{"not_picked":["Bane","Poisoned Stab"],"picked":"Blade Dance","floor":1},{"not_picked":["Noxious Fumes","Sucker Punch"],"picked":"Predator","floor":3},{"not_picked":["Riddle With Holes","Bouncing Flask"],"picked":"Infinite Blades","floor":4},{"not_picked":["Flechettes","Prepared"],"picked":"Escape Plan","floor":6},{"not_picked":["Bane","Endless Agony","Quick Slash"],"picked":"PiercingWail","floor":7},{"not_picked":["Bane","Leg Sweep","Poisoned Stab"],"picked":"Blade Dance","floor":10},{"not_picked":["Quick Slash","Poisoned Stab","Sucker Punch"],"picked":"Prepared","floor":11},{"not_picked":["Sucker Punch","Blur","Reflex"],"picked":"Flying Knee","floor":14},{"not_picked":["After Image","Bullet Time","Die Die Die"],"picked":"Adrenaline","floor":16},{"not_picked":["Sucker Punch","Slice","Backflip"],"picked":"PiercingWail","floor":18},{"not_picked":["Underhanded Strike","Bane","Backflip"],"picked":"Backstab+1","floor":20},{"not_picked":["Deflect","Reflex","Deadly Poison","Dagger Throw"],"picked":"SKIP","floor":21},{"not_picked":["Reflex","Blade Dance","Prepared+1"],"picked":"Masterful Stab","floor":24},{"not_picked":["Dagger Throw+1","Slice","Acrobatics"],"picked":"Quick Slash+1","floor":29},{"not_picked":["Caltrops+1","Poisoned Stab","Flying Knee"],"picked":"Unload","floor":30},{"not_picked":["Quick Slash","Poisoned Stab","Deflect"],"picked":"Endless Agony","floor":31},{"not_picked":["Night Terror","Burst","Adrenaline"],"picked":"Corpse Explosion","floor":33},{"not_picked":["Caltrops","Bane+1","Blur"],"picked":"Skewer","floor":34},{"not_picked":["Expertise","Flechettes","Flying Knee"],"picked":"Blade Dance","floor":34},{"not_picked":["Dodge and Roll","Deadly Poison+1","Poisoned Stab+1"],"picked":"PiercingWail+1","floor":34},{"not_picked":["Acrobatics+1","Blade Dance","Dagger Spray+1"],"picked":"Night Terror","floor":34},{"not_picked":["Caltrops","Outmaneuver","Escape Plan","Underhanded Strike+1"],"picked":"SKIP","floor":35},{"not_picked":["Dagger Throw+1","Underhanded Strike+1","Outmaneuver+1"],"picked":"Endless Agony","floor":39},{"not_picked":["Dagger Throw","Backflip+1","Bane+1"],"picked":"Predator","floor":41},{"not_picked":["Calculated Gamble+1","Quick Slash","Reflex+1"],"picked":"Noxious Fumes+1","floor":45},{"not_picked":["Sucker Punch+1","Infinite Blades+1","Dagger Throw"],"picked":"Terror","floor":47},{"not_picked":["Deadly Poison+1","Calculated Gamble+1","Heel Hook"],"picked":"Well Laid Plans+1","floor":48},{"not_picked":["Dagger Throw","Prepared","Slice+1"],"picked":"Poisoned Stab+1","floor":49}],"player_experience":38254,"relics_obtained":[{"floor":6,"key":"Question Card"},{"floor":9,"key":"Anchor"},{"floor":24,"key":"Letter Opener"},{"floor":26,"key":"Bottled Tornado"},{"floor":40,"key":"Whetstone"},{"floor":43,"key":"Dream Catcher"}],"event_choices":[{"damage_healed":0,"gold_gain":0,"player_choice":"Success","damage_taken":7,"relics_obtained":["Regal Pillow"],"max_hp_gain":0,"max_hp_loss":0,"event_name":"Scrap Ooze","floor":5,"gold_loss":0},{"cards_removed":["Strike_G"],"damage_healed":0,"gold_gain":0,"player_choice":"Purged","damage_taken":0,"max_hp_gain":0,"max_hp_loss":0,"event_name":"Purifier","floor":19,"gold_loss":0},{"damage_healed":0,"gold_gain":0,"player_choice":"Inject Mutagens","damage_taken":0,"relics_obtained":["MutagenicStrength"],"max_hp_gain":0,"max_hp_loss":0,"event_name":"Drug Dealer","floor":27,"gold_loss":0},{"damage_healed":0,"gold_gain":0,"player_choice":"CARD CARD ","damage_taken":24,"max_hp_gain":0,"max_hp_loss":0,"event_name":"Knowing Skull","floor":28,"potions_obtained":[],"gold_loss":0,"cards_obtained":["Bandage Up","Finesse"]},{"damage_healed":0,"gold_gain":999,"player_choice":"Gold","damage_taken":0,"max_hp_gain":0,"max_hp_loss":0,"event_name":"MindBloom","floor":36,"gold_loss":0,"cards_obtained":["Normality","Normality"]},{"cards_removed":["Strike_G"],"damage_healed":0,"gold_gain":0,"player_choice":"Purged","damage_taken":0,"max_hp_gain":0,"max_hp_loss":0,"event_name":"Purifier","floor":37,"gold_loss":0},{"damage_healed":0,"gold_gain":0,"player_choice":"Embrace Madness","damage_taken":12,"max_hp_gain":0,"max_hp_loss":0,"event_name":"Winding Halls","floor":44,"gold_loss":0,"cards_obtained":["Madness","Madness"]}],"is_beta":false,"boss_relics":[{"not_picked":["Fusion Hammer","Busted Crown"],"picked":"Sozu"},{"not_picked":["HoveringKite","Runic Dome"],"picked":"Orrery"}],"items_purged_floors":[],"is_endless":false,"potions_floor_spawned":[4,6,11,14,21,29,35,47,48],"killed_by":"Time Eater","ascension_level":0}