{"gold_per_floor":[359,376,25,45,45,45,57,83,106,106,106,106,118,136,136,212,212,224,224,31,46,46,75,75,107,107,122,139,155,171,187,187,258,258,277,50,62,112,112,112,138,138,164,176,195,228,240,240,240,240,240,240,41,74,74],"floor_reached":55,"playtime":4626,"items_purged":["Defend_G"],"score":1471,"play_id":"1a96275a-0dc9-4aa0-8fd5-8e8169d95b07","local_time":"20181210153216","is_ascension_mode":true,"campfire_choices":[{"data":"Neutralize","floor":6,"key":"SMITH"},{"floor":10,"key":"REST"},{"data":"Leg Sweep","floor":15,"key":"SMITH"},{"data":"Well Laid Plans","floor":24,"key":"SMITH"},{"data":"After Image","floor":32,"key":"SMITH"},{"data":"Noxious Fumes","floor":40,"key":"SMITH"},{"data":"Malaise","floor":42,"key":"SMITH"},{"floor":49,"key":"RECALL"},{"data":"Secret Technique","floor":52,"key":"SMITH"}],"neow_cost":"TEN_PERCENT_HP_LOSS","seed_source_timestamp":260908880706418,"circlet_count":0,"master_deck":["AscendersBane","Defend_G","Defend_G","Strike_G+1","Survivor","Neutralize+1","Infinite Blades","Dagger Spray+1","Well Laid Plans+1","Leg Sweep+1","Deadly Poison","Finisher","Infinite Blades","Adrenaline","Expertise+1","Concentrate+1","Distraction+1","Crippling Poison","Escape Plan","Adrenaline","Backflip","Grand Finale","PiercingWail","After Image+1","Backflip","Prepared+1","Noxious Fumes","Discovery","Acrobatics+1","Noxious Fumes+1","Malaise+1","Dagger Throw+1","Noxious Fumes+1","Secret Technique+1","Dark Shackles","Caltrops","Deflect"],"relics":["Ring of the Snake","Bird Faced Urn","Omamori","Whetstone","Astrolabe","Pen Nib","Bag of Preparation","Centennial Puzzle","Vajra","Philosopher\u0027s Stone","Gambling Chip","FaceOfCleric","Ginger","Pocketwatch"],"potions_floor_usage":[8,16,16,23,25,33,50,50,55],"damage_taken":[{"damage":2,"enemies":"2 Louse","floor":1,"turns":4},{"damage":0,"enemies":"Cultist","floor":2,"turns":4},{"damage":10,"enemies":"Jaw Worm","floor":4,"turns":4},{"damage":16,"enemies":"Exordium Thugs","floor":7,"turns":6},{"damage":12,"enemies":"3 Sentries","floor":8,"turns":9},{"damage":0,"enemies":"Red Slaver","floor":13,"turns":4},{"damage":0,"enemies":"Looter","floor":14,"turns":3},{"damage":9,"enemies":"Slime Boss","floor":16,"turns":5},{"damage":0,"enemies":"Chosen","floor":18,"turns":4},{"damage":0,"enemies":"Spheric Guardian","floor":21,"turns":4},{"damage":40,"enemies":"Gremlin Leader","floor":23,"turns":6},{"damage":13,"enemies":"Book of Stabbing","floor":25,"turns":6},{"damage":0,"enemies":"Snake Plant","floor":27,"turns":3},{"damage":0,"enemies":"Centurion and Healer","floor":28,"turns":2},{"damage":1,"enemies":"Shelled Parasite and Fungi","floor":29,"turns":4},{"damage":0,"enemies":"3 Cultists","floor":30,"turns":3},{"damage":0,"enemies":"Sentry and Sphere","floor":31,"turns":5},{"damage":23,"enemies":"Collector","floor":33,"turns":11},{"damage":0,"enemies":"3 Darklings","floor":35,"turns":3},{"damage":6,"enemies":"Orb Walker","floor":37,"turns":4},{"damage":32,"enemies":"2 Orb Walkers","floor":38,"turns":6},{"damage":0,"enemies":"Giant Head","floor":41,"turns":8},{"damage":0,"enemies":"Writhing Mass","floor":44,"turns":8},{"damage":4,"enemies":"Maw","floor":45,"turns":5},{"damage":0,"enemies":"Nemesis","floor":46,"turns":7},{"damage":1,"enemies":"Spire Growth","floor":47,"turns":4},{"damage":47,"enemies":"Time Eater","floor":50,"turns":15},{"damage":11,"enemies":"Shield and Spear","floor":54,"turns":7},{"damage":72,"enemies":"The Heart","floor":55,"turns":10}],"seed_played":"-4085804504183277219","potions_obtained":[{"floor":4,"key":"GhostInAJar"},{"floor":8,"key":"GamblersBrew"},{"floor":13,"key":"SpeedPotion"},{"floor":14,"key":"Strength Potion"},{"floor":16,"key":"Block Potion"},{"floor":18,"key":"PowerPotion"},{"floor":23,"key":"EssenceOfSteel"},{"floor":25,"key":"Swift Potion"},{"floor":30,"key":"Dexterity Potion"},{"floor":38,"key":"SteroidPotion"},{"floor":46,"key":"Dexterity Potion"}],"is_trial":false,"path_per_floor":["M","M","$","M","?","R","M","E","T","R","?","?","M","M","R","B",null,"M","?","$","M","?","E","R","E","T","M","M","M","M","M","R","B",null,"M","$","M","?","?","R","E","R","T","M","M","E","M","?","R","B",null,"R","$","E","B"],"character_chosen":"THE_SILENT","items_purchased":["Well Laid Plans","Bird Faced Urn","Escape Plan","Adrenaline","Noxious Fumes","Discovery","Caltrops","Deflect","FearPotion","FearPotion"],"campfire_rested":1,"item_purchase_floors":[3,3,20,20,36,36,53,53,53,53],"current_hp_per_floor":[57,57,57,51,44,44,32,24,24,42,42,42,46,48,48,45,56,60,60,60,60,60,24,24,17,17,21,27,32,38,46,46,31,53,60,60,54,31,31,31,46,46,46,59,59,64,65,55,55,25,56,56,56,56,0],"gold":74,"neow_bonus":"TWO_FIFTY_GOLD","is_prod":false,"is_daily":false,"chose_seed":false,"campfire_upgraded":7,"win_rate":0,"timestamp":1544473936,"path_taken":["M","M","$","M","?","R","M","E","T","R","?","?","?","M","R","BOSS","M","?","$","M","?","E","R","E","T","M","M","M","?","M","R","BOSS","M","$","M","?","?","R","E","R","T","M","?","E","M","?","R","BOSS","R","$","E","BOSS"],"build_version":"2018-12-06","purchased_purges":1,"victory":false,"max_hp_per_floor":[60,60,60,60,60,60,60,60,60,60,60,60,60,60,60,60,60,60,60,60,60,60,60,60,60,60,60,60,60,60,60,60,60,60,60,60,60,60,60,60,61,61,61,62,63,64,65,65,65,66,66,66,66,67,67],"card_choices":[{"not_picked":["PiercingWail","Slice"],"picked":"Infinite Blades","floor":1},{"not_picked":["Outmaneuver","Sucker Punch"],"picked":"Dagger Spray","floor":2},{"not_picked":["Setup","A Thousand Cuts"],"picked":"Leg Sweep","floor":4},{"not_picked":["Tactician","Calculated Gamble"],"picked":"Deadly Poison","floor":7},{"not_picked":["Dagger Throw","Bane"],"picked":"Finisher","floor":8},{"not_picked":["Tactician","Flechettes","Slice"],"picked":"SKIP","floor":13},{"not_picked":["Calculated Gamble","All Out Attack"],"picked":"Infinite Blades","floor":14},{"not_picked":["Storm of Steel","Die Die Die"],"picked":"Adrenaline","floor":16},{"not_picked":["Dagger Throw","Reflex"],"picked":"Crippling Poison","floor":18},{"not_picked":["Blade Dance","Crippling Poison"],"picked":"Backflip","floor":21},{"not_picked":["Masterful Stab","Bouncing Flask","Poisoned Stab"],"picked":"SKIP","floor":23},{"not_picked":["Accuracy","Deadly Poison"],"picked":"Grand Finale","floor":25},{"not_picked":["Choke","Outmaneuver"],"picked":"PiercingWail","floor":27},{"not_picked":["Masterful Stab","Endless Agony","Bane"],"picked":"SKIP","floor":28},{"not_picked":["Deadly Poison","Backstab"],"picked":"After Image","floor":29},{"not_picked":["Underhanded Strike","Riddle With Holes","Bane"],"picked":"SKIP","floor":30},{"not_picked":["Poisoned Stab","Outmaneuver"],"picked":"Backflip","floor":31},{"not_picked":["Outmaneuver","Dagger Spray"],"picked":"Prepared+1","floor":35},{"not_picked":["Flechettes","Infinite Blades"],"picked":"Acrobatics+1","floor":37},{"not_picked":["Slice","Cloak And Dagger"],"picked":"Noxious Fumes","floor":38},{"not_picked":["Glass Knife","Dagger Throw+1"],"picked":"Malaise","floor":41},{"not_picked":["Expertise","Dagger Spray+1","Bane"],"picked":"SKIP","floor":44},{"not_picked":["Blade Dance+1","Underhanded Strike"],"picked":"Dagger Throw+1","floor":45},{"not_picked":["Riddle With Holes","Flying Knee+1"],"picked":"Noxious Fumes+1","floor":46},{"not_picked":["Endless Agony+1","Sucker Punch","Dodge and Roll"],"picked":"SKIP","floor":47},{"not_picked":["Endless Agony+1","Sucker Punch","Dodge and Roll"],"picked":"SKIP","floor":47},{"not_picked":["Endless Agony+1","Sucker Punch","Dodge and Roll"],"picked":"SKIP","floor":47},{"not_picked":["Dark Shackles","Purity"],"picked":"Secret Technique","floor":48},{"not_picked":["Trip","Forethought"],"picked":"Dark Shackles","floor":48},{"not_picked":["Outmaneuver","Unload","Leg Sweep"],"picked":"SKIP","floor":54}],"player_experience":1250754,"relics_obtained":[{"floor":8,"key":"Omamori"},{"floor":9,"key":"Whetstone"},{"floor":23,"key":"Bag of Preparation"},{"floor":25,"key":"Centennial Puzzle"},{"floor":26,"key":"Vajra"},{"floor":38,"key":"Gambling Chip"},{"floor":46,"key":"Ginger"},{"floor":54,"key":"Pocketwatch"}],"event_choices":[{"cards_removed":["Strike_G"],"damage_healed":0,"gold_gain":0,"player_choice":"Card Removal","damage_taken":7,"max_hp_gain":0,"max_hp_loss":0,"event_name":"Golden Wing","floor":5,"gold_loss":0},{"cards_removed":["Strike_G"],"damage_healed":0,"gold_gain":0,"player_choice":"Forget","damage_taken":0,"max_hp_gain":0,"max_hp_loss":0,"event_name":"Living Wall","floor":11,"gold_loss":0},{"cards_removed":["Strike_G"],"damage_healed":0,"gold_gain":0,"player_choice":"Offered Basic","damage_taken":0,"max_hp_gain":0,"max_hp_loss":0,"event_name":"Bonfire Elementals","floor":12,"gold_loss":0},{"damage_healed":0,"gold_gain":0,"player_choice":"Ignored","damage_taken":0,"max_hp_gain":0,"max_hp_loss":0,"event_name":"Vampires","floor":19,"gold_loss":0},{"damage_healed":0,"gold_gain":0,"player_choice":"Gave Potion","damage_taken":0,"relics_obtained":["Pen Nib"],"max_hp_gain":0,"max_hp_loss":0,"event_name":"WeMeetAgain","floor":22,"gold_loss":0},{"damage_healed":0,"gold_gain":0,"player_choice":"Fight","damage_taken":0,"max_hp_gain":0,"max_hp_loss":0,"event_name":"Mysterious Sphere","floor":38,"gold_loss":0},{"damage_healed":0,"gold_gain":0,"player_choice":"Trade","damage_taken":0,"relics_obtained":["FaceOfCleric"],"max_hp_gain":0,"max_hp_loss":0,"event_name":"FaceTrader","floor":39,"gold_loss":0},{"damage_healed":0,"gold_gain":0,"player_choice":"Memory 3","damage_taken":10,"max_hp_gain":0,"max_hp_loss":0,"event_name":"SensoryStone","floor":48,"gold_loss":0}],"is_beta":false,"boss_relics":[{"not_picked":["Velvet Choker","Empty Cage"],"picked":"Astrolabe"},{"not_picked":["Lizard Tail","Black Star"],"picked":"Philosopher\u0027s Stone"}],"items_purged_floors":[36],"is_endless":false,"potions_floor_spawned":[4,8,13,14,16,18,23,25,30,31,38,44,46],"killed_by":"The Heart","ascension_level":15}