{"gold_per_floor":[112,112,31,44,60,92,92,92,142,67,67,87,105,105],"floor_reached":14,"playtime":472,"items_purged":["Strike_G"],"score":180,"play_id":"d99e82ef-efce-430b-9332-35731dc0afb2","local_time":"20181127125010","is_ascension_mode":true,"campfire_choices":[{"floor":8,"key":"REST"},{"data":"Neutralize","floor":11,"key":"SMITH"}],"neow_cost":"NONE","seed_source_timestamp":172242075347010,"circlet_count":0,"master_deck":["AscendersBane","Defend_G+1","Defend_G","Defend_G","Defend_G","Defend_G+1","Strike_G","Strike_G","Strike_G","Strike_G","Survivor","Neutralize+1","Noxious Fumes","Noxious Fumes","Poisoned Stab","Leg Sweep","Well Laid Plans","All Out Attack"],"relics":["Ring of the Snake","Pen Nib","Lantern"],"potions_floor_usage":[6,6,6,13],"damage_taken":[{"damage":0,"enemies":"Jaw Worm","floor":1,"turns":5},{"damage":0,"enemies":"Cultist","floor":4,"turns":4},{"damage":0,"enemies":"2 Louse","floor":5,"turns":3},{"damage":29,"enemies":"3 Sentries","floor":6,"turns":8},{"damage":0,"enemies":"Blue Slaver","floor":12,"turns":6},{"damage":27,"enemies":"Exordium Thugs","floor":13,"turns":7},{"damage":23,"enemies":"Gremlin Nob","floor":14,"turns":3}],"seed_played":"-6871263073159322285","potions_obtained":[{"floor":2,"key":"EntropicBrew"},{"floor":2,"key":"SkillPotion"},{"floor":5,"key":"Regen Potion"},{"floor":6,"key":"Ancient Potion"}],"is_trial":false,"path_per_floor":["M","?","$","M","M","E","?","R","T","$","R","M","M","E"],"character_chosen":"THE_SILENT","items_purchased":["Noxious Fumes"],"campfire_rested":1,"item_purchase_floors":[3],"current_hp_per_floor":[65,65,65,65,65,49,27,48,48,48,48,48,21,0],"gold":105,"neow_bonus":"TEN_PERCENT_HP_BONUS","is_prod":false,"is_daily":false,"chose_seed":false,"campfire_upgraded":1,"win_rate":0,"timestamp":1543341010,"path_taken":["M","?","?","M","?","E","?","R","T","$","R","M","M","E"],"build_version":"2018-11-15","purchased_purges":1,"victory":false,"max_hp_per_floor":[72,72,72,72,72,72,72,72,72,72,72,72,72,72],"card_choices":[{"not_picked":["Blade Dance","Deadly Poison"],"picked":"Noxious Fumes","floor":1},{"not_picked":["Deadly Poison","Flying Knee"],"picked":"Poisoned Stab","floor":4},{"not_picked":["Backflip","Dodge and Roll"],"picked":"Leg Sweep","floor":5},{"not_picked":["Dodge and Roll","Distraction"],"picked":"Well Laid Plans","floor":6},{"not_picked":["Reflex","Acrobatics","Bane"],"picked":"SKIP","floor":12},{"not_picked":["Backflip","Dagger Spray"],"picked":"All Out Attack","floor":13}],"player_experience":1166800,"relics_obtained":[{"floor":6,"key":"Pen Nib"},{"floor":9,"key":"Lantern"}],"event_choices":[{"damage_healed":0,"gold_gain":0,"player_choice":"Got Potions","damage_taken":0,"max_hp_gain":0,"max_hp_loss":0,"event_name":"Lab","floor":2,"gold_loss":0},{"damage_healed":0,"gold_gain":0,"player_choice":"Entered Light","damage_taken":22,"max_hp_gain":0,"max_hp_loss":0,"event_name":"Shining Light","floor":7,"gold_loss":0,"cards_upgraded":["Defend_G","Defend_G"]}],"is_beta":false,"boss_relics":[],"items_purged_floors":[10],"is_endless":false,"potions_floor_spawned":[5,6],"killed_by":"Gremlin Nob","ascension_level":20}