{"gold_per_floor":[119,135,149,168,188,188,220,220,289,289,305,633,65,65,65,141,141,151,168,93,8,24,24,36,0,0,0,15,15,28,28,28,28],"floor_reached":33,"playtime":1680,"items_purged":["Strike_B"],"score":440,"play_id":"6ecee4c7-4bfd-4673-b88d-7dc7a4ff3456","local_time":"20190615082512","is_ascension_mode":true,"campfire_choices":[{"floor":6,"key":"REST"},{"floor":8,"key":"REST"},{"floor":10,"key":"REST"},{"data":"Zap","floor":15,"key":"SMITH"},{"data":"Coolheaded","floor":23,"key":"SMITH"},{"data":"Loop","floor":27,"key":"SMITH"},{"floor":32,"key":"REST"}],"neow_cost":"TEN_PERCENT_HP_LOSS","seed_source_timestamp":165018107842200,"circlet_count":0,"master_deck":["AscendersBane","Defend_B","Defend_B","Defend_B","Defend_B","Zap+1","Dualcast","Self Repair","Sweeping Beam","Cold Snap","FTL","Hologram","Cold Snap","Leap","Capacitor","Coolheaded+1","Reboot","Hologram+1","Loop+1"],"relics":["Cracked Core","Gremlin Horn","Matryoshka","Old Coin","Sundial","Bronze Scales","Regal Pillow","Singing Bowl","Busted Crown","Dodecahedron","Smiling Mask"],"potions_floor_usage":[4,5,12,18,28,33,33],"damage_taken":[{"damage":6,"enemies":"Cultist","floor":1,"turns":4},{"damage":3,"enemies":"Jaw Worm","floor":2,"turns":4},{"damage":5,"enemies":"Small Slimes","floor":3,"turns":3},{"damage":17,"enemies":"Exordium Wildlife","floor":4,"turns":8},{"damage":53,"enemies":"Exordium Thugs","floor":5,"turns":5},{"damage":34,"enemies":"3 Sentries","floor":7,"turns":8},{"damage":15,"enemies":"2 Fungi Beasts","floor":11,"turns":3},{"damage":21,"enemies":"Lagavulin","floor":12,"turns":6},{"damage":18,"enemies":"Hexaghost","floor":16,"turns":12},{"damage":9,"enemies":"2 Thieves","floor":18,"turns":4},{"damage":1,"enemies":"Shell Parasite","floor":19,"turns":5},{"damage":8,"enemies":"3 Cultists","floor":22,"turns":4},{"damage":11,"enemies":"Shelled Parasite and Fungi","floor":24,"turns":5},{"damage":10,"enemies":"Chosen and Byrds","floor":28,"turns":6},{"damage":26,"enemies":"Snake Plant","floor":30,"turns":5},{"damage":90,"enemies":"Automaton","floor":33,"turns":12}],"seed_played":"-6619422355632109853","potions_obtained":[{"floor":1,"key":"Regen Potion"},{"floor":3,"key":"EssenceOfSteel"},{"floor":11,"key":"Fire Potion"},{"floor":12,"key":"Energy Potion"},{"floor":24,"key":"LiquidBronze"},{"floor":28,"key":"Explosive Potion"},{"floor":30,"key":"SteroidPotion"}],"is_trial":false,"path_per_floor":["M","M","M","M","M","R","E","R","T","R","M","E","$","T","R","B",null,"M","M","?","?","M","R","M","$","T","R","M","$","M","$","R","B"],"character_chosen":"DEFECT","items_purchased":["Capacitor","Coolheaded","Sundial","Bronze Scales","Loop"],"campfire_rested":4,"item_purchase_floors":[13,13,13,13,25],"current_hp_per_floor":[58,62,64,54,22,41,14,33,33,52,44,30,30,30,30,19,53,51,59,59,59,60,60,58,58,58,58,57,57,40,40,74,0],"gold":28,"neow_bonus":"REMOVE_TWO","is_prod":false,"is_daily":false,"chose_seed":false,"campfire_upgraded":3,"win_rate":0,"timestamp":1560601512,"path_taken":["M","M","M","M","M","R","E","R","T","R","M","E","$","?","R","BOSS","M","M","?","?","M","R","M","?","T","R","M","$","M","$","R","BOSS"],"build_version":"2019-01-23","purchased_purges":1,"victory":false,"max_hp_per_floor":[64,64,64,64,64,64,64,64,64,64,64,64,64,64,64,64,64,64,66,66,66,68,68,70,70,70,70,72,72,74,74,74,74],"card_choices":[{"not_picked":["Lockon","Streamline"],"picked":"Self Repair","floor":1},{"not_picked":["Aggregate","Redo","Barrage"],"picked":"SKIP","floor":2},{"not_picked":["Force Field","Compile Driver"],"picked":"Sweeping Beam","floor":3},{"not_picked":["Conserve Battery","Ball Lightning"],"picked":"Cold Snap","floor":4},{"not_picked":["Rebound","Tempest"],"picked":"FTL","floor":5},{"not_picked":["Beam Cell","Hyperbeam"],"picked":"Hologram","floor":7},{"not_picked":["Double Energy","Streamline"],"picked":"Cold Snap","floor":11},{"not_picked":["Auto Shields","Redo"],"picked":"Leap","floor":12},{"not_picked":["Thunder Strike","Hyperbeam"],"picked":"Reboot","floor":16},{"not_picked":[],"picked":"Hologram+1","floor":18},{"not_picked":["Reprogram"],"picked":"Singing Bowl","floor":19},{"not_picked":["Tempest"],"picked":"Singing Bowl","floor":22},{"not_picked":["Scrape"],"picked":"Singing Bowl","floor":24},{"not_picked":["Streamline"],"picked":"Singing Bowl","floor":28},{"not_picked":["Hologram"],"picked":"Singing Bowl","floor":30}],"player_experience":426439,"relics_obtained":[{"floor":7,"key":"Gremlin Horn"},{"floor":9,"key":"Matryoshka"},{"floor":12,"key":"Old Coin"},{"floor":14,"key":"Regal Pillow"},{"floor":14,"key":"Singing Bowl"},{"floor":26,"key":"Smiling Mask"}],"event_choices":[{"cards_removed":["Strike_B"],"damage_healed":0,"gold_gain":0,"player_choice":"Gave Gold","damage_taken":0,"max_hp_gain":0,"max_hp_loss":0,"event_name":"Beggar","floor":20,"gold_loss":75},{"damage_healed":0,"gold_gain":0,"player_choice":"Obtained Relic","damage_taken":0,"relics_obtained":["Dodecahedron"],"max_hp_gain":0,"max_hp_loss":0,"event_name":"Addict","floor":21,"gold_loss":85}],"is_beta":false,"boss_relics":[{"not_picked":["Pandora\u0027s Box","Fusion Hammer"],"picked":"Busted Crown"}],"items_purged_floors":[13],"is_endless":false,"potions_floor_spawned":[1,3,11,12,24,28,30],"killed_by":"Automaton","ascension_level":14}