{"gold_per_floor":[110,60,80,80,95,120,130,29,29,56,79,155,180,193,193,288,288,298,310,34,51,51,51,85,85,108,135,151,151,76,7,7,7],"floor_reached":33,"playtime":1662,"items_purged":["Pain"],"score":467,"play_id":"820bff05-2521-494c-9f3a-cbc28ed5dbe4","local_time":"20190718234755","is_ascension_mode":true,"campfire_choices":[{"floor":15,"key":"REST"},{"data":"Perfected Strike","floor":23,"key":"SMITH"},{"floor":25,"key":"REST"},{"data":"Flame Barrier","floor":32,"key":"SMITH"}],"neow_cost":"TEN_PERCENT_HP_LOSS","seed_source_timestamp":452721726696744,"circlet_count":0,"master_deck":["Strike_R","Strike_R+1","Strike_R+1","Strike_R","Strike_R","Bash","Flex","Shrug It Off","Cleave","Anger","Carnage","Clash","Pommel Strike","Anger","Reaper","Inflame+1","Battle Trance","Rage","Perfected Strike+1","Headbutt","Impervious","Ghostly","Ghostly","Ghostly","Ghostly","Ghostly","Flame Barrier+1"],"relics":["Burning Blood","WarpedTongs","Oddly Smooth Stone","Whetstone","Orichalcum","Bag of Marbles","Sundial","White Beast Statue","HandDrill","Anchor","Omamori","Blood Vial"],"potions_floor_usage":[6,7,19,21,24,27,28,33,33],"damage_taken":[{"damage":10,"enemies":"Small Slimes","floor":1,"turns":3},{"damage":12,"enemies":"Jaw Worm","floor":3,"turns":2},{"damage":3,"enemies":"Cultist","floor":5,"turns":3},{"damage":44,"enemies":"3 Sentries","floor":6,"turns":6},{"damage":16,"enemies":"Red Slaver","floor":7,"turns":2},{"damage":0,"enemies":"Gremlin Nob","floor":13,"turns":1},{"damage":0,"enemies":"Exordium Thugs","floor":14,"turns":2},{"damage":0,"enemies":"Slime Boss","floor":16,"turns":6},{"damage":18,"enemies":"Shell Parasite","floor":18,"turns":3},{"damage":1,"enemies":"2 Thieves","floor":19,"turns":2},{"damage":16,"enemies":"Sentry and Sphere","floor":21,"turns":4},{"damage":32,"enemies":"Book of Stabbing","floor":24,"turns":4},{"damage":29,"enemies":"Gremlin Leader","floor":27,"turns":4},{"damage":10,"enemies":"Snecko","floor":28,"turns":4},{"damage":41,"enemies":"Automaton","floor":33,"turns":8}],"seed_played":"-2639159751045390426","potions_obtained":[{"floor":1,"key":"Regen Potion"},{"floor":5,"key":"Dexterity Potion"},{"floor":6,"key":"Regen Potion"},{"floor":18,"key":"SkillPotion"},{"floor":19,"key":"AttackPotion"},{"floor":21,"key":"LiquidBronze"},{"floor":24,"key":"Energy Potion"},{"floor":27,"key":"GamblersBrew"},{"floor":28,"key":"SkillPotion"}],"is_trial":false,"path_per_floor":["M","?","M","?","M","E","M","$","T","T","T","?","E","M","R","B",null,"M","M","$","M","?","R","E","R","T","E","M","?","?","$","R","B"],"character_chosen":"IRONCLAD","items_purchased":["Clash","Rage","HandDrill","Flame Barrier"],"campfire_rested":2,"item_purchase_floors":[8,20,20,31],"current_hp_per_floor":[68,68,62,62,65,41,36,36,36,36,36,36,42,48,69,72,72,60,65,65,55,55,55,29,50,50,43,41,36,36,36,36,0],"gold":7,"neow_bonus":"REMOVE_TWO","is_prod":false,"is_daily":false,"chose_seed":false,"campfire_upgraded":2,"win_rate":0,"timestamp":1563486475,"path_taken":["M","?","M","?","?","E","M","?","T","?","?","?","E","M","R","BOSS","M","M","$","M","?","R","E","R","T","E","M","?","?","$","R","BOSS"],"build_version":"2019-07-17","purchased_purges":1,"victory":false,"max_hp_per_floor":[72,72,72,72,72,72,72,72,72,72,72,72,72,72,72,72,72,72,72,72,72,72,72,72,72,72,72,72,36,36,36,36,36],"card_choices":[{"not_picked":["Combust","Warcry"],"picked":"Flex","floor":1},{"not_picked":["Shockwave","Wild Strike"],"picked":"Shrug It Off","floor":3},{"not_picked":["Armaments","Evolve"],"picked":"Cleave","floor":5},{"not_picked":["Brutality","Iron Wave"],"picked":"Anger","floor":6},{"not_picked":["Seeing Red","Dual Wield"],"picked":"Carnage","floor":7},{"not_picked":["Shrug It Off","Body Slam"],"picked":"Pommel Strike","floor":13},{"not_picked":["Corruption","Body Slam"],"picked":"Anger","floor":14},{"not_picked":["Limit Break","Double Tap"],"picked":"Reaper","floor":16},{"not_picked":["Dropkick","Sword Boomerang"],"picked":"Inflame+1","floor":18},{"not_picked":["Iron Wave","Combust"],"picked":"Battle Trance","floor":19},{"not_picked":["Searing Blow","Reckless Charge","Entrench"],"picked":"SKIP","floor":21},{"not_picked":["Cleave","True Grit+1"],"picked":"Headbutt","floor":24},{"not_picked":["True Grit","Havoc","Sword Boomerang"],"picked":"SKIP","floor":27},{"not_picked":["Havoc+1","Anger"],"picked":"Impervious","floor":28}],"player_experience":217879,"relics_obtained":[{"floor":6,"key":"Oddly Smooth Stone"},{"floor":9,"key":"Whetstone"},{"floor":10,"key":"Orichalcum"},{"floor":11,"key":"Bag of Marbles"},{"floor":13,"key":"Sundial"},{"floor":24,"key":"Anchor"},{"floor":26,"key":"Omamori"},{"floor":27,"key":"Blood Vial"}],"event_choices":[{"cards_removed":["Defend_R"],"damage_healed":0,"gold_gain":0,"player_choice":"Card Removal","damage_taken":0,"max_hp_gain":0,"max_hp_loss":0,"event_name":"The Cleric","floor":2,"gold_loss":50},{"damage_healed":0,"gold_gain":0,"player_choice":"Rummage","damage_taken":0,"relics_obtained":["WarpedTongs"],"max_hp_gain":0,"max_hp_loss":0,"event_name":"Accursed Blacksmith","floor":4,"gold_loss":0,"cards_obtained":["Pain"]},{"damage_healed":0,"gold_gain":76,"player_choice":"Gained Gold","damage_taken":0,"max_hp_gain":0,"max_hp_loss":0,"event_name":"Golden Wing","floor":12,"gold_loss":0},{"damage_healed":0,"gold_gain":0,"player_choice":"Read","damage_taken":0,"max_hp_gain":0,"max_hp_loss":0,"event_name":"The Library","floor":22,"gold_loss":0,"cards_obtained":["Perfected Strike"]},{"damage_healed":0,"gold_gain":0,"player_choice":"Became a Ghost","damage_taken":0,"max_hp_gain":0,"max_hp_loss":36,"event_name":"Ghosts","floor":29,"gold_loss":0,"cards_obtained":["Ghostly","Ghostly","Ghostly","Ghostly","Ghostly"]},{"cards_removed":["Defend_R"],"damage_healed":0,"gold_gain":0,"player_choice":"Gave Gold","damage_taken":0,"max_hp_gain":0,"max_hp_loss":0,"event_name":"Beggar","floor":30,"gold_loss":75}],"is_beta":false,"boss_relics":[{"not_picked":["Lizard Tail","Pandora\u0027s Box"],"picked":"White Beast Statue"}],"items_purged_floors":[8],"is_endless":false,"potions_floor_spawned":[1,5,6,18,19,21,24,27,28],"killed_by":"Automaton","ascension_level":4}