{"gold_per_floor":[114,189,189,208,223,223,298,317,344,344,362,378,378,378],"floor_reached":14,"playtime":667,"items_purged":[],"score":84,"play_id":"379ed66d-e241-49d9-a5cf-279675b9fa1e","local_time":"20180625181326","is_ascension_mode":false,"campfire_choices":[{"data":"Hologram","floor":6,"key":"SMITH"}],"neow_cost":"NONE","seed_source_timestamp":665495601225605,"circlet_count":0,"master_deck":["Strike_B","Strike_B+1","Strike_B+1","Defend_B","Defend_B","Defend_B","Defend_B","Zap","Dualcast","Coolheaded","Hologram+1","Fusion","Storm","Ball Lightning","Defragment","Conserve Battery"],"relics":["Cracked Core","NeowsBlessing","Golden Idol","Whetstone","Boot"],"potions_floor_usage":[7,7,13],"damage_taken":[{"damage":0,"enemies":"Small Slimes","floor":1,"turns":1},{"damage":0,"enemies":"2 Louse","floor":4,"turns":1},{"damage":0,"enemies":"Jaw Worm","floor":5,"turns":1},{"damage":30,"enemies":"Lagavulin Event","floor":7,"turns":9},{"damage":8,"enemies":"3 Louse","floor":8,"turns":5},{"damage":0,"enemies":"2 Fungi Beasts","floor":11,"turns":2},{"damage":2,"enemies":"Blue Slaver","floor":12,"turns":3},{"damage":0,"enemies":"Lots of Slimes","floor":13,"turns":1},{"damage":7,"enemies":"2 Fungi Beasts","floor":14,"turns":2}],"seed_played":"4363148034014880320","potions_obtained":[{"floor":4,"key":"LiquidBronze"},{"floor":5,"key":"Ancient Potion"},{"floor":12,"key":"SmokeBomb"}],"is_trial":false,"path_per_floor":["M","?","?","M","M","R","?","M","T","?","M","M","M"],"character_chosen":"DEFECT","items_purchased":[],"campfire_rested":0,"item_purchase_floors":[],"current_hp_per_floor":[75,64,46,46,46,46,16,8,8,8,8,6,6,0],"gold":378,"neow_bonus":"THREE_ENEMY_KILL","is_prod":false,"is_daily":false,"chose_seed":false,"campfire_upgraded":1,"win_rate":0,"timestamp":1529964806,"path_taken":["M","?","?","M","M","R","?","?","T","?","M","?","M","M"],"build_version":"2018-06-21v2","purchased_purges":0,"victory":false,"max_hp_per_floor":[75,75,75,75,75,75,75,75,75,75,75,75,75,75],"card_choices":[{"not_picked":["Leap","Melter"],"picked":"Coolheaded","floor":1},{"not_picked":["Tempest","Conserve Battery"],"picked":"Hologram","floor":4},{"not_picked":["Skim","Barrage"],"picked":"Fusion","floor":5},{"not_picked":["Streamline","Stack"],"picked":"Storm","floor":7},{"not_picked":["Streamline","Gash"],"picked":"Ball Lightning","floor":8},{"not_picked":["Redo","Amplify"],"picked":"Defragment","floor":11},{"not_picked":["Rip and Tear","Compile Driver"],"picked":"Conserve Battery","floor":12}],"player_experience":63012,"relics_obtained":[{"floor":7,"key":"Whetstone"},{"floor":9,"key":"Boot"}],"event_choices":[{"event_name":"World of Goop","player_choice":"Gather Gold","floor":2,"damage_taken":0},{"event_name":"Golden Idol","player_choice":"Take Damage","floor":3,"damage_taken":0},{"event_name":"Dead Adventurer","player_choice":"Searched \u00272\u0027 times","floor":7,"damage_taken":0},{"event_name":"Living Wall","player_choice":"Forget","floor":10,"damage_taken":0}],"boss_relics":[],"items_purged_floors":[],"is_endless":false,"potions_floor_spawned":[4,5,12,13],"killed_by":"2 Fungi Beasts","ascension_level":0}