{"gold_per_floor":[116,41,58,58,70,70,44,44,44,74,90,100,61,87,87,159,159,176,176,189,11,22,80,80,35,35,54,79,79,104,124,124,198,198,213,223,59,59],"floor_reached":38,"playtime":2155,"items_purged":["Strike_R"],"score":893,"play_id":"6f7edeae-0813-48bc-8cec-dfe0146f3227","local_time":"20181127182107","is_ascension_mode":true,"campfire_choices":[{"data":"Exhume","floor":6,"key":"SMITH"},{"data":"True Grit","floor":8,"key":"SMITH"},{"data":"Bash","floor":15,"key":"SMITH"},{"floor":24,"key":"REST"},{"floor":29,"key":"RECALL"},{"floor":32,"key":"REST"}],"neow_cost":"NONE","seed_source_timestamp":190423202078554,"circlet_count":0,"master_deck":["AscendersBane","Strike_R","Strike_R","Strike_R","Defend_R","Defend_R","Defend_R","Defend_R","Bash+1","Exhume+1","Clothesline","Feel No Pain","Spot Weakness","Feel No Pain","True Grit+1","Warcry","Corruption","Feed","Evolve","Armaments","Body Slam","Warcry+1","Spot Weakness","Disarm","Uppercut+1","Armaments+1","Shrug It Off","Feel No Pain","Offering","Wild Strike+1"],"relics":["Black Blood","Mummified Hand","Bronze Scales","Orichalcum","Fusion Hammer","Tiny Chest","Kunai","Pantograph","Boot","Happy Flower"],"potions_floor_usage":[3,23,23,30,31,38],"damage_taken":[{"damage":6,"enemies":"Cultist","floor":1,"turns":4},{"damage":4,"enemies":"2 Louse","floor":3,"turns":4},{"damage":11,"enemies":"Jaw Worm","floor":5,"turns":4},{"damage":20,"enemies":"3 Sentries","floor":10,"turns":16},{"damage":1,"enemies":"2 Fungi Beasts","floor":11,"turns":5},{"damage":9,"enemies":"Lots of Slimes","floor":12,"turns":5},{"damage":34,"enemies":"Slime Boss","floor":16,"turns":17},{"damage":0,"enemies":"3 Byrds","floor":18,"turns":3},{"damage":22,"enemies":"Spheric Guardian","floor":20,"turns":6},{"damage":30,"enemies":"Centurion and Healer","floor":22,"turns":10},{"damage":72,"enemies":"Slavers","floor":23,"turns":6},{"damage":3,"enemies":"3 Cultists","floor":27,"turns":6},{"damage":13,"enemies":"Book of Stabbing","floor":28,"turns":5},{"damage":41,"enemies":"Gremlin Leader","floor":30,"turns":6},{"damage":15,"enemies":"Cultist and Chosen","floor":31,"turns":8},{"damage":34,"enemies":"Automaton","floor":33,"turns":12},{"damage":6,"enemies":"3 Shapes","floor":35,"turns":9},{"damage":36,"enemies":"Orb Walker","floor":36,"turns":7},{"damage":86,"enemies":"2 Orb Walkers","floor":38,"turns":4}],"seed_played":"-93300067882812950","potions_obtained":[{"floor":1,"key":"FearPotion"},{"floor":3,"key":"Regen Potion"},{"floor":20,"key":"Regen Potion"},{"floor":27,"key":"AttackPotion"},{"floor":30,"key":"AttackPotion"},{"floor":31,"key":"Regen Potion"}],"is_trial":false,"path_per_floor":["M","$","M","?","M","R","$","R","T","E","M","M","$","T","R","B",null,"M","?","M","$","M","E","R","$","T","M","E","R","E","M","R","B",null,"M","M","$","?"],"character_chosen":"IRONCLAD","items_purchased":["Feel No Pain","True Grit","Corruption","Armaments","Body Slam","Disarm","Happy Flower"],"campfire_rested":2,"item_purchase_floors":[2,7,13,21,21,25,37],"current_hp_per_floor":[68,68,70,63,58,58,58,58,58,44,49,46,46,46,46,18,61,67,75,62,62,44,23,48,48,48,54,51,51,16,11,39,36,80,90,64,64,0],"gold":59,"neow_bonus":"ONE_RANDOM_RARE_CARD","is_prod":false,"is_daily":false,"chose_seed":false,"campfire_upgraded":3,"win_rate":0,"timestamp":1543360867,"path_taken":["M","?","M","?","M","R","$","R","T","E","M","M","$","?","R","BOSS","M","?","M","$","M","E","R","$","T","?","E","R","E","M","R","BOSS","M","M","$","?"],"build_version":"2018-11-15","purchased_purges":1,"victory":false,"max_hp_per_floor":[75,75,75,75,75,75,75,75,75,75,75,75,75,75,75,75,75,75,75,78,78,84,84,84,84,84,87,91,91,91,95,95,95,95,101,101,101,101],"card_choices":[{"not_picked":["Reckless Charge","Perfected Strike"],"picked":"Clothesline","floor":1},{"not_picked":["Clash","Intimidate"],"picked":"Spot Weakness","floor":3},{"not_picked":["Infernal Blade","Flex"],"picked":"Feel No Pain","floor":5},{"not_picked":["Perfected Strike","Uppercut"],"picked":"Warcry","floor":10},{"not_picked":["Heavy Blade","Flex","Clash"],"picked":"SKIP","floor":11},{"not_picked":["Flame Barrier","Fire Breathing"],"picked":"Entrench","floor":12},{"not_picked":["Limit Break","Demon Form"],"picked":"Feed","floor":16},{"not_picked":["Wild Strike","Metallicize"],"picked":"Evolve","floor":18},{"not_picked":["Iron Wave","Wild Strike","Blood for Blood"],"picked":"SKIP","floor":20},{"not_picked":["Havoc","Perfected Strike"],"picked":"Warcry+1","floor":22},{"not_picked":["Iron Wave","Bloodletting"],"picked":"Spot Weakness","floor":23},{"not_picked":["Headbutt","Carnage"],"picked":"Uppercut+1","floor":27},{"not_picked":["Body Slam+1","Rampage"],"picked":"Armaments+1","floor":28},{"not_picked":["Havoc","Rampage"],"picked":"Shrug It Off","floor":30},{"not_picked":["Flame Barrier","Searing Blow"],"picked":"Feel No Pain","floor":31},{"not_picked":["Exhume","Feed"],"picked":"Offering","floor":33},{"not_picked":["Clothesline+1","Armaments","Sword Boomerang"],"picked":"SKIP","floor":35},{"not_picked":["Thunderclap","Seeing Red"],"picked":"Wild Strike+1","floor":36}],"player_experience":1173257,"relics_obtained":[{"floor":9,"key":"Mummified Hand"},{"floor":10,"key":"Bronze Scales"},{"floor":14,"key":"Orichalcum"},{"floor":23,"key":"Tiny Chest"},{"floor":26,"key":"Kunai"},{"floor":28,"key":"Pantograph"},{"floor":30,"key":"Boot"}],"event_choices":[{"cards_removed":["Strike_R"],"damage_healed":0,"gold_gain":0,"player_choice":"Card Removal","damage_taken":7,"max_hp_gain":0,"max_hp_loss":0,"event_name":"Golden Wing","floor":4,"gold_loss":0},{"cards_removed":["Entrench"],"damage_healed":8,"gold_gain":0,"player_choice":"Offered Uncommon","damage_taken":0,"max_hp_gain":0,"max_hp_loss":0,"event_name":"Bonfire Elementals","floor":19,"gold_loss":0},{"damage_healed":0,"gold_gain":0,"player_choice":"Fight","damage_taken":0,"max_hp_gain":0,"max_hp_loss":0,"event_name":"Mysterious Sphere","floor":38,"gold_loss":0}],"is_beta":false,"boss_relics":[{"not_picked":["Eternal Feather","Sozu"],"picked":"Fusion Hammer"},{"not_picked":["Orrery","Runic Dome"],"picked":"Black Blood"}],"items_purged_floors":[21],"is_endless":false,"potions_floor_spawned":[1,3,20,22,27,30,31],"killed_by":"2 Orb Walkers","ascension_level":20}