{"gold_per_floor":[111,126,137,62,62,94,94,128,128,28,44,69,69,101,101,201,201,213,232,243,84,84,110,121,136,136,136,148,178,197,223,223,323,323,335,335,58,103,325,325,325,344,371,371,390,405,433,41,41,41],"floor_reached":50,"playtime":4765,"items_purged":["Strike_R","Defend_R","Strike_R","Strike_R"],"score":617,"play_id":"9dbb207a-56ff-4702-a65e-d77ff995d119","local_time":"20190616215406","is_ascension_mode":true,"campfire_choices":[{"floor":7,"key":"REST"},{"data":"Deep Breath","floor":13,"key":"SMITH"},{"floor":15,"key":"REST"},{"data":"Fire Breathing","floor":32,"key":"SMITH"},{"data":"Armaments","floor":40,"key":"SMITH"},{"data":"Demon Form","floor":44,"key":"SMITH"},{"data":"Mayhem","floor":49,"key":"SMITH"}],"neow_cost":"NONE","seed_source_timestamp":332273505629932,"circlet_count":0,"master_deck":["Strike_R","Defend_R","Defend_R","Defend_R","Bash","Thunderclap","Flame Barrier","Spot Weakness","Deep Breath+1","Inflame","Anger","Rage","Reaper","Carnage+1","Fire Breathing+1","Combust","Rage","Anger+1","Seeing Red","Ghostly","Ghostly","Ghostly","Ghostly","Ghostly","Anger+1","Demon Form+1","Mayhem+1","Apotheosis","Armaments+1","Thunderclap+1","Anger+1","Inflame"],"relics":["Black Blood","Strawberry","Pocketwatch","Letter Opener","Potion Belt","Happy Flower","Kunai","Gremlin Horn","Nunchaku","Red Mask","Mark of Pain","Self Forming Clay","Torii","Mercury Hourglass","Ancient Tea Set","Smiling Mask","Mummified Hand"],"potions_floor_usage":[6,6,14,16,19,23,33,33,33,50,50],"damage_taken":[{"damage":5,"enemies":"Cultist","floor":1,"turns":4},{"damage":4,"enemies":"Small Slimes","floor":2,"turns":4},{"damage":0,"enemies":"2 Louse","floor":3,"turns":2},{"damage":45,"enemies":"Gremlin Nob","floor":6,"turns":5},{"damage":31,"enemies":"Lagavulin","floor":8,"turns":8},{"damage":7,"enemies":"Blue Slaver","floor":11,"turns":3},{"damage":14,"enemies":"Gremlin Nob","floor":12,"turns":4},{"damage":17,"enemies":"3 Sentries","floor":14,"turns":5},{"damage":22,"enemies":"Slime Boss","floor":16,"turns":8},{"damage":6,"enemies":"Chosen","floor":18,"turns":4},{"damage":16,"enemies":"Spheric Guardian","floor":19,"turns":4},{"damage":29,"enemies":"Snake Plant","floor":20,"turns":4},{"damage":36,"enemies":"Slavers","floor":23,"turns":4},{"damage":24,"enemies":"Sentry and Sphere","floor":24,"turns":4},{"damage":16,"enemies":"3 Cultists","floor":25,"turns":4},{"damage":10,"enemies":"Centurion and Healer","floor":28,"turns":5},{"damage":7,"enemies":"Gremlin Leader","floor":29,"turns":4},{"damage":22,"enemies":"Snake Plant","floor":30,"turns":5},{"damage":1,"enemies":"Masked Bandits","floor":31,"turns":3},{"damage":25,"enemies":"Collector","floor":33,"turns":9},{"damage":1,"enemies":"Orb Walker","floor":35,"turns":4},{"damage":18,"enemies":"2 Orb Walkers","floor":38,"turns":4},{"damage":1,"enemies":"3 Shapes","floor":42,"turns":3},{"damage":22,"enemies":"Sphere and 2 Shapes","floor":45,"turns":5},{"damage":5,"enemies":"Transient","floor":46,"turns":5},{"damage":9,"enemies":"Nemesis","floor":47,"turns":7},{"damage":66,"enemies":"Awakened One","floor":50,"turns":8}],"seed_played":"-8298812057552330335","potions_obtained":[{"floor":1,"key":"Energy Potion"},{"floor":3,"key":"Explosive Potion"},{"floor":12,"key":"Ancient Potion"},{"floor":14,"key":"Poison Potion"},{"floor":18,"key":"Energy Potion"},{"floor":20,"key":"Explosive Potion"},{"floor":25,"key":"Block Potion"},{"floor":29,"key":"Explosive Potion"},{"floor":30,"key":"Weak Potion"},{"floor":45,"key":"FearPotion"},{"floor":46,"key":"Strength Potion"}],"is_trial":false,"path_per_floor":["M","M","M","$","?","E","R","E","T","$","M","E","R","E","R","B",null,"M","M","M","$","?","E","M","M","T","?","M","E","M","?","R","B",null,"M","?","$","?","?","R","T","M","T","R","M","M","E","$","R","B"],"character_chosen":"IRONCLAD","items_purchased":["Combust","Self Forming Clay","Armaments","Mummified Hand","Inflame"],"campfire_rested":2,"item_purchase_floors":[21,37,37,48,48],"current_hp_per_floor":[80,80,80,80,80,48,74,49,49,49,48,40,40,29,55,39,87,87,81,68,68,51,37,29,32,32,32,40,46,41,46,46,32,46,46,41,41,33,33,33,33,42,42,42,30,42,44,44,44,0],"gold":41,"neow_bonus":"TRANSFORM_CARD","is_prod":false,"is_daily":false,"chose_seed":false,"campfire_upgraded":5,"win_rate":0,"timestamp":1560714846,"path_taken":["M","?","M","$","?","E","R","E","T","$","M","E","R","E","R","BOSS","M","?","M","$","?","E","M","M","T","?","M","E","M","?","R","BOSS","M","?","$","?","?","R","?","M","T","R","M","M","E","$","R","BOSS"],"build_version":"2019-01-23","purchased_purges":4,"victory":false,"max_hp_per_floor":[80,80,80,80,80,87,87,87,87,87,87,87,87,87,87,87,87,87,87,87,87,92,92,92,92,92,46,46,46,46,46,46,46,46,46,46,46,46,46,46,46,46,46,46,46,46,46,46,46,46],"card_choices":[{"not_picked":["Hemokinesis","Clothesline"],"picked":"Flame Barrier","floor":1},{"not_picked":["Havoc","Bloodletting","Clothesline"],"picked":"SKIP","floor":2},{"not_picked":["Heavy Blade","Iron Wave"],"picked":"Spot Weakness","floor":3},{"not_picked":["Clothesline","Whirlwind"],"picked":"Inflame","floor":6},{"not_picked":["Dark Embrace","Power Through"],"picked":"Anger","floor":8},{"not_picked":["Perfected Strike","Pummel","Flex"],"picked":"SKIP","floor":11},{"not_picked":["Perfected Strike","Power Through","Havoc"],"picked":"SKIP","floor":12},{"not_picked":["Shrug It Off","Armaments"],"picked":"Rage","floor":14},{"not_picked":["Bludgeon","Berserk"],"picked":"Reaper","floor":16},{"not_picked":["Blood for Blood","True Grit"],"picked":"Carnage+1","floor":18},{"not_picked":["Iron Wave","Headbutt","Feel No Pain"],"picked":"SKIP","floor":19},{"not_picked":["Heavy Blade+1","Searing Blow"],"picked":"Fire Breathing","floor":20},{"not_picked":["Flex","Thunderclap"],"picked":"Rage","floor":23},{"not_picked":["Perfected Strike","Headbutt"],"picked":"Anger+1","floor":24},{"not_picked":["Corruption","Brutality"],"picked":"Seeing Red","floor":25},{"not_picked":["Iron Wave","Rage","Entrench"],"picked":"SKIP","floor":28},{"not_picked":["True Grit","Flame Barrier","Perfected Strike"],"picked":"SKIP","floor":29},{"not_picked":["Whirlwind","Armaments","Shrug It Off"],"picked":"SKIP","floor":30},{"not_picked":["Shrug It Off+1","Cleave"],"picked":"Anger+1","floor":31},{"not_picked":["Berserk","Fiend Fire"],"picked":"Demon Form","floor":33},{"not_picked":["Inflame+1","Pummel","Metallicize"],"picked":"SKIP","floor":35},{"not_picked":["Thinking Ahead","Good Instincts"],"picked":"Mayhem","floor":36},{"not_picked":["Secret Weapon","Flash of Steel"],"picked":"Apotheosis","floor":36},{"not_picked":["Second Wind+1","Exhume","Sword Boomerang"],"picked":"SKIP","floor":42},{"not_picked":["Seeing Red","Fire Breathing"],"picked":"Thunderclap+1","floor":45},{"not_picked":["Flex","Heavy Blade","Havoc"],"picked":"SKIP","floor":46},{"not_picked":["Headbutt+1","Blood for Blood+1"],"picked":"Anger+1","floor":47}],"player_experience":67214,"relics_obtained":[{"floor":6,"key":"Strawberry"},{"floor":8,"key":"Pocketwatch"},{"floor":9,"key":"Letter Opener"},{"floor":12,"key":"Potion Belt"},{"floor":14,"key":"Happy Flower"},{"floor":23,"key":"Kunai"},{"floor":26,"key":"Gremlin Horn"},{"floor":29,"key":"Nunchaku"},{"floor":31,"key":"Red Mask"},{"floor":38,"key":"Torii"},{"floor":41,"key":"Mercury Hourglass"},{"floor":43,"key":"Ancient Tea Set"},{"floor":47,"key":"Smiling Mask"}],"event_choices":[{"damage_healed":0,"gold_gain":0,"player_choice":"1 cards matched","damage_taken":0,"max_hp_gain":0,"max_hp_loss":0,"event_name":"Match and Keep!","floor":5,"gold_loss":0,"cards_obtained":["Deep Breath"]},{"damage_healed":0,"gold_gain":0,"player_choice":"Shed Blood","damage_taken":22,"max_hp_gain":5,"max_hp_loss":0,"event_name":"Forgotten Altar","floor":22,"gold_loss":0},{"damage_healed":0,"gold_gain":0,"player_choice":"Became a Ghost","damage_taken":0,"max_hp_gain":0,"max_hp_loss":46,"event_name":"Ghosts","floor":27,"gold_loss":0,"cards_obtained":["Ghostly","Ghostly","Ghostly","Ghostly","Ghostly"]},{"damage_healed":0,"gold_gain":0,"player_choice":"Fought Bandits","damage_taken":0,"max_hp_gain":0,"max_hp_loss":0,"event_name":"Masked Bandits","floor":31,"gold_loss":0},{"damage_healed":0,"gold_gain":0,"player_choice":"Memory 2","damage_taken":5,"max_hp_gain":0,"max_hp_loss":0,"event_name":"SensoryStone","floor":36,"gold_loss":0},{"damage_healed":0,"gold_gain":0,"player_choice":"Fight","damage_taken":0,"max_hp_gain":0,"max_hp_loss":0,"event_name":"Mysterious Sphere","floor":38,"gold_loss":0},{"damage_healed":0,"gold_gain":222,"player_choice":"Wore Mask","damage_taken":0,"max_hp_gain":0,"max_hp_loss":0,"event_name":"Tomb of Lord Red Mask","floor":39,"gold_loss":0}],"is_beta":false,"boss_relics":[{"not_picked":["Runic Cube","Runic Dome"],"picked":"Black Blood"},{"not_picked":["Calling Bell","Snecko Eye"],"picked":"Mark of Pain"}],"items_purged_floors":[4,10,21,48],"is_endless":false,"potions_floor_spawned":[1,3,12,14,18,20,25,29,30,45,46],"killed_by":"Awakened One","ascension_level":1}