{"gold_per_floor":[109,34,53,66,77,77,91,91,91,91,91,91,111,132,132,230,230,250,250,107,77,51,72,72,0,0,20,20,20,43,86,98,110],"floor_reached":33,"playtime":1462,"items_purged":["Strike_B","Strike_B"],"score":466,"play_id":"1fefde14-b4dd-4a6e-97c4-6a463f152e84","local_time":"20190721104505","is_ascension_mode":true,"campfire_choices":[{"data":"Zap","floor":6,"key":"SMITH"},{"data":"Dualcast","floor":8,"key":"SMITH"},{"floor":10,"key":"REST"},{"data":"Sweeping Beam","floor":12,"key":"SMITH"},{"data":"Seek","floor":15,"key":"SMITH"},{"data":"Creative AI","floor":24,"key":"SMITH"},{"data":"Tempest","floor":28,"key":"SMITH"},{"floor":32,"key":"REST"}],"neow_cost":"NONE","seed_source_timestamp":77449779353721,"circlet_count":0,"master_deck":["AscendersBane","Strike_B","Defend_B","Defend_B","Defend_B","Defend_B","Zap+1","Dualcast+1","Auto Shields","Cold Snap","Coolheaded","Ball Lightning","Sweeping Beam+1","Steam","Seek+1","Creative AI+1","Glacier","Tempest+1","RitualDagger","Redo","Fission"],"relics":["Cracked Core","Omamori","Golden Idol","Nuclear Battery","Potion Belt","MawBank"],"potions_floor_usage":[16,16,27,30,31,33],"damage_taken":[{"damage":7,"enemies":"Jaw Worm","floor":1,"turns":3},{"damage":1,"enemies":"Cultist","floor":3,"turns":3},{"damage":0,"enemies":"Small Slimes","floor":4,"turns":3},{"damage":14,"enemies":"Exordium Thugs","floor":5,"turns":8},{"damage":7,"enemies":"Blue Slaver","floor":7,"turns":3},{"damage":7,"enemies":"Looter","floor":13,"turns":2},{"damage":7,"enemies":"Exordium Wildlife","floor":14,"turns":3},{"damage":24,"enemies":"Hexaghost","floor":16,"turns":13},{"damage":6,"enemies":"Spheric Guardian","floor":18,"turns":4},{"damage":0,"enemies":"2 Thieves","floor":22,"turns":5},{"damage":3,"enemies":"Snake Plant","floor":23,"turns":5},{"damage":0,"enemies":"Centurion and Healer","floor":27,"turns":7},{"damage":0,"enemies":"Snecko","floor":30,"turns":5},{"damage":37,"enemies":"Slavers","floor":31,"turns":6},{"damage":45,"enemies":"Collector","floor":33,"turns":5}],"seed_played":"432023242218856828","potions_obtained":[{"floor":1,"key":"SneckoOil"},{"floor":7,"key":"Explosive Potion"},{"floor":13,"key":"Poison Potion"},{"floor":16,"key":"Strength Potion"},{"floor":21,"key":"Explosive Potion"},{"floor":21,"key":"SpeedPotion"},{"floor":23,"key":"Energy Potion"},{"floor":30,"key":"FocusPotion"},{"floor":31,"key":"LiquidBronze"}],"is_trial":false,"path_per_floor":["M","$","M","M","M","R","M","R","T","R","?","R","M","M","R","B",null,"M","?","$","?","M","M","R","?","T","M","R","?","M","E","R","B"],"character_chosen":"DEFECT","items_purchased":["Glacier"],"campfire_rested":2,"item_purchase_floors":[20],"current_hp_per_floor":[64,64,63,63,49,49,42,42,42,65,65,65,58,51,51,27,60,54,54,54,54,54,51,51,51,51,51,51,45,45,8,29,0],"gold":110,"neow_bonus":"TEN_PERCENT_HP_BONUS","is_prod":false,"is_daily":false,"chose_seed":false,"campfire_upgraded":6,"win_rate":0,"timestamp":1563720305,"path_taken":["M","$","M","M","M","R","M","R","T","R","?","R","M","M","R","BOSS","M","?","?","?","?","M","R","?","T","M","R","?","M","E","R","BOSS"],"build_version":"2019-07-17","purchased_purges":2,"victory":false,"max_hp_per_floor":[78,78,78,78,78,78,78,78,78,78,71,71,71,71,71,71,71,71,71,71,71,71,71,71,71,71,71,71,71,71,71,71,71],"card_choices":[{"not_picked":["Stack","Reprogram"],"picked":"Auto Shields","floor":1},{"not_picked":["Hello World","Steam Power"],"picked":"Cold Snap","floor":3},{"not_picked":["Storm","Stack"],"picked":"Coolheaded","floor":4},{"not_picked":["Redo","Recycle"],"picked":"Ball Lightning","floor":5},{"not_picked":["Barrage","Gash"],"picked":"Sweeping Beam","floor":7},{"not_picked":["Gash","Stack"],"picked":"Steam","floor":13},{"not_picked":["Redo","Cold Snap"],"picked":"Seek","floor":14},{"not_picked":["Seek","Machine Learning"],"picked":"Creative AI","floor":16},{"not_picked":["Beam Cell","Go for the Eyes","Double Energy"],"picked":"SKIP","floor":18},{"not_picked":["Recycle","Rip and Tear"],"picked":"Tempest","floor":22},{"not_picked":["Go for the Eyes","Ball Lightning","Cold Snap"],"picked":"SKIP","floor":23},{"not_picked":["Rip and Tear+1","Static Discharge","Barrage"],"picked":"SKIP","floor":27},{"not_picked":["Compile Driver","Turbo"],"picked":"Redo","floor":30},{"not_picked":["Aggregate","Sunder"],"picked":"Fission","floor":31}],"player_experience":563758,"relics_obtained":[{"floor":9,"key":"Omamori"},{"floor":26,"key":"Potion Belt"},{"floor":31,"key":"MawBank"}],"event_choices":[{"damage_healed":0,"gold_gain":0,"player_choice":"Lose Max HP","damage_taken":0,"relics_obtained":["Golden Idol"],"max_hp_gain":0,"max_hp_loss":7,"event_name":"Golden Idol","floor":11,"gold_loss":0},{"cards_removed":["Strike_B"],"damage_healed":0,"gold_gain":0,"player_choice":"Purged","damage_taken":0,"max_hp_gain":0,"max_hp_loss":0,"event_name":"Purifier","floor":19,"gold_loss":0},{"damage_healed":0,"gold_gain":0,"player_choice":"Bought 2 Potions","damage_taken":0,"max_hp_gain":0,"max_hp_loss":0,"event_name":"The Woman in Blue","floor":21,"gold_loss":0},{"damage_healed":0,"gold_gain":0,"player_choice":"Paid Fearfully","damage_taken":0,"max_hp_gain":0,"max_hp_loss":0,"event_name":"Masked Bandits","floor":25,"gold_loss":72},{"damage_healed":0,"gold_gain":0,"player_choice":"Joined the Cult","damage_taken":6,"max_hp_gain":0,"max_hp_loss":0,"event_name":"Nest","floor":29,"gold_loss":0,"cards_obtained":["RitualDagger"]}],"is_beta":false,"boss_relics":[{"not_picked":["Sozu","Lizard Tail"],"picked":"Nuclear Battery"}],"items_purged_floors":[2,20],"is_endless":false,"potions_floor_spawned":[1,7,13,16,23,30,31],"killed_by":"Collector","ascension_level":16}