{"gold_per_floor":[109,125,145,162,174,205,205,238,262,262,277,289,289,289,289,289],"floor_reached":16,"playtime":781,"items_purged":[],"score":160,"play_id":"b989c463-ad20-42ae-ba32-519df094eb19","local_time":"20190722023807","is_ascension_mode":true,"campfire_choices":[{"floor":7,"key":"REST"},{"floor":10,"key":"REST"},{"floor":15,"key":"REST"}],"neow_cost":"NONE","seed_source_timestamp":353187311014023,"circlet_count":0,"master_deck":["Strike_G","Strike_G+1","Strike_G","Strike_G","Strike_G","Defend_G","Defend_G","Defend_G","Defend_G","Defend_G","Survivor","Neutralize","Flying Knee","Crippling Poison","Dash","Noxious Fumes","Crippling Poison","PiercingWail","Dagger Spray+1","Well Laid Plans"],"relics":["Ring of the Snake","Bottled Lightning","Nunchaku","Anchor"],"potions_floor_usage":[6,8,8,11,16,16],"damage_taken":[{"damage":7,"enemies":"Small Slimes","floor":1,"turns":5},{"damage":0,"enemies":"2 Louse","floor":2,"turns":2},{"damage":0,"enemies":"Cultist","floor":3,"turns":3},{"damage":4,"enemies":"Looter","floor":4,"turns":4},{"damage":0,"enemies":"Large Slime","floor":5,"turns":5},{"damage":25,"enemies":"Lagavulin","floor":6,"turns":7},{"damage":26,"enemies":"Gremlin Nob","floor":8,"turns":5},{"damage":23,"enemies":"Exordium Thugs","floor":11,"turns":6},{"damage":0,"enemies":"Blue Slaver","floor":12,"turns":4},{"damage":39,"enemies":"Hexaghost","floor":16,"turns":9}],"seed_played":"4924046741906959535","potions_obtained":[{"floor":3,"key":"Weak Potion"},{"floor":5,"key":"PowerPotion"},{"floor":6,"key":"FearPotion"},{"floor":8,"key":"SkillPotion"},{"floor":11,"key":"AttackPotion"},{"floor":12,"key":"GhostInAJar"}],"is_trial":false,"path_per_floor":["M","M","M","M","M","E","R","E","T","R","M","M","?","?","R","B"],"character_chosen":"THE_SILENT","items_purchased":[],"campfire_rested":3,"item_purchase_floors":[],"current_hp_per_floor":[63,63,63,59,59,34,57,31,31,54,31,31,16,16,39,0],"gold":289,"neow_bonus":"TEN_PERCENT_HP_BONUS","is_prod":false,"is_daily":false,"chose_seed":false,"campfire_upgraded":0,"win_rate":0,"timestamp":1563781087,"path_taken":["M","M","M","M","M","E","R","E","T","R","M","M","?","?","R","BOSS"],"build_version":"2019-07-17","purchased_purges":0,"victory":false,"max_hp_per_floor":[77,77,77,77,77,77,77,77,77,77,77,77,77,77,77,77],"card_choices":[{"not_picked":["Dodge and Roll","Outmaneuver"],"picked":"Flying Knee","floor":1},{"not_picked":["Outmaneuver","Acrobatics"],"picked":"Crippling Poison","floor":2},{"not_picked":["Eviscerate","Blur"],"picked":"Dash","floor":3},{"not_picked":["Prepared","Deadly Poison"],"picked":"Noxious Fumes","floor":4},{"not_picked":["Quick Slash","Predator"],"picked":"Crippling Poison","floor":5},{"not_picked":["Bouncing Flask","Backflip"],"picked":"PiercingWail","floor":6},{"not_picked":["Poisoned Stab","Concentrate"],"picked":"Dagger Spray","floor":8},{"not_picked":["Flying Knee","Slice"],"picked":"Well Laid Plans","floor":11},{"not_picked":["Predator","Slice","Accuracy"],"picked":"SKIP","floor":12}],"player_experience":211935,"relics_obtained":[{"floor":6,"key":"Bottled Lightning"},{"floor":8,"key":"Nunchaku"},{"floor":9,"key":"Anchor"}],"event_choices":[{"damage_healed":0,"gold_gain":0,"player_choice":"Entered Light","damage_taken":15,"max_hp_gain":0,"max_hp_loss":0,"event_name":"Shining Light","floor":13,"gold_loss":0,"cards_upgraded":["Dagger Spray","Strike_G"]},{"damage_healed":0,"gold_gain":0,"player_choice":"0 cards matched","damage_taken":0,"max_hp_gain":0,"max_hp_loss":0,"event_name":"Match and Keep!","floor":14,"gold_loss":0,"cards_obtained":[]}],"is_beta":false,"boss_relics":[],"items_purged_floors":[],"is_endless":false,"potions_floor_spawned":[3,5,6,8,11,12],"killed_by":"Hexaghost","ascension_level":8}