{"gold_per_floor":[112,122,134,144,144,178,52,52,52,67,142,58,113,113,113,188,188,177,197,197,208,3,3],"floor_reached":23,"playtime":1254,"items_purged":["Strike_B"],"score":325,"play_id":"20d171ca-9560-4f18-b161-2c56c6ec63aa","local_time":"20190714142003","is_ascension_mode":true,"campfire_choices":[{"floor":8,"key":"REST"},{"floor":15,"key":"REST"}],"neow_cost":"NONE","seed_source_timestamp":63392139500160,"circlet_count":0,"master_deck":["AscendersBane","Strike_B","Defend_B","Defend_B","Defend_B","Defend_B","Zap+1","Dualcast","Coolheaded","Cold Snap","Chaos","Doom and Gloom","Buffer","Conserve Battery","Leap","Panacea","Steam","Core Surge","Redo+1","Chill","Necronomicurse","Conserve Battery+1"],"relics":["Cracked Core","Ice Cream","Thread and Needle","Shovel","Empty Cage","Necronomicon","Runic Capacitor"],"potions_floor_usage":[4,16,23,23],"damage_taken":[{"damage":0,"enemies":"Cultist","floor":1,"turns":3},{"damage":7,"enemies":"2 Louse","floor":2,"turns":3},{"damage":0,"enemies":"Small Slimes","floor":3,"turns":3},{"damage":6,"enemies":"Gremlin Gang","floor":4,"turns":5},{"damage":37,"enemies":"Gremlin Nob","floor":6,"turns":4},{"damage":7,"enemies":"Blue Slaver","floor":10,"turns":4},{"damage":2,"enemies":"Gremlin Nob","floor":13,"turns":4},{"damage":3,"enemies":"The Guardian","floor":16,"turns":11},{"damage":14,"enemies":"2 Thieves","floor":18,"turns":5},{"damage":0,"enemies":"Spheric Guardian","floor":19,"turns":4},{"damage":4,"enemies":"Shelled Parasite and Fungi","floor":21,"turns":6},{"damage":37,"enemies":"Gremlin Leader","floor":23,"turns":7}],"seed_played":"-1797882505960195933","potions_obtained":[{"floor":2,"key":"FocusPotion"},{"floor":3,"key":"GamblersBrew"},{"floor":6,"key":"FocusPotion"},{"floor":21,"key":"EssenceOfSteel"}],"is_trial":false,"path_per_floor":["M","M","M","M","?","E","$","R","T","M","?","$","?","?","R","B",null,"M","M","?","M","$","E"],"character_chosen":"DEFECT","items_purchased":["Conserve Battery","Panacea","Runic Capacitor"],"campfire_rested":2,"item_purchase_floors":[7,12,22],"current_hp_per_floor":[64,57,57,51,71,34,34,55,55,48,37,37,35,35,56,53,67,53,53,37,33,33,0],"gold":3,"neow_bonus":"UPGRADE_CARD","is_prod":false,"is_daily":false,"chose_seed":false,"campfire_upgraded":0,"win_rate":0,"timestamp":1563128403,"path_taken":["M","M","M","M","?","E","$","R","T","M","?","$","?","?","R","BOSS","M","?","?","M","$","E"],"build_version":"2019-07-05","purchased_purges":1,"victory":false,"max_hp_per_floor":[71,71,71,71,71,71,71,71,71,71,71,71,71,71,71,71,71,71,71,71,71,71,71],"card_choices":[{"not_picked":["Compile Driver","Gash"],"picked":"Coolheaded","floor":1},{"not_picked":["Scrape","Heatsinks"],"picked":"Cold Snap","floor":2},{"not_picked":["Compile Driver","Barrage"],"picked":"Chaos","floor":3},{"not_picked":["Ball Lightning","Conserve Battery"],"picked":"Doom and Gloom","floor":4},{"not_picked":["Beam Cell","Go for the Eyes"],"picked":"Buffer","floor":6},{"not_picked":["Consume","Redo"],"picked":"Leap","floor":10},{"not_picked":["Cold Snap","Compile Driver"],"picked":"Steam","floor":13},{"not_picked":["Meteor Strike","Thunder Strike"],"picked":"Core Surge","floor":16},{"not_picked":["Force Field","Recycle"],"picked":"Redo+1","floor":18},{"not_picked":["Darkness","Static Discharge"],"picked":"Chill","floor":19},{"not_picked":["Gash","Redo"],"picked":"Conserve Battery+1","floor":21}],"player_experience":534622,"relics_obtained":[{"floor":6,"key":"Ice Cream"},{"floor":9,"key":"Thread and Needle"},{"floor":13,"key":"Shovel"},{"floor":20,"key":"Necronomicon"}],"event_choices":[{"damage_healed":23,"gold_gain":0,"player_choice":"Banana","damage_taken":0,"max_hp_gain":0,"max_hp_loss":0,"event_name":"Big Fish","floor":5,"gold_loss":0},{"damage_healed":0,"gold_gain":75,"player_choice":"Gather Gold","damage_taken":11,"max_hp_gain":0,"max_hp_loss":0,"event_name":"World of Goop","floor":11,"gold_loss":0},{"damage_healed":0,"gold_gain":0,"player_choice":"Searched \u00271\u0027 times","damage_taken":0,"max_hp_gain":0,"max_hp_loss":0,"event_name":"Dead Adventurer","floor":13,"gold_loss":0},{"damage_healed":0,"gold_gain":0,"player_choice":"Got Potions","damage_taken":0,"max_hp_gain":0,"max_hp_loss":0,"event_name":"Lab","floor":14,"gold_loss":0},{"damage_healed":0,"gold_gain":0,"player_choice":"Obtained Book","damage_taken":16,"max_hp_gain":0,"max_hp_loss":0,"event_name":"Cursed Tome","floor":20,"gold_loss":0}],"is_beta":false,"boss_relics":[{"not_picked":["Fusion Hammer","Calling Bell"],"picked":"Empty Cage"}],"items_purged_floors":[7],"is_endless":false,"potions_floor_spawned":[2,3,6,10,13,21],"killed_by":"Gremlin Leader","ascension_level":14}