{"gold_per_floor":[111,124,142,7,23,23,48,48,48,48,76,76,76,105,105,180,180,194,194,0,31,31],"floor_reached":22,"playtime":764,"items_purged":["Strike_R"],"score":400,"play_id":"44250b2d-7cbe-44c6-a136-b71a26e2dd47","local_time":"20181127171810","is_ascension_mode":true,"campfire_choices":[{"data":"Whirlwind","floor":6.0,"key":"SMITH"},{"data":"Flame Barrier","floor":8.0,"key":"SMITH"},{"data":"Demon Form","floor":10.0,"key":"SMITH"},{"data":"Bash","floor":15.0,"key":"SMITH"}],"neow_cost":"NONE","seed_source_timestamp":188022765689453,"circlet_count":0,"master_deck":["AscendersBane","Strike_R","Defend_R","Defend_R","Defend_R","Defend_R","Bash+1","Sword Boomerang","Clothesline","Anger+1","Whirlwind+1","Flame Barrier+1","Demon Form+1","Double Tap","Disarm+1","Offering","True Grit+1","Headbutt+1","Dual Wield+1","True Grit","Spot Weakness"],"special_seed":0,"relics":["Burning Blood","Kunai","Meat on the Bone","The Courier","Turnip","Astrolabe","Lantern","Red Mask"],"potions_floor_usage":[21,21],"damage_taken":[{"damage":2.0,"enemies":"Cultist","floor":1.0,"turns":4.0},{"damage":4.0,"enemies":"Small Slimes","floor":2.0,"turns":4.0},{"damage":0.0,"enemies":"2 Louse","floor":3.0,"turns":2.0},{"damage":4.0,"enemies":"2 Fungi Beasts","floor":5.0,"turns":4.0},{"damage":13.0,"enemies":"Lagavulin","floor":7.0,"turns":7.0},{"damage":27.0,"enemies":"Gremlin Nob","floor":11.0,"turns":4.0},{"damage":25.0,"enemies":"3 Sentries","floor":14.0,"turns":7.0},{"damage":26.0,"enemies":"Slime Boss","floor":16.0,"turns":7.0},{"damage":23.0,"enemies":"Shell Parasite","floor":18.0,"turns":6.0},{"damage":21,"enemies":"Masked Bandits","floor":21,"turns":3},{"damage":19,"enemies":"Colosseum Slavers","floor":22,"turns":3},{"damage":53,"enemies":"Colosseum Nobs","floor":22,"turns":4}],"seed_played":"-5612677152157397819","potions_obtained":[{"floor":1.0,"key":"Block Potion"},{"floor":5.0,"key":"BloodPotion"},{"floor":11.0,"key":"Regen Potion"},{"floor":16.0,"key":"Poison Potion"},{"floor":18.0,"key":"SkillPotion"}],"is_trial":false,"path_per_floor":["M","M","M","$","M","R","E","R","T","R","E","?","?","E","R","B",null,"M","?","$","?","?"],"character_chosen":"IRONCLAD","items_purchased":["Whirlwind","Flame Barrier","Lantern"],"campfire_rested":0,"item_purchase_floors":[4,4,20],"current_hp_per_floor":[79,81,82,82,82,82,75,75,75,75,54,54,29,30,30,37,71,54,54,54,51,0],"gold":31,"neow_bonus":"TEN_PERCENT_HP_BONUS","is_prod":false,"is_daily":false,"chose_seed":false,"campfire_upgraded":4,"win_rate":0,"timestamp":1543357090,"path_taken":["M","M","M","$","?","R","E","R","T","R","E","?","?","E","R","BOSS","M","?","$","?","?"],"build_version":"2018-11-15","purchased_purges":1,"victory":false,"max_hp_per_floor":[82,82,82,82,82,82,82,82,82,82,82,82,82,82,82,82,82,82,82,82,82,82],"card_choices":[{"not_picked":["Pummel","Heavy Blade"],"picked":"Sword Boomerang","floor":1.0},{"not_picked":["Twin Strike","Clash"],"picked":"Clothesline","floor":2.0},{"not_picked":["Warcry","Twin Strike"],"picked":"Anger","floor":3.0},{"not_picked":["Pommel Strike","Perfected Strike"],"picked":"Demon Form","floor":5.0},{"not_picked":["Perfected Strike","Flex"],"picked":"Double Tap","floor":7.0},{"not_picked":["Armaments","Exhume"],"picked":"Disarm","floor":11.0},{"not_picked":["Heavy Blade","Clash","Cleave"],"picked":"SKIP","floor":14.0},{"not_picked":["Immolate","Feed"],"picked":"Offering","floor":16.0},{"not_picked":["Flame Barrier","Dropkick"],"picked":"True Grit","floor":18.0},{"not_picked":["Searing Blow+1","Twin Strike"],"picked":"Spot Weakness","floor":21}],"player_experience":1171040,"relics_obtained":[{"floor":7.0,"key":"Kunai"},{"floor":9.0,"key":"Meat on the Bone"},{"floor":11.0,"key":"The Courier"},{"floor":14.0,"key":"Turnip"},{"floor":21,"key":"Red Mask"}],"event_choices":[{"damage_healed":0.0,"max_hp_gain":0.0,"max_hp_loss":0.0,"gold_gain":0.0,"event_name":"Liars Game","player_choice":"Ignored","floor":12.0,"gold_loss":0.0,"damage_taken":0.0},{"damage_healed":0.0,"max_hp_gain":0.0,"max_hp_loss":0.0,"gold_gain":0.0,"event_name":"Shining Light","player_choice":"Entered Light","floor":13.0,"gold_loss":0.0,"damage_taken":25.0,"cards_upgraded":["Anger","Disarm"]},{"damage_healed":0.0,"max_hp_gain":0.0,"max_hp_loss":0.0,"gold_gain":0.0,"event_name":"Vampires","player_choice":"Ignored","floor":19.0,"gold_loss":0.0,"damage_taken":0.0},{"damage_healed":0,"gold_gain":0,"player_choice":"Fought Bandits","damage_taken":0,"max_hp_gain":0,"max_hp_loss":0,"event_name":"Masked Bandits","floor":21,"gold_loss":0},{"damage_healed":0,"gold_gain":0,"player_choice":"Fight","damage_taken":0,"max_hp_gain":0,"max_hp_loss":0,"event_name":"Colosseum","floor":22,"gold_loss":0},{"damage_healed":0,"gold_gain":0,"player_choice":"Fought Nobs","damage_taken":0,"max_hp_gain":0,"max_hp_loss":0,"event_name":"Colosseum","floor":22,"gold_loss":0}],"is_beta":false,"boss_relics":[{"not_picked":["Busted Crown","Black Star"],"picked":"Astrolabe"}],"items_purged_floors":[20],"is_endless":false,"potions_floor_spawned":[1,5,11,16,18,22],"killed_by":"Colosseum Nobs","ascension_level":20}