{"gold_per_floor":[14,26,37,37,37,37,71,71,96,116,132,96,96,96,96,174,174,185,185],"floor_reached":19,"playtime":736,"items_purged":[],"score":334,"play_id":"01a9c2fd-caa2-46d5-ac85-fec1c4f2099f","local_time":"20190514215744","is_ascension_mode":true,"campfire_choices":[{"data":"Deadly Poison","floor":6,"key":"SMITH"},{"data":"Neutralize","floor":8,"key":"SMITH"},{"floor":13,"key":"REST"},{"data":"Noxious Fumes","floor":15,"key":"SMITH"}],"neow_cost":"NO_GOLD","seed_source_timestamp":880722827277525,"circlet_count":0,"master_deck":["AscendersBane","Defend_G","Defend_G","Defend_G","Defend_G","Defend_G","Strike_G","Strike_G","Strike_G","Strike_G","Strike_G","Survivor","Neutralize+1","Bouncing Flask","All Out Attack","Deadly Poison+1","Unload","Noxious Fumes+1","Dodge and Roll","Bullet Time","Backflip"],"relics":["Ring of the Snake","Ancient Tea Set","Pen Nib","Fusion Hammer"],"potions_floor_usage":[7,16,19],"damage_taken":[{"damage":0,"enemies":"2 Louse","floor":1,"turns":3},{"damage":0,"enemies":"Small Slimes","floor":2,"turns":4},{"damage":0,"enemies":"Cultist","floor":3,"turns":3},{"damage":54,"enemies":"3 Sentries","floor":7,"turns":12},{"damage":4,"enemies":"Blue Slaver","floor":10,"turns":2},{"damage":1,"enemies":"Looter","floor":11,"turns":3},{"damage":7,"enemies":"Hexaghost","floor":16,"turns":7},{"damage":18,"enemies":"3 Byrds","floor":18,"turns":5},{"damage":44,"enemies":"Masked Bandits","floor":19,"turns":3}],"seed_played":"8902696376056670497","potions_obtained":[{"floor":1,"key":"SpeedPotion"},{"floor":3,"key":"PowerPotion"},{"floor":5,"key":"Fruit Juice"},{"floor":5,"key":"LiquidBronze"},{"floor":18,"key":"Strength Potion"}],"is_trial":false,"path_per_floor":["M","M","M","?","?","R","E","R","T","M","M","?","R","?","R","B",null,"M","?"],"character_chosen":"THE_SILENT","items_purchased":[],"campfire_rested":1,"item_purchase_floors":[],"current_hp_per_floor":[59,59,59,59,59,59,10,10,10,6,5,5,26,26,26,19,58,40,0],"gold":185,"neow_bonus":"THREE_RARE_CARDS","is_prod":false,"is_daily":false,"chose_seed":false,"campfire_upgraded":3,"win_rate":0,"timestamp":1557885464,"path_taken":["M","M","M","?","?","R","E","R","T","M","?","?","R","?","R","BOSS","M","?"],"build_version":"2019-01-23","purchased_purges":0,"victory":false,"max_hp_per_floor":[66,66,66,66,66,66,71,71,71,71,71,71,71,71,71,71,71,71,71],"card_choices":[{"not_picked":["Reflex","Flechettes"],"picked":"Bouncing Flask","floor":1},{"not_picked":["Poisoned Stab","Prepared"],"picked":"All Out Attack","floor":2},{"not_picked":["Prepared","Dodge and Roll"],"picked":"Deadly Poison","floor":3},{"not_picked":["Dodge and Roll","Backstab"],"picked":"Unload","floor":7},{"not_picked":["Acrobatics","Dodge and Roll"],"picked":"Noxious Fumes","floor":10},{"not_picked":["Acrobatics","Flying Knee"],"picked":"Dodge and Roll","floor":11},{"not_picked":["Tools of the Trade","Storm of Steel"],"picked":"Bullet Time","floor":16},{"not_picked":["Dagger Throw","Accuracy"],"picked":"Backflip","floor":18}],"player_experience":1401226,"relics_obtained":[{"floor":7,"key":"Ancient Tea Set"},{"floor":9,"key":"Pen Nib"}],"event_choices":[{"damage_healed":0,"gold_gain":0,"player_choice":"Leave","damage_taken":0,"max_hp_gain":0,"max_hp_loss":0,"event_name":"The Cleric","floor":4,"gold_loss":0},{"damage_healed":0,"gold_gain":0,"player_choice":"Got Potions","damage_taken":0,"max_hp_gain":0,"max_hp_loss":0,"event_name":"Lab","floor":5,"gold_loss":0},{"damage_healed":0,"gold_gain":0,"player_choice":"Left Gold","damage_taken":0,"max_hp_gain":0,"max_hp_loss":0,"event_name":"World of Goop","floor":12,"gold_loss":36},{"damage_healed":0,"gold_gain":0,"player_choice":"Ignored","damage_taken":0,"max_hp_gain":0,"max_hp_loss":0,"event_name":"Liars Game","floor":14,"gold_loss":0},{"damage_healed":0,"gold_gain":0,"player_choice":"Fought Bandits","damage_taken":0,"max_hp_gain":0,"max_hp_loss":0,"event_name":"Masked Bandits","floor":19,"gold_loss":0}],"is_beta":false,"boss_relics":[{"not_picked":["Ring of the Serpent","Cursed Key"],"picked":"Fusion Hammer"}],"items_purged_floors":[],"is_endless":false,"potions_floor_spawned":[1,3,18],"killed_by":"Masked Bandits","ascension_level":20}