{"gold_per_floor":[115,40,54,65,77,77,110,122,148,148,148,148,168,168,168,243,243,260,310,70,90,107,107,141,141,141,41,61,74,94,2,2,2],"floor_reached":33,"playtime":3039,"items_purged":["Strike_B","Strike_B"],"score":500,"play_id":"272a7d0e-3a44-46fb-a112-3f97608d3e77","local_time":"20190707190732","is_ascension_mode":true,"campfire_choices":[{"floor":6,"key":"REST"},{"data":"Zap","floor":10,"key":"SMITH"},{"data":"Defragment","floor":12,"key":"SMITH"},{"data":"Capacitor","floor":15,"key":"SMITH"},{"floor":23,"key":"REST"},{"floor":25,"key":"REST"},{"floor":32,"key":"REST"}],"neow_cost":"NONE","seed_source_timestamp":1213166214512,"circlet_count":0,"master_deck":["AscendersBane","Strike_B","Defend_B","Defend_B","Defend_B","Defend_B","Zap+1","Dualcast","Leap+1","Glacier+1","Capacitor+1","Defragment+1","Coolheaded","Doom and Gloom","Genetic Algorithm","Loop+1","Static Discharge+1","Compile Driver","Hologram","Reinforced Body","Steam","Panacea"],"relics":["Cracked Core","Boot","War Paint","Velvet Choker","Cables","Centennial Puzzle","Shovel"],"potions_floor_usage":[5,7,16,22,24],"damage_taken":[{"damage":0,"enemies":"Small Slimes","floor":1,"turns":3},{"damage":0,"enemies":"Cultist","floor":3,"turns":5},{"damage":10,"enemies":"2 Louse","floor":4,"turns":3},{"damage":27,"enemies":"Gremlin Gang","floor":5,"turns":6},{"damage":0,"enemies":"Lagavulin","floor":7,"turns":11},{"damage":6,"enemies":"Exordium Wildlife","floor":8,"turns":3},{"damage":0,"enemies":"Large Slime","floor":13,"turns":5},{"damage":9,"enemies":"Hexaghost","floor":16,"turns":13},{"damage":20,"enemies":"2 Thieves","floor":18,"turns":4},{"damage":16,"enemies":"3 Byrds","floor":21,"turns":5},{"damage":7,"enemies":"Centurion and Healer","floor":22,"turns":8},{"damage":28,"enemies":"Slavers","floor":24,"turns":5},{"damage":19,"enemies":"Cultist and Chosen","floor":28,"turns":4},{"damage":12,"enemies":"Snake Plant","floor":29,"turns":4},{"damage":8,"enemies":"Centurion and Healer","floor":30,"turns":4},{"damage":30,"enemies":"Collector","floor":33,"turns":2}],"seed_played":"-5019823646746467565","potions_obtained":[{"floor":4,"key":"Poison Potion"},{"floor":5,"key":"FearPotion"},{"floor":13,"key":"SpeedPotion"},{"floor":14,"key":"Block Potion"},{"floor":16,"key":"SteroidPotion"},{"floor":21,"key":"SkillPotion"},{"floor":22,"key":"Regen Potion"},{"floor":24,"key":"Explosive Potion"},{"floor":28,"key":"Explosive Potion"},{"floor":30,"key":"Fire Potion"}],"is_trial":false,"path_per_floor":["M","$","M","M","M","R","E","M","T","R","?","R","M","?","R","B",null,"M","?","$","M","M","R","E","R","T","$","M","M","M","$","R","B"],"character_chosen":"DEFECT","items_purchased":["Cables","Panacea"],"campfire_rested":4,"item_purchase_floors":[20,31],"current_hp_per_floor":[64,64,64,54,27,48,48,42,42,42,42,42,42,42,42,33,62,42,42,42,26,19,40,26,47,47,47,28,16,8,8,29,0],"gold":2,"neow_bonus":"THREE_CARDS","is_prod":false,"is_daily":false,"chose_seed":false,"campfire_upgraded":3,"win_rate":0,"timestamp":1562540852,"path_taken":["M","$","M","M","M","R","E","M","T","R","?","R","?","?","R","BOSS","M","?","?","M","M","R","E","R","T","$","M","M","M","$","R","BOSS"],"build_version":"2019-07-05","purchased_purges":2,"victory":false,"max_hp_per_floor":[71,71,71,71,71,71,71,71,71,71,71,71,71,71,71,71,71,71,71,71,71,71,71,71,71,71,71,71,71,71,71,71,71],"card_choices":[{"not_picked":["Compile Driver","Rebound"],"picked":"Leap","floor":0},{"not_picked":["Coolheaded","Barrage"],"picked":"Glacier","floor":1},{"not_picked":["Rebound","Stack"],"picked":"Capacitor","floor":3},{"not_picked":["Beam Cell","Steam"],"picked":"Defragment","floor":4},{"not_picked":["Rip and Tear","Steam Power"],"picked":"Coolheaded","floor":5},{"not_picked":["Blizzard","Hyperbeam","Meteor Strike"],"picked":"SKIP","floor":7},{"not_picked":["Static Discharge","Aggregate"],"picked":"Doom and Gloom","floor":8},{"not_picked":["Beam Cell","Sunder"],"picked":"Genetic Algorithm","floor":13},{"not_picked":["Scrape","Gash"],"picked":"Loop+1","floor":18},{"not_picked":["Redo","Coolheaded"],"picked":"Static Discharge+1","floor":21},{"not_picked":["Steam","Redo"],"picked":"Compile Driver","floor":22},{"not_picked":["Meteor Strike","Fusion"],"picked":"Hologram","floor":24},{"not_picked":["Compile Driver+1","Turbo","Sunder"],"picked":"SKIP","floor":28},{"not_picked":["Compile Driver","Rebound"],"picked":"Reinforced Body","floor":29},{"not_picked":["Barrage","Beam Cell"],"picked":"Steam","floor":30}],"player_experience":479627,"relics_obtained":[{"floor":7,"key":"Boot"},{"floor":9,"key":"War Paint"},{"floor":24,"key":"Centennial Puzzle"},{"floor":26,"key":"Shovel"}],"event_choices":[{"cards_removed":["Strike_B"],"damage_healed":0,"gold_gain":0,"player_choice":"Card Removal","damage_taken":0,"max_hp_gain":0,"max_hp_loss":0,"event_name":"Wheel of Change","floor":11,"gold_loss":0},{"damage_healed":0,"gold_gain":0,"player_choice":"Got Potions","damage_taken":0,"max_hp_gain":0,"max_hp_loss":0,"event_name":"Lab","floor":14,"gold_loss":0},{"damage_healed":0,"gold_gain":100,"player_choice":"Bet on Murderer","damage_taken":0,"max_hp_gain":0,"max_hp_loss":0,"event_name":"The Joust","floor":19,"gold_loss":50}],"is_beta":false,"boss_relics":[{"not_picked":["Inserter","Tiny House"],"picked":"Velvet Choker"}],"items_purged_floors":[2,27],"is_endless":false,"potions_floor_spawned":[4,5,13,16,21,22,24,28,30],"killed_by":"Collector","ascension_level":14}