{"gold_per_floor":[116,116,5,23,23,23,98,124,124,150,150,150,150,186,186,276,276,295,295,311,87,107,107,128,164,164,164,184,208,208,247,247,340,340,361,361,165,165,230,263,263,263,289,310,310,353,372,47,47,47,47,47,47,47,80,80],"floor_reached":57,"playtime":3612,"items_purged":["Strike_G","Strike_G"],"score":2763,"play_id":"0fb1439e-0283-4638-9296-d73b05d6640c","local_time":"20181128235732","is_ascension_mode":true,"campfire_choices":[{"data":"Neutralize","floor":6,"key":"SMITH"},{"floor":12,"key":"REST"},{"data":"Terror","floor":15,"key":"SMITH"},{"data":"Blind","floor":23,"key":"SMITH"},{"data":"Well Laid Plans","floor":27,"key":"SMITH"},{"data":"Deadly Poison","floor":32,"key":"SMITH"},{"floor":41,"key":"RECALL"},{"data":"Blade Dance","floor":45,"key":"SMITH"},{"data":"Caltrops","floor":49,"key":"SMITH"},{"data":"After Image","floor":53,"key":"SMITH"}],"neow_cost":"NONE","seed_source_timestamp":294848124427408,"circlet_count":0,"master_deck":["AscendersBane","Defend_G+1","Defend_G+1","Defend_G","Defend_G","Survivor","Neutralize+1","Slice","Noxious Fumes+1","Dagger Throw","Backstab","Terror+1","Quick Slash","PiercingWail","Malaise+1","Wraith Form v2+1","Escape Plan+1","Footwork+1","Footwork+1","Infinite Blades","Blind+1","Deadly Poison+1","Well Laid Plans+1","Deflect","All Out Attack+1","Blade Dance+1","Dash+1","After Image+1","Caltrops+1","Flash of Steel","Leg Sweep","Dark Shackles","Good Instincts","Heel Hook","Blur+1","Backflip","Calculated Gamble"],"relics":["Ring of the Snake","War Paint","Pantograph","Vajra","Golden Idol","Bird Faced Urn","Astrolabe","Shuriken","Gambling Chip","Regal Pillow","Coffee Dripper","Girya","Letter Opener","Bottled Lightning","Dead Branch","Meat on the Bone"],"potions_floor_usage":[10,10,10,10,16,25,30,46,50,50],"damage_taken":[{"damage":1,"enemies":"Small Slimes","floor":1,"turns":5},{"damage":1,"enemies":"Cultist","floor":4,"turns":3},{"damage":27,"enemies":"3 Sentries","floor":8,"turns":7},{"damage":9,"enemies":"Gremlin Nob","floor":10,"turns":4},{"damage":10,"enemies":"Lagavulin","floor":14,"turns":6},{"damage":50,"enemies":"Slime Boss","floor":16,"turns":11},{"damage":11,"enemies":"Shell Parasite","floor":18,"turns":6},{"damage":2,"enemies":"Spheric Guardian","floor":20,"turns":6},{"damage":9,"enemies":"Snake Plant","floor":22,"turns":5},{"damage":17,"enemies":"Chosen and Byrds","floor":24,"turns":9},{"damage":19,"enemies":"Gremlin Leader","floor":25,"turns":8},{"damage":0,"enemies":"3 Cultists","floor":28,"turns":6},{"damage":6,"enemies":"Snake Plant","floor":29,"turns":6},{"damage":6,"enemies":"Cultist and Chosen","floor":30,"turns":5},{"damage":22,"enemies":"Book of Stabbing","floor":31,"turns":6},{"damage":16,"enemies":"Automaton","floor":33,"turns":9},{"damage":0,"enemies":"3 Darklings","floor":35,"turns":8},{"damage":32,"enemies":"2 Orb Walkers","floor":39,"turns":7},{"damage":0,"enemies":"Nemesis","floor":40,"turns":9},{"damage":0,"enemies":"3 Shapes","floor":44,"turns":6},{"damage":19,"enemies":"Reptomancer","floor":46,"turns":7},{"damage":10,"enemies":"Maw","floor":47,"turns":9},{"damage":57,"enemies":"Awakened One","floor":50,"turns":18},{"damage":73,"enemies":"Time Eater","floor":51,"turns":17},{"damage":36,"enemies":"Shield and Spear","floor":55,"turns":11},{"damage":60,"enemies":"The Heart","floor":56,"turns":11}],"seed_played":"-1821744792629266763","potions_obtained":[{"floor":2,"key":"EntropicBrew"},{"floor":2,"key":"FairyPotion"},{"floor":8,"key":"EssenceOfSteel"},{"floor":10,"key":"GamblersBrew"},{"floor":20,"key":"GhostInAJar"},{"floor":24,"key":"SmokeBomb"},{"floor":31,"key":"Regen Potion"},{"floor":35,"key":"Fire Potion"},{"floor":47,"key":"GamblersBrew"},{"floor":55,"key":"Weak Potion"}],"is_trial":false,"path_per_floor":["M","?","$","M","?","R","?","E","T","E","?","R","?","E","R","B",null,"M","?","M","$","M","R","M","E","T","R","M","M","M","E","R","B",null,"M","?","$","?","?","E","R","?","T","M","R","E","M","$","R","B","B",null,"R","$","E","B",null],"character_chosen":"THE_SILENT","items_purchased":["Noxious Fumes","Dagger Throw","Infinite Blades","Blind","Flash of Steel","Dead Branch"],"campfire_rested":1,"item_purchase_floors":[3,3,21,21,37,48],"current_hp_per_floor":[64,64,64,63,63,63,52,25,25,16,16,37,37,27,27,4,50,43,43,47,47,46,46,37,30,30,30,42,48,52,40,40,55,63,65,65,65,65,43,59,59,49,49,63,63,54,58,58,58,41,8,51,51,51,35,30],"gold":80,"neow_bonus":"TEN_PERCENT_HP_BONUS","is_prod":false,"is_daily":false,"chose_seed":false,"campfire_upgraded":8,"win_rate":0,"timestamp":1543467452,"path_taken":["M","?","?","M","?","R","?","E","T","E","?","R","?","E","R","BOSS","M","?","M","$","M","R","M","E","T","R","M","M","M","E","R","BOSS","M","?","$","?","?","E","R","?","T","?","R","E","M","$","R","BOSS","BOSS","R","$","E","BOSS"],"build_version":"2018-11-15","purchased_purges":2,"victory":true,"max_hp_per_floor":[72,72,72,72,72,72,72,72,72,72,72,72,65,65,65,65,65,65,65,65,65,65,65,65,65,65,65,65,65,65,65,65,65,65,65,65,65,65,65,65,65,65,65,65,65,65,65,65,65,65,65,65,65,65,65,65],"card_choices":[{"not_picked":["Underhanded Strike","Backflip"],"picked":"Slice","floor":1},{"not_picked":["Bouncing Flask","Poisoned Stab"],"picked":"Backstab","floor":4},{"not_picked":["Burst","Slice"],"picked":"Terror","floor":8},{"not_picked":["Flechettes","Terror"],"picked":"Quick Slash","floor":10},{"not_picked":["Prepared","Dagger Spray"],"picked":"PiercingWail","floor":14},{"not_picked":["Doppelganger","Tools of the Trade"],"picked":"Malaise","floor":16},{"not_picked":["Distraction","Quick Slash","Poisoned Stab"],"picked":"SKIP","floor":18},{"not_picked":["Outmaneuver","Bane"],"picked":"Footwork+1","floor":20},{"not_picked":["Quick Slash","Bane"],"picked":"Deadly Poison","floor":22},{"not_picked":["Sucker Punch","Deadly Poison"],"picked":"Well Laid Plans","floor":24},{"not_picked":["Calculated Gamble","Masterful Stab"],"picked":"Deflect","floor":25},{"not_picked":["Reflex","Dagger Spray"],"picked":"All Out Attack+1","floor":28},{"not_picked":["Acrobatics+1","Endless Agony"],"picked":"Blade Dance","floor":29},{"not_picked":["Tools of the Trade","Backstab"],"picked":"Dash+1","floor":31},{"not_picked":["Burst","Adrenaline"],"picked":"After Image","floor":33},{"not_picked":["Setup","Quick Slash"],"picked":"Caltrops","floor":35},{"not_picked":["Dagger Throw","Finisher"],"picked":"Leg Sweep","floor":39},{"not_picked":["Slice","Grand Finale","Well Laid Plans"],"picked":"SKIP","floor":40},{"not_picked":["Metamorphosis","Mayhem"],"picked":"Dark Shackles","floor":42},{"not_picked":["Madness","Metamorphosis"],"picked":"Good Instincts","floor":42},{"not_picked":["Tactician","Sucker Punch"],"picked":"Heel Hook","floor":44},{"not_picked":["Well Laid Plans","Cloak And Dagger"],"picked":"Blur+1","floor":46},{"not_picked":["Dodge and Roll","Quick Slash"],"picked":"Backflip","floor":47},{"not_picked":["Concentrate","Dagger Throw"],"picked":"Calculated Gamble","floor":55}],"player_experience":1188965,"relics_obtained":[{"floor":8,"key":"War Paint"},{"floor":9,"key":"Pantograph"},{"floor":10,"key":"Vajra"},{"floor":14,"key":"Bird Faced Urn"},{"floor":25,"key":"Shuriken"},{"floor":26,"key":"Gambling Chip"},{"floor":31,"key":"Regal Pillow"},{"floor":39,"key":"Girya"},{"floor":40,"key":"Letter Opener"},{"floor":46,"key":"Bottled Lightning"},{"floor":55,"key":"Meat on the Bone"}],"event_choices":[{"damage_healed":0,"gold_gain":0,"player_choice":"Got Potions","damage_taken":0,"max_hp_gain":0,"max_hp_loss":0,"event_name":"Lab","floor":2,"gold_loss":0},{"damage_healed":0,"gold_gain":0,"player_choice":"Grow","damage_taken":0,"max_hp_gain":0,"max_hp_loss":0,"event_name":"Living Wall","floor":5,"gold_loss":0,"cards_upgraded":["Noxious Fumes"]},{"damage_healed":0,"gold_gain":75,"player_choice":"Gather Gold","damage_taken":11,"max_hp_gain":0,"max_hp_loss":0,"event_name":"World of Goop","floor":7,"gold_loss":0},{"damage_healed":0,"gold_gain":0,"player_choice":"Ignored","damage_taken":0,"max_hp_gain":0,"max_hp_loss":0,"event_name":"Shining Light","floor":11,"gold_loss":0},{"damage_healed":0,"gold_gain":0,"player_choice":"Lose Max HP","damage_taken":0,"relics_obtained":["Golden Idol"],"max_hp_gain":0,"max_hp_loss":7,"event_name":"Golden Idol","floor":13,"gold_loss":0},{"damage_healed":0,"gold_gain":0,"player_choice":"Upgraded","damage_taken":0,"max_hp_gain":0,"max_hp_loss":0,"event_name":"Upgrade Shrine","floor":19,"gold_loss":0,"cards_upgraded":["Malaise"]},{"cards_removed":["Defend_G"],"damage_healed":0,"gold_gain":0,"player_choice":"Removed Skill","damage_taken":0,"max_hp_gain":0,"max_hp_loss":0,"event_name":"Falling","floor":36,"gold_loss":0},{"damage_healed":0,"gold_gain":0,"player_choice":"Ignored","damage_taken":0,"max_hp_gain":0,"max_hp_loss":0,"event_name":"Tomb of Lord Red Mask","floor":38,"gold_loss":0},{"damage_healed":0,"gold_gain":0,"player_choice":"Fight","damage_taken":0,"max_hp_gain":0,"max_hp_loss":0,"event_name":"Mysterious Sphere","floor":39,"gold_loss":0},{"damage_healed":0,"gold_gain":0,"player_choice":"Memory 3","damage_taken":10,"max_hp_gain":0,"max_hp_loss":0,"event_name":"SensoryStone","floor":42,"gold_loss":0}],"is_beta":false,"boss_relics":[{"not_picked":["HoveringKite","Eternal Feather"],"picked":"Astrolabe"},{"not_picked":["Black Star","Philosopher\u0027s Stone"],"picked":"Coffee Dripper"}],"items_purged_floors":[21,37],"is_endless":false,"potions_floor_spawned":[8,10,20,24,30,31,35,47,55],"ascension_level":20}