{"gold_per_floor":[112,122,122,23,73,73,108,123,123,142,67,96,108,119,119,196,196,213,229,194,53,69,69,119,147,172,4,29,279,296,308,308,387,387,404,422,66,83,133,168,168,318,344,375,425,442,442,476,476,476,476,476,11,11],"floor_reached":54,"playtime":4864,"items_purged":["Strike_G","Writhe","Strike_G"],"score":1345,"play_id":"abec3ec3-624e-4810-8e10-330890e765a6","local_time":"20190713135124","is_ascension_mode":true,"campfire_choices":[{"data":"Terror","floor":6.0,"key":"SMITH"},{"data":"Burst","floor":15.0,"key":"SMITH"},{"data":"Blade Dance","floor":23.0,"key":"SMITH"},{"floor":32.0,"key":"REST"},{"floor":41.0,"key":"REST"},{"data":"After Image","floor":47.0,"key":"SMITH"},{"floor":49,"key":"RECALL"},{"data":"Footwork","floor":52,"key":"SMITH"}],"neow_cost":"NONE","seed_source_timestamp":0,"circlet_count":0,"master_deck":["AscendersBane","Strike_G","Strike_G","Defend_G","Defend_G","Defend_G","Defend_G","Defend_G","Survivor","Neutralize","Terror+1","Infinite Blades","Blur","Burst+1","Slice","Slice+1","Predator","Infinite Blades","Well Laid Plans","After Image+1","Dodge and Roll+1","Blade Dance+1","A Thousand Cuts","Blur","Footwork+1","Dramatic Entrance+1","Envenom","Infinite Blades","Backflip"],"special_seed":0,"relics":["Ring of the Snake","NeowsBlessing","SsserpentHead","Ninja Scroll","Matryoshka","PreservedInsect","WristBlade","Mummified Hand","Snake Skull","Bag of Marbles","Ornamental Fan","Happy Flower","Black Star","Pear","Boot","StoneCalendar","Turnip","Bottled Flame","Vajra","Dream Catcher","Mercury Hourglass","Darkstone Periapt","Whetstone","Oddly Smooth Stone"],"potions_floor_usage":[50,50],"damage_taken":[{"damage":0.0,"enemies":"Cultist","floor":1.0,"turns":1.0},{"damage":0.0,"enemies":"Jaw Worm","floor":2.0,"turns":1.0},{"damage":0.0,"enemies":"Gremlin Nob","floor":7.0,"turns":1.0},{"damage":0.0,"enemies":"2 Louse","floor":8.0,"turns":3.0},{"damage":0.0,"enemies":"Exordium Wildlife","floor":10.0,"turns":4.0},{"damage":7.0,"enemies":"Lagavulin","floor":12.0,"turns":5.0},{"damage":0.0,"enemies":"Looter","floor":13.0,"turns":4.0},{"damage":2.0,"enemies":"Red Slaver","floor":14.0,"turns":2.0},{"damage":18.0,"enemies":"Hexaghost","floor":16.0,"turns":10.0},{"damage":0.0,"enemies":"3 Byrds","floor":18.0,"turns":5.0},{"damage":0.0,"enemies":"Shell Parasite","floor":19.0,"turns":4.0},{"damage":19.0,"enemies":"Cultist and Chosen","floor":22.0,"turns":5.0},{"damage":22.0,"enemies":"Slavers","floor":25.0,"turns":5.0},{"damage":0.0,"enemies":"Book of Stabbing","floor":28.0,"turns":5.0},{"damage":0.0,"enemies":"Centurion and Healer","floor":30.0,"turns":5.0},{"damage":4.0,"enemies":"Snake Plant","floor":31.0,"turns":5.0},{"damage":7.0,"enemies":"Champ","floor":33.0,"turns":15.0},{"damage":0.0,"enemies":"Orb Walker","floor":35.0,"turns":4.0},{"damage":6.0,"enemies":"3 Shapes","floor":36.0,"turns":4.0},{"damage":0.0,"enemies":"Transient","floor":38.0,"turns":5.0},{"damage":27.0,"enemies":"Reptomancer","floor":40.0,"turns":5.0},{"damage":4.0,"enemies":"Mind Bloom Boss Battle","floor":42.0,"turns":6.0},{"damage":9.0,"enemies":"Nemesis","floor":44.0,"turns":5.0},{"damage":0.0,"enemies":"Sphere and 2 Shapes","floor":46.0,"turns":2.0},{"damage":1.0,"enemies":"Reptomancer","floor":48.0,"turns":4.0},{"damage":41,"enemies":"Awakened One","floor":50,"turns":13},{"damage":75,"enemies":"Shield and Spear","floor":54,"turns":6}],"seed_played":"1545998822269219038","potions_obtained":[{"floor":2.0,"key":"Fire Potion"},{"floor":7.0,"key":"SpeedPotion"},{"floor":12.0,"key":"Block Potion"},{"floor":16.0,"key":"EntropicBrew"},{"floor":25.0,"key":"Weak Potion"},{"floor":30.0,"key":"SkillPotion"},{"floor":31.0,"key":"Poison Potion"},{"floor":33.0,"key":"Explosive Potion"},{"floor":35.0,"key":"Energy Potion"},{"floor":40.0,"key":"Regen Potion"},{"floor":42.0,"key":"AttackPotion"},{"floor":46.0,"key":"GhostInAJar"}],"is_trial":false,"path_per_floor":["M","M","?","$","?","R","E","M","T","M","$","E","M","M","R","B",null,"M","M","?","$","M","R","?","E","T","$","E","?","M","M","R","B",null,"M","M","$","M","?","E","R","?","T","E","?","M","R","E","R","B",null,"R","$","E"],"character_chosen":"THE_SILENT","items_purchased":["Blur","Predator","A Thousand Cuts","Footwork","Dramatic Entrance","Pear","Oddly Smooth Stone","Strength Potion","Infinite Blades","Backflip"],"campfire_rested":2,"item_purchase_floors":[4,11,21,27,27,37,53,53,53,53],"current_hp_per_floor":[63,63,63,63,63,63,63,63,63,63,63,56,56,54,54,36,62,62,62,62,62,43,43,43,21,21,21,21,21,21,17,38,31,60,60,54,64,64,64,37,61,72,72,63,63,63,63,62,62,21,65,65,65,0],"gold":11,"neow_bonus":"THREE_ENEMY_KILL","is_prod":false,"is_daily":false,"chose_seed":false,"campfire_upgraded":5,"win_rate":0,"timestamp":1563040284,"path_taken":["M","M","?","?","?","R","E","M","T","M","$","E","M","M","R","BOSS","M","M","?","$","M","R","?","E","T","$","E","?","M","M","R","BOSS","M","M","$","M","?","E","R","?","T","E","?","M","R","E","R","BOSS","R","$","E"],"build_version":"2019-07-05","purchased_purges":3,"victory":false,"max_hp_per_floor":[70,70,70,70,70,70,70,70,70,70,70,70,70,70,70,70,70,70,70,70,70,70,70,70,70,70,70,70,70,70,70,70,70,70,70,70,80,80,80,80,80,80,80,80,80,80,80,80,80,80,80,80,80,80],"card_choices":[{"not_picked":["Dagger Throw","Bouncing Flask"],"picked":"Terror","floor":1.0},{"not_picked":["Sucker Punch","Heel Hook"],"picked":"Infinite Blades","floor":2.0},{"not_picked":["Distraction","Deadly Poison"],"picked":"Slice","floor":7.0},{"not_picked":["Setup","Concentrate","Tactician"],"picked":"SKIP","floor":8.0},{"not_picked":["PiercingWail","Dodge and Roll"],"picked":"Slice","floor":10.0},{"not_picked":["PiercingWail","Bullet Time","Flechettes"],"picked":"SKIP","floor":12.0},{"not_picked":["Poisoned Stab","Bane"],"picked":"Infinite Blades","floor":13.0},{"not_picked":["Dagger Throw","Poisoned Stab"],"picked":"Well Laid Plans","floor":14.0},{"not_picked":["Night Terror","Tools of the Trade"],"picked":"After Image","floor":16.0},{"not_picked":["Blade Dance","Caltrops"],"picked":"Dodge and Roll+1","floor":18.0},{"not_picked":["Poisoned Stab+1","Underhanded Strike"],"picked":"Blade Dance","floor":19.0},{"not_picked":["Dagger Spray","Blade Dance","Deadly Poison"],"picked":"SKIP","floor":22.0},{"not_picked":["Prepared","Bouncing Flask"],"picked":"Blur","floor":25.0},{"not_picked":["Burst","Prepared","PiercingWail"],"picked":"SKIP","floor":28.0},{"not_picked":["Heel Hook","Deadly Poison","Dodge and Roll"],"picked":"SKIP","floor":30.0},{"not_picked":["Bane","Catalyst","Dodge and Roll"],"picked":"SKIP","floor":31.0},{"not_picked":["Night Terror","Malaise"],"picked":"Envenom","floor":33.0},{"not_picked":["Cloak And Dagger","Acrobatics","Poisoned Stab"],"picked":"SKIP","floor":35.0},{"not_picked":["Outmaneuver","Acrobatics","Quick Slash"],"picked":"SKIP","floor":36.0},{"not_picked":["Acrobatics","Deadly Poison+1","Infinite Blades"],"picked":"SKIP","floor":38.0},{"not_picked":["Tactician","Acrobatics"],"picked":"Deadly Poison+1","floor":40.0},{"not_picked":["Outmaneuver+1","Dagger Throw","Bane"],"picked":"SKIP","floor":44.0},{"not_picked":["Quick Slash+1","Dodge and Roll","Prepared+1"],"picked":"SKIP","floor":46.0},{"not_picked":["Glass Knife","Deadly Poison","Prepared"],"picked":"SKIP","floor":48.0}],"player_experience":514528,"relics_obtained":[{"floor":7.0,"key":"Ninja Scroll"},{"floor":9.0,"key":"Matryoshka"},{"floor":12.0,"key":"PreservedInsect"},{"floor":25.0,"key":"Bag of Marbles"},{"floor":26.0,"key":"Ornamental Fan"},{"floor":28.0,"key":"Happy Flower"},{"floor":40.0,"key":"Boot"},{"floor":40.0,"key":"StoneCalendar"},{"floor":42.0,"key":"Turnip"},{"floor":43.0,"key":"Bottled Flame"},{"floor":43.0,"key":"Vajra"},{"floor":44.0,"key":"Dream Catcher"},{"floor":44.0,"key":"Mercury Hourglass"},{"floor":48.0,"key":"Darkstone Periapt"},{"floor":48.0,"key":"Whetstone"}],"event_choices":[{"damage_healed":0.0,"max_hp_gain":0.0,"max_hp_loss":0.0,"gold_gain":0.0,"event_name":"FaceTrader","player_choice":"Trade","floor":3.0,"gold_loss":0.0,"damage_taken":0.0,"relics_obtained":["SsserpentHead"]},{"damage_healed":0.0,"max_hp_gain":0.0,"max_hp_loss":0.0,"gold_gain":0.0,"cards_transformed":["Strike_G"],"event_name":"Living Wall","player_choice":"Change","floor":5.0,"gold_loss":0.0,"damage_taken":0.0,"cards_obtained":["Burst"]},{"damage_healed":0.0,"max_hp_gain":0.0,"max_hp_loss":0.0,"gold_gain":0.0,"event_name":"Addict","player_choice":"Obtained Relic","floor":20.0,"gold_loss":85.0,"damage_taken":0.0,"relics_obtained":["Mummified Hand"]},{"damage_healed":0.0,"max_hp_gain":0.0,"max_hp_loss":0.0,"gold_gain":0.0,"event_name":"The Mausoleum","player_choice":"Opened","floor":24.0,"gold_loss":0.0,"damage_taken":0.0,"relics_obtained":["Snake Skull"],"cards_obtained":["Writhe"]},{"damage_healed":0.0,"max_hp_gain":0.0,"max_hp_loss":0.0,"gold_gain":250.0,"event_name":"The Joust","player_choice":"Bet on Owner","floor":29.0,"gold_loss":50.0,"damage_taken":0.0},{"damage_healed":0.0,"max_hp_gain":0.0,"max_hp_loss":0.0,"gold_gain":0.0,"event_name":"Tomb of Lord Red Mask","player_choice":"Ignored","floor":39.0,"gold_loss":0.0,"damage_taken":0.0},{"damage_healed":0.0,"max_hp_gain":0.0,"max_hp_loss":0.0,"gold_gain":0.0,"event_name":"MindBloom","player_choice":"Fight","floor":42.0,"gold_loss":0.0,"damage_taken":0.0},{"cards_removed":["Deadly Poison"],"damage_healed":0.0,"max_hp_gain":0.0,"max_hp_loss":0.0,"gold_gain":0.0,"event_name":"Falling","player_choice":"Removed Skill","floor":45.0,"gold_loss":0.0,"damage_taken":0.0}],"is_beta":false,"boss_relics":[{"not_picked":["Runic Dome","Sozu"],"picked":"WristBlade"},{"not_picked":["Busted Crown","Coffee Dripper"],"picked":"Black Star"}],"items_purged_floors":[4,37,53],"is_endless":false,"potions_floor_spawned":[2,7,12,14,16,25,30,31,33,35,40,42,46],"killed_by":"Shield and Spear","ascension_level":13}