{"gold_per_floor":[119,119,136,136,146,179,179,196,222,248,268,268,282,177,177,282,282,296,314,413,108,31,65,77,91,145,145,159,159,175,175,175,273,273,284,0,0,0],"floor_reached":38,"playtime":1164,"items_purged":["Strike_R"],"score":406,"play_id":"a6a621e0-8132-4e2c-8c1c-8cbdedfb71dd","local_time":"20180821184430","is_ascension_mode":false,"campfire_choices":[{"data":"Body Slam","floor":7.0,"key":"SMITH"},{"data":"Metallicize","floor":12.0,"key":"SMITH"},{"data":"Whirlwind","floor":15.0,"key":"SMITH"},{"data":"Demon Form","floor":27.0,"key":"SMITH"},{"floor":29.0,"key":"REST"},{"floor":32.0,"key":"REST"}],"neow_cost":"NONE","seed_source_timestamp":0,"circlet_count":0,"master_deck":["Strike_R+1","Strike_R+1","Strike_R+1","Defend_R+1","Defend_R+1","Defend_R+1","Defend_R+1","Bash+1","Clash+1","Shrug It Off+1","Thunderclap+1","Body Slam+1","Thunderclap+1","Metallicize+1","Battle Trance+1","Dropkick+1","Ghostly Armor+1","Whirlwind+1","Impatience+1","Demon Form+1","Anger+1","Thunderclap+1","Apotheosis+1","Shrug It Off+1","J.A.X.+1","Whirlwind+1","Clothesline+1","Headbutt+1","Spot Weakness+1","Entrench+1","Dropkick+1","Limit Break+1","Whirlwind+1"],"special_seed":0,"relics":["Burning Blood","Centennial Puzzle","Dream Catcher","Happy Flower","Sundial","Runic Dome","War Paint","Bronze Scales","Potion Belt","Philosopher\u0027s Stone","Red Mask","Mark of the Bloom"],"potions_floor_usage":[],"damage_taken":[{"damage":0.0,"enemies":"Jaw Worm","floor":1.0,"turns":3.0},{"damage":0.0,"enemies":"Small Slimes","floor":3.0,"turns":3.0},{"damage":3.0,"enemies":"2 Louse","floor":5.0,"turns":3.0},{"damage":18.0,"enemies":"3 Sentries","floor":6.0,"turns":6.0},{"damage":2.0,"enemies":"Looter","floor":8.0,"turns":2.0},{"damage":21.0,"enemies":"Lagavulin","floor":10.0,"turns":7.0},{"damage":0.0,"enemies":"2 Fungi Beasts","floor":11.0,"turns":3.0},{"damage":1.0,"enemies":"Exordium Wildlife","floor":13.0,"turns":3.0},{"damage":38.0,"enemies":"Hexaghost","floor":16.0,"turns":9.0},{"damage":22.0,"enemies":"Shell Parasite","floor":18.0,"turns":4.0},{"damage":0.0,"enemies":"3 Byrds","floor":19.0,"turns":3.0},{"damage":8.0,"enemies":"Gremlin Leader","floor":23.0,"turns":6.0},{"damage":5.0,"enemies":"3 Cultists","floor":24.0,"turns":3.0},{"damage":30.0,"enemies":"Snake Plant","floor":25.0,"turns":3.0},{"damage":8.0,"enemies":"Centurion and Healer","floor":28.0,"turns":3.0},{"damage":10.0,"enemies":"Snecko","floor":30.0,"turns":4.0},{"damage":60.0,"enemies":"Champ","floor":33.0,"turns":8.0},{"damage":18.0,"enemies":"3 Shapes","floor":35.0,"turns":6.0},{"damage":0,"floor":38,"turns":1}],"seed_played":"-5195692691030511593","potions_obtained":[{"floor":3.0,"key":"Explosive Potion"},{"floor":5.0,"key":"SteroidPotion"},{"floor":6.0,"key":"GamblersBrew"},{"floor":11.0,"key":"GamblersBrew"},{"floor":16.0,"key":"PowerPotion"},{"floor":19.0,"key":"EssenceOfSteel"},{"floor":28.0,"key":"SpeedPotion"},{"floor":30.0,"key":"Swift Potion"},{"floor":33.0,"key":"SpeedPotion"},{"floor":35.0,"key":"SkillPotion"}],"is_trial":false,"path_per_floor":["M","?","M","?","M","E","R","M","T","E","M","R","M","$","R","B",null,"M","M","?","$","?","E","M","M","T","R","M","R","M","T","R","B",null,"M","?","?"],"character_chosen":"IRONCLAD","items_purchased":["Impatience","Apotheosis","Shrug It Off"],"campfire_rested":2,"item_purchase_floors":[14,21,21],"current_hp_per_floor":[80,77,80,80,80,68,68,72,72,57,63,63,68,68,68,36,80,64,70,70,70,70,68,69,45,45,45,43,67,63,63,80,26,80,68,68,68,68],"gold":0,"neow_bonus":"THREE_CARDS","is_prod":false,"is_daily":false,"chose_seed":false,"campfire_upgraded":4,"win_rate":0,"timestamp":1534891470,"path_taken":["M","?","M","?","M","E","R","M","T","E","M","R","M","$","R","BOSS","M","M","?","$","?","E","M","M","T","R","M","R","?","?","R","BOSS","M","?","?","?"],"build_version":"2018-08-16","purchased_purges":1,"victory":false,"max_hp_per_floor":[80,80,80,80,80,80,80,80,80,80,80,80,80,80,80,80,80,80,80,80,80,80,80,80,80,80,80,80,80,80,80,80,80,80,80,80,80,80],"card_choices":[{"not_picked":["Anger","Flex"],"picked":"Clash","floor":0.0},{"not_picked":["Pommel Strike","Carnage"],"picked":"Shrug It Off","floor":1.0},{"not_picked":["Anger","Dual Wield"],"picked":"Thunderclap","floor":3.0},{"not_picked":["Wild Strike","Armaments"],"picked":"Thunderclap","floor":5.0},{"not_picked":["Body Slam","Thunderclap"],"picked":"Metallicize","floor":6.0},{"not_picked":["Infernal Blade","Armaments"],"picked":"Battle Trance","floor":8.0},{"not_picked":["Body Slam","True Grit"],"picked":"Dropkick","floor":10.0},{"not_picked":["Rupture","Flex"],"picked":"Ghostly Armor","floor":11.0},{"not_picked":["Clothesline","Twin Strike"],"picked":"Whirlwind","floor":13.0},{"not_picked":["Exhume","Fiend Fire"],"picked":"Demon Form","floor":16.0},{"not_picked":["Sword Boomerang","Hemokinesis"],"picked":"Anger+1","floor":18.0},{"not_picked":["Cleave","Sword Boomerang"],"picked":"Thunderclap","floor":19.0},{"not_picked":["Seeing Red","Anger+1"],"picked":"Whirlwind","floor":23.0},{"not_picked":["Iron Wave","Thunderclap","Flame Barrier"],"picked":"SKIP","floor":24.0},{"not_picked":["Pommel Strike","Anger+1"],"picked":"Clothesline+1","floor":25.0},{"not_picked":["Armaments","Combust"],"picked":"Headbutt","floor":28.0},{"not_picked":["Fire Breathing","Iron Wave"],"picked":"Spot Weakness","floor":29.0},{"not_picked":["Cleave","Burning Pact"],"picked":"Entrench+1","floor":30.0},{"not_picked":["Iron Wave","Uppercut"],"picked":"Dropkick","floor":32.0},{"not_picked":["Demon Form","Exhume"],"picked":"Limit Break","floor":33.0},{"not_picked":["Headbutt","Twin Strike"],"picked":"Whirlwind","floor":35.0}],"player_experience":527773,"relics_obtained":[{"floor":6.0,"key":"Dream Catcher"},{"floor":9.0,"key":"Happy Flower"},{"floor":10.0,"key":"Sundial"},{"floor":23.0,"key":"War Paint"},{"floor":26.0,"key":"Bronze Scales"},{"floor":31.0,"key":"Potion Belt"}],"event_choices":[{"event_name":"Scrap Ooze","player_choice":"success","floor":2.0,"damage_taken":3.0},{"event_name":"Living Wall","player_choice":"Change","floor":4.0,"damage_taken":0.0},{"event_name":"Nest","player_choice":"Stole From Cult","floor":20.0,"damage_taken":0.0},{"event_name":"Drug Dealer","player_choice":"Got JAXXED","floor":22.0,"damage_taken":0.0},{"event_name":"Tomb of Lord Red Mask","player_choice":"Paid","floor":36.0,"damage_taken":0.0},{"event_name":"MindBloom","player_choice":"Upgrade","floor":37.0,"damage_taken":0.0},{"event_name":"Mysterious Sphere","player_choice":"Ignore","floor":38,"damage_taken":0}],"is_beta":false,"boss_relics":[{"not_picked":["Calling Bell","Runic Pyramid"],"picked":"Runic Dome"},{"not_picked":["Astrolabe","Pandora\u0027s Box"],"picked":"Philosopher\u0027s Stone"}],"items_purged_floors":[21],"is_endless":false,"potions_floor_spawned":[3,5,6,11,16,19,28,30,33,35],"ascension_level":0}