{"gold_per_floor":[116,191,191,206,24,58,58,78,103,128,128,146,146,159,159,233,233,205,205,120,139,153,153,153,171,223,258,278,310,310,344,344,344],"floor_reached":33,"playtime":1774,"items_purged":["Strike_G"],"score":590,"play_id":"5d8daffb-df98-4f5a-a78c-13e19b10a2b4","local_time":"20181128212824","is_ascension_mode":true,"campfire_choices":[{"data":"Neutralize","floor":7.0,"key":"SMITH"},{"data":"Bouncing Flask","floor":11.0,"key":"SMITH"},{"data":"Well Laid Plans","floor":13.0,"key":"SMITH"},{"data":"Crippling Poison","floor":15.0,"key":"SMITH"},{"data":"Burst","floor":24.0,"key":"SMITH"},{"floor":30.0,"key":"REST"},{"floor":32.0,"key":"REST"}],"neow_cost":"NONE","seed_source_timestamp":0,"circlet_count":0,"master_deck":["AscendersBane","Defend_G+1","Defend_G+1","Defend_G+1","Defend_G+1","Defend_G+1","Strike_G+1","Strike_G+1","Strike_G+1","Strike_G+1","Survivor","Neutralize+1","Crippling Poison+1","Bouncing Flask+1","Quick Slash","Well Laid Plans+1","All Out Attack","Infinite Blades","PiercingWail","All Out Attack","Burst+1","Cloak And Dagger","Backflip","Dash","Backflip+1","Outmaneuver","Backflip"],"special_seed":0,"relics":["Ring of the Snake","Art of War","Smiling Mask","Lantern","Vajra","Runic Pyramid","Oddly Smooth Stone","PreservedInsect","Ice Cream","Red Mask","Blood Vial"],"potions_floor_usage":[],"damage_taken":[{"damage":1.0,"enemies":"Small Slimes","floor":1.0,"turns":6.0},{"damage":5.0,"enemies":"2 Louse","floor":4.0,"turns":3.0},{"damage":10.0,"enemies":"Lagavulin","floor":6.0,"turns":7.0},{"damage":4.0,"enemies":"Jaw Worm","floor":8.0,"turns":6.0},{"damage":8.0,"enemies":"Gremlin Nob","floor":10.0,"turns":4.0},{"damage":0.0,"enemies":"3 Louse","floor":12.0,"turns":2.0},{"damage":0.0,"enemies":"Looter","floor":14.0,"turns":2.0},{"damage":11.0,"enemies":"The Guardian","floor":16.0,"turns":9.0},{"damage":1.0,"enemies":"2 Thieves","floor":18.0,"turns":4.0},{"damage":8.0,"enemies":"Colosseum Slavers","floor":19.0,"turns":4.0},{"damage":18.0,"enemies":"Shell Parasite","floor":21.0,"turns":6.0},{"damage":6.0,"enemies":"Centurion and Healer","floor":22.0,"turns":5.0},{"damage":5.0,"enemies":"Cultist and Chosen","floor":25.0,"turns":4.0},{"damage":3.0,"enemies":"Slavers","floor":27.0,"turns":3.0},{"damage":2.0,"enemies":"Shelled Parasite and Fungi","floor":28.0,"turns":6.0},{"damage":13.0,"enemies":"Masked Bandits","floor":29.0,"turns":4.0},{"damage":21.0,"enemies":"Gremlin Leader","floor":31.0,"turns":6.0},{"damage":40,"enemies":"Champ","floor":33,"turns":11}],"seed_played":"3673520582206265446","potions_obtained":[{"floor":4.0,"key":"FearPotion"},{"floor":8.0,"key":"GhostInAJar"},{"floor":10.0,"key":"Strength Potion"},{"floor":16.0,"key":"GamblersBrew"},{"floor":18.0,"key":"AttackPotion"},{"floor":22.0,"key":"SteroidPotion"},{"floor":28.0,"key":"AttackPotion"},{"floor":31.0,"key":"Fire Potion"}],"is_trial":false,"path_per_floor":["M","?","?","M","$","E","R","M","T","E","R","M","R","M","R","B",null,"M","?","?","M","M","?","R","M","T","E","M","?","R","E","R","B"],"character_chosen":"THE_SILENT","items_purchased":["Quick Slash","Well Laid Plans"],"campfire_rested":2,"item_purchase_floors":[5,5],"current_hp_per_floor":[58,47,52,47,47,37,37,33,33,25,25,25,25,25,25,14,57,56,48,48,30,24,24,24,19,19,16,14,1,22,1,22,0],"gold":344,"neow_bonus":"RANDOM_COMMON_RELIC","is_prod":false,"is_daily":false,"chose_seed":false,"campfire_upgraded":5,"win_rate":0,"timestamp":1543458504,"path_taken":["M","?","?","M","$","E","R","M","T","E","R","M","R","M","R","BOSS","M","?","?","?","M","?","R","M","T","E","M","?","R","E","R","BOSS"],"build_version":"2018-11-15","purchased_purges":1,"victory":false,"max_hp_per_floor":[66,66,71,71,71,71,71,71,71,71,71,71,71,71,71,71,71,71,71,71,71,71,71,71,71,71,71,71,71,71,71,71,71],"card_choices":[{"not_picked":["Backflip","Cloak And Dagger"],"picked":"Crippling Poison","floor":1.0},{"not_picked":["Prepared","Deflect"],"picked":"Bouncing Flask","floor":4.0},{"not_picked":["Riddle With Holes","Phantasmal Killer"],"picked":"All Out Attack","floor":6.0},{"not_picked":["Reflex","Caltrops"],"picked":"Infinite Blades","floor":8.0},{"not_picked":["Poisoned Stab","Endless Agony"],"picked":"PiercingWail","floor":10.0},{"not_picked":["Slice","Acrobatics","Prepared"],"picked":"SKIP","floor":12.0},{"not_picked":["Prepared","Bane"],"picked":"All Out Attack","floor":14.0},{"not_picked":["Doppelganger","Wraith Form v2"],"picked":"Burst","floor":16.0},{"not_picked":["Bane","Slice","Reflex"],"picked":"SKIP","floor":18.0},{"not_picked":["Bane","All Out Attack","Well Laid Plans"],"picked":"SKIP","floor":21.0},{"not_picked":["Dagger Spray","Underhanded Strike"],"picked":"Cloak And Dagger","floor":22.0},{"not_picked":["PiercingWail","Slice"],"picked":"Backflip","floor":25.0},{"not_picked":["Sucker Punch+1","Reflex+1"],"picked":"Dash","floor":27.0},{"not_picked":["Poisoned Stab","Choke"],"picked":"Backflip+1","floor":28.0},{"not_picked":["Acrobatics","Riddle With Holes"],"picked":"Outmaneuver","floor":29.0},{"not_picked":["Terror","Masterful Stab"],"picked":"Backflip","floor":31.0}],"player_experience":1183215,"relics_obtained":[{"floor":6.0,"key":"Smiling Mask"},{"floor":9.0,"key":"Lantern"},{"floor":10.0,"key":"Vajra"},{"floor":26.0,"key":"PreservedInsect"},{"floor":27.0,"key":"Ice Cream"},{"floor":29.0,"key":"Red Mask"},{"floor":31.0,"key":"Blood Vial"}],"event_choices":[{"damage_healed":0.0,"max_hp_gain":0.0,"max_hp_loss":0.0,"gold_gain":75.0,"event_name":"World of Goop","player_choice":"Gather Gold","floor":2.0,"gold_loss":0.0,"damage_taken":11.0},{"damage_healed":0.0,"max_hp_gain":5.0,"max_hp_loss":0.0,"gold_gain":0.0,"event_name":"Big Fish","player_choice":"Donut","floor":3.0,"gold_loss":0.0,"damage_taken":0.0},{"damage_healed":0.0,"max_hp_gain":0.0,"max_hp_loss":0.0,"gold_gain":0.0,"event_name":"Colosseum","player_choice":"Fight","floor":19.0,"gold_loss":0.0,"damage_taken":0.0},{"damage_healed":0.0,"max_hp_gain":0.0,"max_hp_loss":0.0,"gold_gain":0.0,"event_name":"Colosseum","player_choice":"Fled From Nobs","floor":19.0,"gold_loss":0.0,"damage_taken":0.0},{"damage_healed":0.0,"max_hp_gain":0.0,"max_hp_loss":0.0,"gold_gain":0.0,"event_name":"Addict","player_choice":"Obtained Relic","floor":20.0,"gold_loss":85.0,"damage_taken":0.0,"relics_obtained":["Oddly Smooth Stone"]},{"damage_healed":0.0,"max_hp_gain":0.0,"max_hp_loss":0.0,"gold_gain":0.0,"event_name":"Back to Basics","player_choice":"Simplicity","floor":23.0,"gold_loss":0.0,"damage_taken":0.0,"cards_upgraded":["Defend_G","Defend_G","Defend_G","Defend_G","Defend_G","Strike_G","Strike_G","Strike_G","Strike_G"]},{"damage_healed":0.0,"max_hp_gain":0.0,"max_hp_loss":0.0,"gold_gain":0.0,"event_name":"Masked Bandits","player_choice":"Fought Bandits","floor":29.0,"gold_loss":0.0,"damage_taken":0.0}],"is_beta":false,"boss_relics":[{"not_picked":["Busted Crown","Pandora\u0027s Box"],"picked":"Runic Pyramid"}],"items_purged_floors":[5],"is_endless":false,"potions_floor_spawned":[4,8,10,16,18,22,25,28,31],"killed_by":"Champ","ascension_level":20}