{"gold_per_floor":[118,118,131,148,148,148,148,42,42,67,67,101,114,148,148,222,222,239,239,255,11,30,63,83,83],"floor_reached":25,"playtime":1066,"items_purged":["Strike_G+1"],"score":482,"play_id":"bd60863a-7700-4649-a166-5ba1234d3d43","local_time":"20190119211121","is_ascension_mode":true,"campfire_choices":[{"data":"Noxious Fumes","floor":6,"key":"SMITH"},{"data":"Skewer","floor":11,"key":"SMITH"},{"floor":15,"key":"REST"}],"neow_cost":"NONE","seed_source_timestamp":33711671817851,"circlet_count":0,"master_deck":["AscendersBane","Defend_G+1","Defend_G+1","Defend_G+1","Defend_G+1","Defend_G+1","Strike_G+1","Strike_G+1","Strike_G+1","Survivor","Neutralize+1","Skewer+1","Noxious Fumes+1","Flying Knee","Footwork","Cloak And Dagger","Deadly Poison","Well Laid Plans","Infinite Blades","Night Terror","Deflect","Footwork","Cloak And Dagger"],"relics":["Ring of the Snake","Mummified Hand","Happy Flower","Shuriken","Coffee Dripper","Omamori","Mercury Hourglass"],"potions_floor_usage":[10,23,25],"damage_taken":[{"damage":3,"enemies":"Cultist","floor":1,"turns":4},{"damage":5,"enemies":"Jaw Worm","floor":3,"turns":5},{"damage":2,"enemies":"2 Louse","floor":4,"turns":3},{"damage":2,"enemies":"Lagavulin","floor":10,"turns":9},{"damage":19,"enemies":"3 Sentries","floor":12,"turns":7},{"damage":4,"enemies":"Exordium Thugs","floor":13,"turns":4},{"damage":21,"enemies":"Gremlin Nob","floor":14,"turns":4},{"damage":5,"enemies":"Hexaghost","floor":16,"turns":8},{"damage":9,"enemies":"Spheric Guardian","floor":18,"turns":6},{"damage":0,"enemies":"Chosen","floor":20,"turns":2},{"damage":10,"enemies":"Snake Plant","floor":22,"turns":4},{"damage":30,"enemies":"Book of Stabbing","floor":23,"turns":6},{"damage":8,"enemies":"Shelled Parasite and Fungi","floor":24,"turns":5},{"damage":10,"enemies":"Snecko","floor":25,"turns":2}],"seed_played":"-3290652028390221328","potions_obtained":[{"floor":4,"key":"EssenceOfSteel"},{"floor":14,"key":"GhostInAJar"},{"floor":16,"key":"SteroidPotion"},{"floor":24,"key":"PowerPotion"}],"is_trial":false,"path_per_floor":["M","?","M","M","?","R","?","$","T","E","R","E","M","E","R","B",null,"M","?","M","$","M","E","M","M"],"character_chosen":"THE_SILENT","items_purchased":["Footwork","Cloak And Dagger","Omamori"],"campfire_rested":1,"item_purchase_floors":[8,8,21],"current_hp_per_floor":[62,62,57,55,48,48,53,53,53,51,51,32,28,7,30,25,64,55,55,55,55,45,15,7,0],"gold":83,"neow_bonus":"TEN_PERCENT_HP_BONUS","is_prod":false,"is_daily":false,"chose_seed":false,"campfire_upgraded":2,"win_rate":0,"timestamp":1547950281,"path_taken":["M","?","M","M","?","R","?","?","T","E","R","E","?","E","R","BOSS","M","?","M","$","M","E","M","M"],"build_version":"2019-01-17v2","purchased_purges":1,"victory":false,"max_hp_per_floor":[72,72,72,72,72,72,77,77,77,77,77,77,77,77,77,77,77,77,77,77,77,77,77,77,77],"card_choices":[{"not_picked":["Dagger Spray","Cloak And Dagger"],"picked":"Skewer","floor":1},{"not_picked":["Bane","Setup"],"picked":"Noxious Fumes","floor":3},{"not_picked":["Outmaneuver","Choke"],"picked":"Flying Knee","floor":4},{"not_picked":["Blade Dance","Dodge and Roll"],"picked":"Deadly Poison","floor":10},{"not_picked":["Concentrate","Underhanded Strike"],"picked":"Well Laid Plans","floor":12},{"not_picked":["Sucker Punch","Finisher"],"picked":"Infinite Blades","floor":13},{"not_picked":["Heel Hook","All Out Attack","Dagger Throw"],"picked":"SKIP","floor":14},{"not_picked":["Tools of the Trade","Phantasmal Killer"],"picked":"Night Terror","floor":16},{"not_picked":["Slice","Acrobatics"],"picked":"Deflect","floor":18},{"not_picked":["Dodge and Roll","Blade Dance"],"picked":"Footwork","floor":20},{"not_picked":["Escape Plan","Slice+1","Masterful Stab+1"],"picked":"SKIP","floor":22},{"not_picked":["Masterful Stab","Poisoned Stab"],"picked":"Cloak And Dagger","floor":23},{"not_picked":["Cloak And Dagger","Endless Agony","Dodge and Roll"],"picked":"SKIP","floor":24}],"player_experience":1340925,"relics_obtained":[{"floor":10,"key":"Mummified Hand"},{"floor":12,"key":"Happy Flower"},{"floor":14,"key":"Shuriken"},{"floor":23,"key":"Mercury Hourglass"}],"event_choices":[{"damage_healed":0,"gold_gain":0,"player_choice":"Grow","damage_taken":0,"max_hp_gain":0,"max_hp_loss":0,"event_name":"Living Wall","floor":2,"gold_loss":0,"cards_upgraded":["Neutralize"]},{"cards_removed":["Strike_G"],"damage_healed":0,"gold_gain":0,"player_choice":"Card Removal","damage_taken":7,"max_hp_gain":0,"max_hp_loss":0,"event_name":"Golden Wing","floor":5,"gold_loss":0},{"damage_healed":0,"gold_gain":0,"player_choice":"Donut","damage_taken":0,"max_hp_gain":5,"max_hp_loss":0,"event_name":"Big Fish","floor":7,"gold_loss":0},{"damage_healed":0,"gold_gain":0,"player_choice":"Simplicity","damage_taken":0,"max_hp_gain":0,"max_hp_loss":0,"event_name":"Back to Basics","floor":19,"gold_loss":0,"cards_upgraded":["Defend_G","Defend_G","Defend_G","Defend_G","Defend_G","Strike_G","Strike_G","Strike_G","Strike_G"]}],"is_beta":false,"boss_relics":[{"not_picked":["Pandora\u0027s Box","Busted Crown"],"picked":"Coffee Dripper"}],"items_purged_floors":[21],"is_endless":false,"potions_floor_spawned":[4,14,16,18,20,24],"killed_by":"Snecko","ascension_level":20}