{"gold_per_floor":[116,116,137,152,2,25,25,25,25,58,76,76,56,77,77,170,170,189,210,230,250,250,288,288,28,28,28,28,51,74,74],"floor_reached":31,"playtime":1215,"items_purged":["Strike_B","Strike_B"],"score":618,"play_id":"ac46cfc5-e810-4c34-b312-4fbc0a5c9fbe","local_time":"20190119145926","is_ascension_mode":true,"campfire_choices":[{"data":"Defragment","floor":7,"key":"SMITH"},{"data":"Zap","floor":12,"key":"SMITH"},{"data":"Dualcast","floor":15,"key":"SMITH"},{"floor":24,"key":"REST"},{"data":"Go for the Eyes","floor":28,"key":"SMITH"}],"neow_cost":"NONE","seed_source_timestamp":11246030587204,"circlet_count":0,"master_deck":["AscendersBane","Strike_B","Strike_B","Defend_B","Defend_B","Defend_B","Defend_B","Zap+1","Dualcast+1","Sweeping Beam","FTL","Cold Snap","Defragment+1","FTL","Ball Lightning","All For One","Electrodynamics","Redo+1","Go for the Eyes+1","Creative AI","Conserve Battery","Ghostly","Ghostly","Ghostly","All For One","Regret","Cold Snap"],"relics":["Cracked Core","Golden Idol","Ornamental Fan","Matryoshka","Cursed Key","Bag of Marbles","Membership Card","PreservedInsect","Pantograph","GremlinMask"],"potions_floor_usage":[10,11,16,16,21,31],"damage_taken":[{"damage":8,"enemies":"Small Slimes","floor":1,"turns":4},{"damage":4,"enemies":"Jaw Worm","floor":3,"turns":4},{"damage":2,"enemies":"2 Louse","floor":4,"turns":3},{"damage":4,"enemies":"Lots of Slimes","floor":6,"turns":2},{"damage":5,"enemies":"3 Sentries","floor":10,"turns":9},{"damage":1,"enemies":"Gremlin Gang","floor":11,"turns":4},{"damage":1,"enemies":"2 Fungi Beasts","floor":14,"turns":2},{"damage":0,"enemies":"Hexaghost","floor":16,"turns":6},{"damage":17,"enemies":"2 Thieves","floor":18,"turns":3},{"damage":9,"enemies":"Chosen","floor":19,"turns":4},{"damage":0,"enemies":"3 Cultists","floor":20,"turns":2},{"damage":29,"enemies":"Snake Plant","floor":21,"turns":4},{"damage":2,"enemies":"Slavers","floor":23,"turns":5},{"damage":10,"enemies":"Snecko","floor":29,"turns":4},{"damage":1,"enemies":"Centurion and Healer","floor":30,"turns":5},{"damage":8,"enemies":"Gremlin Leader","floor":31,"turns":1}],"seed_played":"-9127838441240113064","potions_obtained":[{"floor":1,"key":"EssenceOfSteel"},{"floor":4,"key":"Swift Potion"},{"floor":11,"key":"SpeedPotion"},{"floor":13,"key":"FearPotion"},{"floor":14,"key":"Block Potion"},{"floor":16,"key":"Strength Potion"},{"floor":18,"key":"SpeedPotion"},{"floor":20,"key":"PowerPotion"}],"is_trial":false,"path_per_floor":["M","?","M","M","$","M","R","$","T","E","M","R","?","M","R","B",null,"M","M","M","M","?","E","R","$","T","?","R","M","M","E"],"character_chosen":"DEFECT","items_purchased":["Defragment","Membership Card"],"campfire_rested":1,"item_purchase_floors":[5,25],"current_hp_per_floor":[63,36,32,30,30,26,26,26,26,21,20,20,20,19,19,19,63,46,37,37,8,8,6,17,17,17,17,17,7,6,0],"gold":74,"neow_bonus":"TEN_PERCENT_HP_BONUS","is_prod":false,"is_daily":false,"chose_seed":false,"campfire_upgraded":4,"win_rate":0,"timestamp":1547927966,"path_taken":["M","?","M","M","$","M","R","?","T","E","?","R","?","M","R","BOSS","M","?","M","?","?","E","R","$","T","?","R","?","M","E"],"build_version":"2019-01-17v2","purchased_purges":2,"victory":false,"max_hp_per_floor":[78,78,78,78,78,78,78,78,78,78,78,78,78,78,78,78,78,78,78,78,78,39,39,39,39,39,39,39,39,39,39],"card_choices":[{"not_picked":["Steam Power","Barrage"],"picked":"Sweeping Beam","floor":1},{"not_picked":["Steam","Chill"],"picked":"FTL","floor":3},{"not_picked":["Thunder Strike","Redo"],"picked":"Cold Snap","floor":4},{"not_picked":["Undo","Consume","Skim"],"picked":"SKIP","floor":6},{"not_picked":["Force Field","Skim"],"picked":"FTL","floor":10},{"not_picked":["Leap","Cold Snap"],"picked":"Ball Lightning","floor":11},{"not_picked":["Turbo","Conserve Battery"],"picked":"All For One","floor":14},{"not_picked":["All For One","Hyperbeam"],"picked":"Electrodynamics","floor":16},{"not_picked":["Darkness","Barrage"],"picked":"Redo+1","floor":18},{"not_picked":["Ball Lightning","Conserve Battery"],"picked":"Go for the Eyes","floor":19},{"not_picked":["Go for the Eyes","Rip and Tear"],"picked":"Creative AI","floor":20},{"not_picked":["Conserve Battery","Ball Lightning","Barrage"],"picked":"SKIP","floor":21},{"not_picked":["Ball Lightning","Barrage"],"picked":"Conserve Battery","floor":21},{"not_picked":["Hologram","Coolheaded"],"picked":"All For One","floor":23},{"not_picked":["Rebound","Barrage","Beam Cell"],"picked":"SKIP","floor":29},{"not_picked":["Darkness","Conserve Battery"],"picked":"Cold Snap","floor":30}],"player_experience":1333308,"relics_obtained":[{"floor":9,"key":"Ornamental Fan"},{"floor":10,"key":"Matryoshka"},{"floor":23,"key":"Bag of Marbles"},{"floor":26,"key":"PreservedInsect"},{"floor":26,"key":"Pantograph"}],"event_choices":[{"damage_healed":0,"gold_gain":0,"player_choice":"Take Damage","damage_taken":27,"relics_obtained":["Golden Idol"],"max_hp_gain":0,"max_hp_loss":0,"event_name":"Golden Idol","floor":2,"gold_loss":0},{"damage_healed":0,"gold_gain":0,"player_choice":"Bought 1 Potion","damage_taken":0,"max_hp_gain":0,"max_hp_loss":0,"event_name":"The Woman in Blue","floor":13,"gold_loss":0},{"damage_healed":0,"gold_gain":0,"player_choice":"Became a Ghost","damage_taken":0,"max_hp_gain":0,"max_hp_loss":39,"event_name":"Ghosts","floor":22,"gold_loss":0,"cards_obtained":["Ghostly","Ghostly","Ghostly"]},{"damage_healed":0,"gold_gain":0,"player_choice":"Trade","damage_taken":0,"relics_obtained":["GremlinMask"],"max_hp_gain":0,"max_hp_loss":0,"event_name":"FaceTrader","floor":27,"gold_loss":0}],"is_beta":false,"boss_relics":[{"not_picked":["Sozu","Velvet Choker"],"picked":"Cursed Key"}],"items_purged_floors":[5,25],"is_endless":false,"potions_floor_spawned":[1,4,11,14,16,18,19,20],"killed_by":"Gremlin Leader","ascension_level":20}