{"gold_per_floor":[112,112,130,141,154,154,184,184,208,208,222,235,247,247,247,247],"floor_reached":16,"playtime":1090,"items_purged":[],"score":109,"play_id":"85195cb8-3903-4d4a-ac47-4c3ff5e7bf99","local_time":"20180629131727","is_ascension_mode":true,"campfire_choices":[{"data":"Outmaneuver","floor":6,"key":"SMITH"},{"floor":8,"key":"REST"},{"floor":10,"key":"REST"},{"data":"Neutralize","floor":15,"key":"SMITH"}],"neow_cost":"","seed_source_timestamp":154609903195115,"circlet_count":0,"master_deck":["Defend_G","Defend_G","Defend_G","Defend_G+1","Defend_G","Strike_G","Strike_G+1","Strike_G","Strike_G","Strike_G","Survivor","Neutralize+1","Outmaneuver+1","Flying Knee","Slice","Quick Slash","Dagger Throw"],"special_seed":17711,"relics":["Ring of the Snake","Anchor","Bag of Preparation","Letter Opener"],"potions_floor_usage":[7,7,16],"damage_taken":[{"damage":1,"enemies":"Cultist","floor":1,"turns":5},{"damage":0,"enemies":"2 Louse","floor":3,"turns":3},{"damage":2,"enemies":"Jaw Worm","floor":4,"turns":10},{"damage":3,"enemies":"Exordium Wildlife","floor":5,"turns":5},{"damage":24,"enemies":"Gremlin Nob","floor":7,"turns":5},{"damage":0,"enemies":"Exordium Thugs","floor":11,"turns":7},{"damage":0,"enemies":"2 Fungi Beasts","floor":12,"turns":3},{"damage":0,"enemies":"Large Slime","floor":13,"turns":5},{"damage":68,"enemies":"Hexaghost","floor":16,"turns":14}],"seed_played":"-7940462807621710123","potions_obtained":[{"floor":1,"key":"PowerPotion"},{"floor":5,"key":"AttackPotion"},{"floor":12,"key":"Swift Potion"},{"floor":13,"key":"Dexterity Potion"}],"is_trial":false,"path_per_floor":["M","?","M","M","M","R","E","R","T","R","M","M","M","T","R"],"character_chosen":"THE_SILENT","items_purchased":[],"campfire_rested":2,"item_purchase_floors":[],"current_hp_per_floor":[69,55,55,53,50,50,26,47,47,68,68,68,68,68,68,0],"gold":247,"neow_bonus":"","is_prod":false,"is_daily":false,"chose_seed":false,"campfire_upgraded":2,"win_rate":0,"timestamp":1530296247,"path_taken":["M","?","M","?","M","R","E","R","T","R","M","M","?","?","R","BOSS"],"build_version":"2018-06-28","purchased_purges":0,"victory":false,"max_hp_per_floor":[70,70,70,70,70,70,70,70,70,70,70,70,70,70,70,70],"card_choices":[{"not_picked":["Escape Plan","Eviscerate"],"picked":"Outmaneuver","floor":1},{"not_picked":["Deadly Poison","Accuracy","Dash"],"picked":"SKIP","floor":3},{"not_picked":["Bane","Leg Sweep"],"picked":"Flying Knee","floor":4},{"not_picked":["Bane","PiercingWail"],"picked":"Slice","floor":5},{"not_picked":["Malaise","Crippling Poison","Underhanded Strike"],"picked":"SKIP","floor":7},{"not_picked":["Underhanded Strike","Cloak And Dagger"],"picked":"Quick Slash","floor":11},{"not_picked":["Accuracy","Bullet Time"],"picked":"Dagger Throw","floor":12},{"not_picked":["Sucker Punch","Deadly Poison","Escape Plan"],"picked":"SKIP","floor":13}],"player_experience":112531,"relics_obtained":[{"floor":7,"key":"Anchor"},{"floor":9,"key":"Bag of Preparation"},{"floor":14,"key":"Letter Opener"}],"event_choices":[{"event_name":"Shining Light","player_choice":"Entered Light","floor":2,"damage_taken":0}],"boss_relics":[],"items_purged_floors":[],"is_endless":false,"potions_floor_spawned":[1,5,12,13],"killed_by":"Hexaghost","ascension_level":1}