{"gold_per_floor":[110,110,123,48,63,95,95,127,127,127,142,172,172,182,182,253,253,270,270,15,27,41,74,74,100,125,125],"floor_reached":27,"playtime":1689,"items_purged":["Strike_G"],"score":542,"play_id":"77489e79-5e05-4849-9805-18c738cef9f7","local_time":"20190517164755","is_ascension_mode":true,"campfire_choices":[{"data":"Neutralize","floor":7,"key":"SMITH"},{"floor":10,"key":"REST"},{"floor":13,"key":"REST"},{"data":"Well Laid Plans","floor":15,"key":"SMITH"},{"floor":24,"key":"REST"}],"neow_cost":"NONE","seed_source_timestamp":105119255885564,"circlet_count":0,"master_deck":["AscendersBane","Defend_G","Defend_G","Defend_G","Defend_G","Defend_G","Strike_G","Strike_G","Strike_G","Strike_G","Survivor","Neutralize+1","Noxious Fumes+1","Dagger Spray","Dash","Deflect","Well Laid Plans+1","Malaise","Deadly Poison","PiercingWail","After Image","Blur","Dodge and Roll"],"relics":["Ring of the Snake","Orichalcum","Omamori","Eternal Feather","Art of War","Kunai","Mummified Hand","Smiling Mask"],"potions_floor_usage":[6,11,16,22,25,27,27],"damage_taken":[{"damage":5,"enemies":"Jaw Worm","floor":1,"turns":5},{"damage":1,"enemies":"Cultist","floor":3,"turns":5},{"damage":6,"enemies":"Small Slimes","floor":5,"turns":5},{"damage":14,"enemies":"3 Sentries","floor":6,"turns":6},{"damage":14,"enemies":"Lagavulin","floor":8,"turns":10},{"damage":5,"enemies":"3 Louse","floor":11,"turns":3},{"damage":21,"enemies":"3 Sentries","floor":12,"turns":7},{"damage":8,"enemies":"Looter","floor":14,"turns":3},{"damage":30,"enemies":"Hexaghost","floor":16,"turns":12},{"damage":12,"enemies":"Shell Parasite","floor":18,"turns":9},{"damage":12,"enemies":"Spheric Guardian","floor":21,"turns":10},{"damage":15,"enemies":"Centurion and Healer","floor":22,"turns":10},{"damage":4,"enemies":"Book of Stabbing","floor":23,"turns":9},{"damage":25,"enemies":"Gremlin Leader","floor":25,"turns":8},{"damage":20,"enemies":"Slavers","floor":27,"turns":2}],"seed_played":"-3787521846394405210","potions_obtained":[{"floor":3,"key":"SkillPotion"},{"floor":5,"key":"FearPotion"},{"floor":8,"key":"Block Potion"},{"floor":12,"key":"Energy Potion"},{"floor":21,"key":"Swift Potion"},{"floor":23,"key":"Poison Potion"},{"floor":25,"key":"Ancient Potion"}],"is_trial":false,"path_per_floor":["M","?","M","$","M","E","R","E","T","R","M","E","R","M","R","B",null,"M","?","$","M","M","E","R","E","T","E"],"character_chosen":"THE_SILENT","items_purchased":["After Image","Art of War"],"campfire_rested":3,"item_purchase_floors":[20,20],"current_hp_per_floor":[60,60,59,59,53,39,39,25,25,46,41,20,41,33,33,3,55,43,43,43,31,16,12,45,20,20,0],"gold":125,"neow_bonus":"TEN_PERCENT_HP_BONUS","is_prod":false,"is_daily":false,"chose_seed":false,"campfire_upgraded":2,"win_rate":0,"timestamp":1558126075,"path_taken":["M","?","M","?","M","E","R","E","T","R","M","E","R","M","R","BOSS","M","?","$","M","M","E","R","E","T","E"],"build_version":"2019-01-23","purchased_purges":1,"victory":false,"max_hp_per_floor":[72,72,72,72,72,72,72,72,72,72,72,72,72,72,72,72,72,72,72,72,72,72,72,72,72,72,72],"card_choices":[{"not_picked":["Poisoned Stab","Slice"],"picked":"Noxious Fumes","floor":1},{"not_picked":["Outmaneuver","Flechettes","Underhanded Strike"],"picked":"SKIP","floor":3},{"not_picked":["Outmaneuver","Expertise"],"picked":"Dagger Spray","floor":5},{"not_picked":["Tactician","Caltrops"],"picked":"Dash","floor":6},{"not_picked":["Concentrate","Underhanded Strike","Flying Knee"],"picked":"SKIP","floor":8},{"not_picked":["Outmaneuver","Venomology","Slice"],"picked":"SKIP","floor":11},{"not_picked":["Dagger Spray","Dodge and Roll"],"picked":"Deflect","floor":12},{"not_picked":["Dagger Spray","Cloak And Dagger"],"picked":"Well Laid Plans","floor":14},{"not_picked":["Storm of Steel","Die Die Die"],"picked":"Malaise","floor":16},{"not_picked":["Accuracy","Prepared+1"],"picked":"Deadly Poison","floor":18},{"not_picked":["Deadly Poison","Poisoned Stab","Dagger Throw"],"picked":"SKIP","floor":21},{"not_picked":["Bane","Dagger Throw"],"picked":"Blur","floor":22},{"not_picked":["Setup","Finisher","Tactician+1"],"picked":"SKIP","floor":23},{"not_picked":["Sucker Punch","Deadly Poison"],"picked":"Dodge and Roll","floor":25}],"player_experience":1410904,"relics_obtained":[{"floor":6,"key":"Orichalcum"},{"floor":12,"key":"Omamori"},{"floor":23,"key":"Kunai"},{"floor":25,"key":"Mummified Hand"},{"floor":26,"key":"Smiling Mask"}],"event_choices":[{"damage_healed":0,"gold_gain":0,"player_choice":"Upgraded","damage_taken":0,"max_hp_gain":0,"max_hp_loss":0,"event_name":"Upgrade Shrine","floor":2,"gold_loss":0,"cards_upgraded":["Noxious Fumes"]},{"damage_healed":0,"gold_gain":0,"player_choice":"Read","damage_taken":0,"max_hp_gain":0,"max_hp_loss":0,"event_name":"The Library","floor":19,"gold_loss":0,"cards_obtained":["PiercingWail"]}],"is_beta":false,"boss_relics":[{"not_picked":["WristBlade","Empty Cage"],"picked":"Eternal Feather"}],"items_purged_floors":[4],"is_endless":false,"potions_floor_spawned":[3,5,8,12,21,23,25],"killed_by":"Slavers","ascension_level":20}