{"gold_per_floor":[112,112,112,112,126,181,181,181,205,205,215,240,340,367,367,472,472,487,502,518,529,545,545,571,571,571,591,607,607,617,633,633,738,738,749,749,767,677,695,695,707,707,707,246,264,274,274,294,294,294],"floor_reached":50,"playtime":3336,"items_purged":["Strike_G"],"score":608,"play_id":"51e1137e-a137-4c55-8c3c-d321d6307fa7","local_time":"20190602091147","is_ascension_mode":true,"campfire_choices":[{"floor":8,"key":"REST"},{"floor":10,"key":"REST"},{"floor":15,"key":"REST"},{"floor":23,"key":"REST"},{"floor":25,"key":"REST"},{"floor":32,"key":"REST"},{"data":"Caltrops","floor":40,"key":"SMITH"},{"floor":42,"key":"REST"},{"floor":47,"key":"RECALL"},{"data":"Footwork","floor":49,"key":"SMITH"}],"neow_cost":"NONE","seed_source_timestamp":110656158853380,"circlet_count":0,"master_deck":["Defend_G","Defend_G","Defend_G","Defend_G","Defend_G","Strike_G","Strike_G","Strike_G","Survivor","Neutralize+1","Underhanded Strike","Acrobatics","Terror","Backflip","Dagger Throw+1","Caltrops+1","Phantasmal Killer","Dagger Spray","Acrobatics+1","Dagger Throw","Crippling Poison","Backstab","Leg Sweep+1","Dagger Spray+1","Die Die Die","Metamorphosis","Magnetism","Thinking Ahead","Flying Knee+1","Footwork+1","Predator","Mind Blast","Crippling Poison","Caltrops+1"],"relics":["Philosopher\u0027s Stone","Bronze Scales","Turnip","Tiny Chest","Blood Vial","Sundial","Bag of Preparation","Snecko Eye","Vajra","Bottled Flame","Eternal Feather","Meat on the Bone","Pantograph"],"potions_floor_usage":[14,16,27,33,33,39,48,50,50],"damage_taken":[{"damage":7,"enemies":"Jaw Worm","floor":1,"turns":5},{"damage":1,"enemies":"2 Louse","floor":5,"turns":3},{"damage":43,"enemies":"3 Sentries","floor":6,"turns":9},{"damage":2,"enemies":"Cultist","floor":11,"turns":3},{"damage":20,"enemies":"Gremlin Nob","floor":12,"turns":4},{"damage":16,"enemies":"3 Sentries","floor":14,"turns":8},{"damage":4,"enemies":"Hexaghost","floor":16,"turns":8},{"damage":2,"enemies":"Spheric Guardian","floor":18,"turns":3},{"damage":25,"enemies":"3 Byrds","floor":19,"turns":4},{"damage":8,"enemies":"Centurion and Healer","floor":20,"turns":8},{"damage":8,"enemies":"Snake Plant","floor":21,"turns":4},{"damage":24,"enemies":"Snecko","floor":22,"turns":5},{"damage":9,"enemies":"Chosen and Byrds","floor":27,"turns":4},{"damage":10,"enemies":"Snake Plant","floor":28,"turns":2},{"damage":5,"enemies":"3 Cultists","floor":30,"turns":3},{"damage":1,"enemies":"Centurion and Healer","floor":31,"turns":4},{"damage":54,"enemies":"Automaton","floor":33,"turns":11},{"damage":0,"enemies":"3 Darklings","floor":35,"turns":3},{"damage":8,"enemies":"3 Shapes","floor":37,"turns":5},{"damage":19,"enemies":"Jaw Worm Horde","floor":39,"turns":3},{"damage":27,"enemies":"Transient","floor":41,"turns":5},{"damage":1,"enemies":"Sphere and 2 Shapes","floor":45,"turns":4},{"damage":34,"enemies":"Writhing Mass","floor":46,"turns":4},{"damage":0,"enemies":"3 Darklings","floor":48,"turns":3},{"damage":79,"enemies":"Time Eater","floor":50,"turns":8}],"seed_played":"-9172403897320830087","potions_obtained":[{"floor":12,"key":"Fire Potion"},{"floor":14,"key":"EssenceOfSteel"},{"floor":18,"key":"SteroidPotion"},{"floor":19,"key":"LiquidBronze"},{"floor":22,"key":"Swift Potion"},{"floor":28,"key":"Regen Potion"},{"floor":33,"key":"AttackPotion"},{"floor":35,"key":"Explosive Potion"},{"floor":46,"key":"SkillPotion"},{"floor":48,"key":"Block Potion"}],"is_trial":false,"path_per_floor":["M","?","?","T","M","E","?","R","T","R","M","E","?","E","R","B",null,"M","M","M","M","M","R","T","R","T","M","M","T","M","M","R","B",null,"M","?","M","?","M","R","M","R","T","$","M","M","R","M","R","B"],"character_chosen":"THE_SILENT","items_purchased":["Mind Blast","Pantograph","Strength Potion"],"campfire_rested":7,"item_purchase_floors":[44,44,44],"current_hp_per_floor":[56,56,56,56,55,12,5,26,26,47,47,29,29,15,36,34,61,61,38,32,26,4,25,25,46,46,39,31,31,28,29,50,13,56,58,48,42,42,25,43,18,57,57,57,58,38,56,58,70,0],"gold":294,"neow_bonus":"BOSS_RELIC","is_prod":false,"is_daily":false,"chose_seed":false,"campfire_upgraded":2,"win_rate":0,"timestamp":1559481107,"path_taken":["M","?","?","?","?","E","?","R","T","R","M","E","?","E","R","BOSS","M","M","M","M","M","R","?","R","T","M","M","?","M","M","R","BOSS","M","?","M","?","M","R","?","R","T","$","M","M","R","M","R","BOSS"],"build_version":"2019-01-23","purchased_purges":1,"victory":false,"max_hp_per_floor":[70,70,70,70,70,70,70,70,70,70,70,70,70,70,70,70,70,70,70,70,70,70,70,70,70,70,70,70,70,70,70,70,70,70,70,70,70,70,70,70,70,70,70,70,70,70,70,70,70,70],"card_choices":[{"not_picked":["Outmaneuver","Acrobatics"],"picked":"Underhanded Strike","floor":1},{"not_picked":["Slice","Calculated Gamble"],"picked":"Acrobatics","floor":5},{"not_picked":["Slice","Acrobatics"],"picked":"Terror","floor":6},{"not_picked":["Underhanded Strike","PiercingWail"],"picked":"Backflip","floor":11},{"not_picked":["Night Terror","Escape Plan"],"picked":"Dagger Throw","floor":12},{"not_picked":["Quick Slash","Dodge and Roll"],"picked":"Caltrops","floor":14},{"not_picked":["Night Terror","After Image"],"picked":"Phantasmal Killer","floor":16},{"not_picked":["Masterful Stab","Dagger Throw","Sucker Punch"],"picked":"SKIP","floor":18},{"not_picked":["Masterful Stab","Prepared+1","Catalyst"],"picked":"SKIP","floor":19},{"not_picked":["Flying Knee","Prepared"],"picked":"Dagger Spray","floor":20},{"not_picked":["Bane","Cloak And Dagger+1"],"picked":"Acrobatics+1","floor":21},{"not_picked":["Flying Knee","Acrobatics"],"picked":"Dagger Throw","floor":22},{"not_picked":["Quick Slash+1","Accuracy+1"],"picked":"Crippling Poison","floor":27},{"not_picked":["Dagger Spray","Burst"],"picked":"Backstab","floor":28},{"not_picked":["PiercingWail","Backflip"],"picked":"Leg Sweep+1","floor":30},{"not_picked":["Distraction","Flying Knee"],"picked":"Dagger Spray+1","floor":31},{"not_picked":["Malaise","Glass Knife"],"picked":"Die Die Die","floor":33},{"not_picked":["Cloak And Dagger","Flying Knee","Caltrops"],"picked":"SKIP","floor":35},{"not_picked":["Flash of Steel","Finesse"],"picked":"Metamorphosis","floor":36},{"not_picked":["Violence","Blind"],"picked":"Magnetism","floor":36},{"not_picked":["Panache","Purity"],"picked":"Thinking Ahead","floor":36},{"not_picked":["Prepared+1","Cloak And Dagger"],"picked":"Flying Knee+1","floor":37},{"not_picked":["Noxious Fumes","Dash"],"picked":"Footwork","floor":39},{"not_picked":["Bane+1","Infinite Blades"],"picked":"Predator","floor":41},{"not_picked":["Setup","Concentrate+1"],"picked":"Crippling Poison","floor":45},{"not_picked":["Poisoned Stab","Riddle With Holes+1"],"picked":"Caltrops+1","floor":46},{"not_picked":["Terror","Bane+1","Flying Knee"],"picked":"SKIP","floor":48}],"player_experience":357677,"relics_obtained":[{"floor":4,"key":"Turnip"},{"floor":6,"key":"Tiny Chest"},{"floor":9,"key":"Blood Vial"},{"floor":12,"key":"Sundial"},{"floor":14,"key":"Bag of Preparation"},{"floor":24,"key":"Vajra"},{"floor":29,"key":"Bottled Flame"},{"floor":43,"key":"Meat on the Bone"}],"event_choices":[{"damage_healed":0,"gold_gain":0,"player_choice":"Grow","damage_taken":0,"max_hp_gain":0,"max_hp_loss":0,"event_name":"Living Wall","floor":2,"gold_loss":0,"cards_upgraded":["Neutralize"]},{"damage_healed":0,"gold_gain":0,"player_choice":"Box","damage_taken":0,"relics_obtained":["Bronze Scales"],"max_hp_gain":0,"max_hp_loss":0,"event_name":"Big Fish","floor":3,"gold_loss":0,"cards_obtained":["Regret"]},{"cards_removed":["Regret"],"damage_healed":0,"gold_gain":0,"player_choice":"Card Removal","damage_taken":7,"max_hp_gain":0,"max_hp_loss":0,"event_name":"Golden Wing","floor":7,"gold_loss":0},{"damage_healed":0,"gold_gain":100,"player_choice":"Gold","damage_taken":0,"max_hp_gain":0,"max_hp_loss":0,"event_name":"Wheel of Change","floor":13,"gold_loss":0},{"damage_healed":0,"gold_gain":0,"player_choice":"Memory 3","damage_taken":10,"max_hp_gain":0,"max_hp_loss":0,"event_name":"SensoryStone","floor":36,"gold_loss":0},{"cards_removed":["Strike_G"],"damage_healed":0,"gold_gain":0,"player_choice":"Upgrade and Remove","damage_taken":0,"max_hp_gain":0,"max_hp_loss":0,"event_name":"Designer","floor":38,"gold_loss":90,"cards_upgraded":["Dagger Throw"]}],"is_beta":false,"boss_relics":[{"not_picked":["Empty Cage","WristBlade"],"picked":"Snecko Eye"},{"not_picked":["Runic Dome","Sozu"],"picked":"Eternal Feather"}],"items_purged_floors":[44],"is_endless":false,"potions_floor_spawned":[12,14,18,19,22,28,33,35,46,48],"killed_by":"Time Eater","ascension_level":6}