{"gold_per_floor":[113,113,133,53,53,88,13,46,46,65,65,78,109,127,127,127],"floor_reached":16,"playtime":502,"items_purged":[],"score":254,"play_id":"0a076315-a4aa-45a8-95a6-cc27a9928e29","local_time":"20181213115754","is_ascension_mode":true,"campfire_choices":[{"floor":15,"key":"REST"}],"neow_cost":"NONE","seed_source_timestamp":47212956514227,"circlet_count":0,"master_deck":["AscendersBane","Strike_R+1","Strike_R+1","Strike_R","Strike_R","Defend_R","Defend_R","Defend_R","Defend_R","Bash","Uppercut","Rampage","Corruption","Havoc","Juggernaut","Pain","Shockwave","Rupture"],"relics":["Burning Blood","NeowsBlessing","Letter Opener","Magic Flower","Smiling Mask","Matryoshka","WarpedTongs","Whetstone"],"potions_floor_usage":[13],"damage_taken":[{"damage":0,"enemies":"Jaw Worm","floor":1,"turns":1},{"damage":0,"enemies":"Cultist","floor":3,"turns":1},{"damage":0,"enemies":"3 Sentries","floor":6,"turns":2},{"damage":15,"enemies":"Lagavulin","floor":8,"turns":7},{"damage":12,"enemies":"Small Slimes","floor":10,"turns":4},{"damage":21,"enemies":"Exordium Wildlife","floor":12,"turns":5},{"damage":46,"enemies":"3 Sentries","floor":13,"turns":10},{"damage":9,"enemies":"2 Fungi Beasts","floor":14,"turns":4},{"damage":34,"enemies":"Hexaghost","floor":16,"turns":9}],"seed_played":"-969066003239061131","potions_obtained":[{"floor":1,"key":"Explosive Potion"},{"floor":2,"key":"Dexterity Potion"},{"floor":8,"key":"FearPotion"}],"is_trial":false,"path_per_floor":["M","?","M","$","?","E","?","E","T","M","?","M","E","M","R","B"],"character_chosen":"IRONCLAD","items_purchased":["Corruption"],"campfire_rested":1,"item_purchase_floors":[4],"current_hp_per_floor":[74,74,75,75,64,70,70,64,64,61,61,49,12,12,34,0],"gold":127,"neow_bonus":"THREE_ENEMY_KILL","is_prod":false,"is_daily":false,"chose_seed":false,"campfire_upgraded":0,"win_rate":0,"timestamp":1544720274,"path_taken":["M","?","?","?","?","E","?","E","T","?","?","M","E","?","R","BOSS"],"build_version":"2018-12-06","purchased_purges":0,"victory":false,"max_hp_per_floor":[75,75,75,75,75,75,75,75,75,75,75,75,75,75,75,75],"card_choices":[{"not_picked":["Carnage","Intimidate"],"picked":"Uppercut","floor":1},{"not_picked":["Rage","Ghostly Armor"],"picked":"Rampage","floor":3},{"not_picked":["Hemokinesis","Sword Boomerang"],"picked":"Havoc","floor":6},{"not_picked":["Heavy Blade","Infernal Blade"],"picked":"Juggernaut","floor":8},{"not_picked":["Second Wind","Havoc","Flex"],"picked":"SKIP","floor":10},{"not_picked":["Carnage","Dual Wield"],"picked":"Shockwave","floor":12},{"not_picked":["Ghostly Armor","Flex"],"picked":"Rupture","floor":13},{"not_picked":["Pummel","Flex","Perfected Strike"],"picked":"SKIP","floor":14}],"player_experience":1273231,"relics_obtained":[{"floor":6,"key":"Magic Flower"},{"floor":8,"key":"Smiling Mask"},{"floor":9,"key":"Matryoshka"},{"floor":13,"key":"Whetstone"}],"event_choices":[{"damage_healed":0,"gold_gain":0,"player_choice":"Got Potions","damage_taken":0,"max_hp_gain":0,"max_hp_loss":0,"event_name":"Lab","floor":2,"gold_loss":0},{"damage_healed":0,"gold_gain":0,"player_choice":"Success","damage_taken":11,"relics_obtained":["Letter Opener"],"max_hp_gain":0,"max_hp_loss":0,"event_name":"Scrap Ooze","floor":5,"gold_loss":0},{"cards_removed":["Strike_R"],"damage_healed":0,"gold_gain":0,"player_choice":"Card Removal","damage_taken":0,"max_hp_gain":0,"max_hp_loss":0,"event_name":"The Cleric","floor":7,"gold_loss":75},{"damage_healed":0,"gold_gain":0,"player_choice":"Rummage","damage_taken":0,"relics_obtained":["WarpedTongs"],"max_hp_gain":0,"max_hp_loss":0,"event_name":"Accursed Blacksmith","floor":11,"gold_loss":0,"cards_obtained":["Pain"]}],"is_beta":false,"boss_relics":[],"items_purged_floors":[],"is_endless":false,"potions_floor_spawned":[1,8,12],"killed_by":"Hexaghost","ascension_level":15}