{"gold_per_floor":[366,366,366,385,385,418,44,44,44,44,59,8,20,44,44,44],"floor_reached":16,"playtime":569,"items_purged":["Strike_R"],"score":196,"play_id":"0074a5ad-1a0d-4590-a751-d1580d6a64bd","local_time":"20181216150339","is_ascension_mode":true,"campfire_choices":[{"data":"Bash","floor":8,"key":"SMITH"},{"data":"Clothesline","floor":10,"key":"SMITH"},{"floor":15,"key":"REST"}],"neow_cost":"CURSE","seed_source_timestamp":317508424493277,"circlet_count":0,"master_deck":["AscendersBane","Strike_R","Strike_R","Strike_R","Strike_R","Defend_R","Defend_R+1","Defend_R","Defend_R","Bash+1","True Grit+1","Clothesline+1","Cleave","Metallicize","Warcry+1","True Grit+1","Shrug It Off+1","Flame Barrier+1"],"relics":["Burning Blood","Red Skull","Gambling Chip","Toxic Egg 2","Ornamental Fan","Odd Mushroom"],"potions_floor_usage":[6,14],"damage_taken":[{"damage":5,"enemies":"Cultist","floor":1,"turns":4},{"damage":2,"enemies":"2 Louse","floor":4,"turns":4},{"damage":40,"enemies":"3 Sentries","floor":6,"turns":12},{"damage":0,"enemies":"Small Slimes","floor":11,"turns":2},{"damage":8,"enemies":"Looter","floor":13,"turns":3},{"damage":4,"enemies":"The Mushroom Lair","floor":14,"turns":5},{"damage":52,"enemies":"Slime Boss","floor":16,"turns":12}],"seed_played":"-7038434621321062013","potions_obtained":[{"floor":1,"key":"Regen Potion"},{"floor":13,"key":"SkillPotion"}],"is_trial":false,"path_per_floor":["M","?","?","M","?","E","$","R","T","R","M","$","M","?","R","B"],"character_chosen":"IRONCLAD","items_purchased":["Toxic Egg 2","Metallicize","True Grit+1"],"campfire_rested":1,"item_purchase_floors":[7,7,12],"current_hp_per_floor":[69,46,41,45,38,19,19,19,19,19,25,25,23,25,47,0],"gold":44,"neow_bonus":"TWO_FIFTY_GOLD","is_prod":false,"is_daily":false,"chose_seed":false,"campfire_upgraded":2,"win_rate":0,"timestamp":1544990619,"path_taken":["M","?","?","M","?","E","$","R","T","R","M","?","?","?","R","BOSS"],"build_version":"2018-12-13","purchased_purges":1,"victory":false,"max_hp_per_floor":[75,75,75,75,75,75,75,75,75,75,75,75,75,75,75,75],"card_choices":[{"not_picked":["Havoc","Clothesline"],"picked":"True Grit","floor":1},{"not_picked":["Thunderclap","Sword Boomerang"],"picked":"Clothesline","floor":4},{"not_picked":["Rage","Iron Wave"],"picked":"Cleave","floor":6},{"not_picked":["Wild Strike","Perfected Strike"],"picked":"Warcry+1","floor":11},{"not_picked":["Havoc+1","Dropkick"],"picked":"Shrug It Off+1","floor":13},{"not_picked":["Clothesline","Hemokinesis"],"picked":"Flame Barrier+1","floor":14}],"player_experience":1292457,"relics_obtained":[{"floor":6,"key":"Gambling Chip"},{"floor":9,"key":"Ornamental Fan"},{"floor":14,"key":"Odd Mushroom"}],"event_choices":[{"damage_healed":0,"gold_gain":0,"player_choice":"Entered Light","damage_taken":23,"max_hp_gain":0,"max_hp_loss":0,"event_name":"Shining Light","floor":2,"gold_loss":0,"cards_upgraded":["Defend_R","True Grit"]},{"damage_healed":0,"gold_gain":0,"player_choice":"Success","damage_taken":5,"relics_obtained":["Red Skull"],"max_hp_gain":0,"max_hp_loss":0,"event_name":"Scrap Ooze","floor":3,"gold_loss":0},{"cards_removed":["Regret"],"damage_healed":0,"gold_gain":0,"player_choice":"Card Removal","damage_taken":7,"max_hp_gain":0,"max_hp_loss":0,"event_name":"Golden Wing","floor":5,"gold_loss":0},{"damage_healed":0,"gold_gain":0,"player_choice":"Fought Mushrooms","damage_taken":0,"max_hp_gain":0,"max_hp_loss":0,"event_name":"Mushrooms","floor":14,"gold_loss":0}],"is_beta":false,"boss_relics":[],"items_purged_floors":[7],"is_endless":false,"potions_floor_spawned":[1,13],"killed_by":"Slime Boss","ascension_level":20}