{"gold_per_floor":[217,292,305,18,28,58,58,68,95,122,140,140,468,487,487,590,590,602,602,613,115,30,30,30,30,56,90,109,134,134,145,145,246,246,265,65,76,76,86,86,117,130,177,177,203,203,11,26,26,26,26,26,26,26],"floor_reached":54,"playtime":14760,"items_purged":["Strike_R","Strike_R","Strike_R","Strike_R"],"score":1016,"play_id":"04bc3c42-1de8-41de-9197-c32edf5f2ee0","local_time":"20190508222326","is_ascension_mode":true,"campfire_choices":[{"data":"Barricade","floor":7,"key":"SMITH"},{"data":"Mayhem","floor":15,"key":"SMITH"},{"floor":23,"key":"REST"},{"floor":25,"key":"REST"},{"data":"1","floor":32,"key":"LIFT"},{"data":"2","floor":40,"key":"LIFT"},{"floor":46,"key":"RECALL"},{"data":"3","floor":49,"key":"LIFT"},{"data":"Strike_R+1","floor":52,"key":"PURGE"}],"neow_cost":"NONE","seed_source_timestamp":637089887740,"circlet_count":0,"master_deck":["Defend_R","Defend_R","Defend_R","Defend_R","Bash","Sword Boomerang","Clothesline+1","Mayhem+1","Battle Trance","Barricade+1","Impervious","Heavy Blade","Offering","Shrug It Off","Finesse","Finesse","Shrug It Off","Reaper","Feed","Impervious","Armaments","Entrench","Offering","Armaments+1","Body Slam","Purity","Juggernaut","Warcry+1"],"relics":["Burning Blood","Blood Vial","Dream Catcher","Old Coin","Fusion Hammer","Girya","Omamori","Whetstone","Smiling Mask","Peace Pipe","Orrery","Kunai","Regal Pillow","Bottled Flame"],"potions_floor_usage":[6,10,16,18,18,20,27,27,29,33,35,41,50,50],"damage_taken":[{"damage":2,"enemies":"Jaw Worm","floor":1,"turns":5},{"damage":1,"enemies":"Cultist","floor":3,"turns":4},{"damage":15,"enemies":"Small Slimes","floor":5,"turns":4},{"damage":23,"enemies":"Gremlin Nob","floor":6,"turns":5},{"damage":11,"enemies":"Looter","floor":8,"turns":4},{"damage":15,"enemies":"Lagavulin","floor":10,"turns":8},{"damage":10,"enemies":"Blue Slaver","floor":11,"turns":6},{"damage":22,"enemies":"Gremlin Nob","floor":13,"turns":4},{"damage":25,"enemies":"Gremlin Gang","floor":14,"turns":6},{"damage":16,"enemies":"Hexaghost","floor":16,"turns":13},{"damage":48,"enemies":"3 Byrds","floor":18,"turns":7},{"damage":24,"enemies":"2 Thieves","floor":20,"turns":4},{"damage":35,"enemies":"Book of Stabbing","floor":27,"turns":10},{"damage":17,"enemies":"Snecko","floor":28,"turns":5},{"damage":6,"enemies":"Gremlin Leader","floor":29,"turns":12},{"damage":6,"enemies":"Centurion and Healer","floor":31,"turns":9},{"damage":61,"enemies":"Automaton","floor":33,"turns":19},{"damage":12,"enemies":"3 Darklings","floor":35,"turns":13},{"damage":34,"enemies":"3 Shapes","floor":37,"turns":7},{"damage":25,"enemies":"Maw","floor":39,"turns":13},{"damage":13,"enemies":"Reptomancer","floor":41,"turns":9},{"damage":12,"enemies":"3 Darklings","floor":42,"turns":14},{"damage":12,"enemies":"Nemesis","floor":45,"turns":9},{"damage":44,"enemies":"Sphere and 2 Shapes","floor":48,"turns":8},{"damage":31,"enemies":"Time Eater","floor":50,"turns":13},{"damage":99,"enemies":"Shield and Spear","floor":54,"turns":6}],"seed_played":"-5399001926220448875","potions_obtained":[{"floor":1,"key":"EssenceOfSteel"},{"floor":8,"key":"Weak Potion"},{"floor":14,"key":"PowerPotion"},{"floor":16,"key":"EntropicBrew"},{"floor":18,"key":"Explosive Potion"},{"floor":28,"key":"Explosive Potion"},{"floor":29,"key":"Swift Potion"},{"floor":31,"key":"FearPotion"},{"floor":37,"key":"Fire Potion"},{"floor":45,"key":"Strength Potion"},{"floor":48,"key":"Dexterity Potion"}],"is_trial":false,"path_per_floor":["M","?","M","$","M","E","R","M","T","E","M","?","E","M","R","B",null,"M","?","M","$","?","R","?","R","T","E","M","E","?","M","R","B",null,"M","$","M","?","M","R","E","M","T","?","E","R","$","M","R","B",null,"R","$","E"],"character_chosen":"IRONCLAD","items_purchased":["Clothesline","Mayhem","Girya","Finesse","Offering","Juggernaut"],"campfire_rested":2,"item_purchase_floors":[4,4,21,21,36,47],"current_hp_per_floor":[80,72,77,77,68,51,51,48,48,41,39,65,51,34,34,26,80,38,23,7,7,7,32,32,57,57,30,21,23,51,61,61,23,85,85,85,65,87,80,80,90,92,92,92,92,92,92,62,62,49,96,96,96,0],"gold":26,"neow_bonus":"HUNDRED_GOLD","is_prod":false,"is_daily":false,"chose_seed":false,"campfire_upgraded":2,"win_rate":0,"timestamp":1557368606,"path_taken":["M","?","?","$","M","E","R","M","T","E","M","?","E","M","R","BOSS","M","?","M","$","?","R","?","R","T","E","?","E","?","M","R","BOSS","M","$","M","?","M","R","E","M","T","?","E","R","$","M","R","BOSS","R","$","E"],"build_version":"2019-01-23","purchased_purges":4,"victory":false,"max_hp_per_floor":[80,80,80,80,80,80,80,80,80,80,80,80,80,80,80,80,80,80,85,85,85,85,85,85,85,85,85,85,85,85,85,85,85,85,85,85,88,88,92,92,92,92,92,92,92,92,92,96,96,96,96,96,96,96],"card_choices":[{"not_picked":["Evolve","Combust","Thunderclap"],"picked":"SKIP","floor":1},{"not_picked":["Evolve","Thunderclap"],"picked":"Sword Boomerang","floor":3},{"not_picked":["Burning Pact","Headbutt"],"picked":"Battle Trance","floor":5},{"not_picked":["Dual Wield","Entrench"],"picked":"Barricade","floor":6},{"not_picked":["Clothesline","Cleave","Perfected Strike"],"picked":"SKIP","floor":8},{"not_picked":["Evolve","Headbutt","Sword Boomerang"],"picked":"SKIP","floor":10},{"not_picked":["Shockwave","Clash"],"picked":"Impervious","floor":11},{"not_picked":["Clothesline","Infernal Blade"],"picked":"Heavy Blade","floor":13},{"not_picked":["Havoc","Intimidate","True Grit"],"picked":"SKIP","floor":14},{"not_picked":["Feed","Berserk"],"picked":"Offering","floor":16},{"not_picked":["Body Slam","Perfected Strike"],"picked":"Shrug It Off","floor":18},{"not_picked":["Blood for Blood","True Grit","Pummel+1"],"picked":"SKIP","floor":20},{"not_picked":["Searing Blow","Sword Boomerang","True Grit"],"picked":"SKIP","floor":27},{"not_picked":["Inflame","Dual Wield+1"],"picked":"Shrug It Off","floor":28},{"not_picked":["Headbutt","Sword Boomerang"],"picked":"Reaper","floor":29},{"not_picked":["Thunderclap","Feel No Pain","Wild Strike"],"picked":"SKIP","floor":31},{"not_picked":["Barricade","Reaper"],"picked":"Feed","floor":33},{"not_picked":["Wild Strike","Dropkick"],"picked":"Impervious","floor":34},{"not_picked":["Clothesline+1","Anger+1"],"picked":"Armaments","floor":34},{"not_picked":["Evolve+1","Iron Wave+1"],"picked":"Entrench","floor":35},{"not_picked":["Flex","Twin Strike"],"picked":"Armaments+1","floor":37},{"not_picked":["Immolate","Sentinel+1"],"picked":"Body Slam","floor":39},{"not_picked":["Headbutt","Clash+1","Sword Boomerang+1"],"picked":"SKIP","floor":41},{"not_picked":["Clash+1","Hemokinesis+1","Perfected Strike"],"picked":"SKIP","floor":42},{"not_picked":["Sword Boomerang+1","Brutality","Cleave+1"],"picked":"SKIP","floor":45},{"not_picked":["Armaments","Headbutt+1"],"picked":"Warcry+1","floor":48}],"player_experience":237622,"relics_obtained":[{"floor":6,"key":"Blood Vial"},{"floor":10,"key":"Dream Catcher"},{"floor":13,"key":"Old Coin"},{"floor":26,"key":"Whetstone"},{"floor":27,"key":"Smiling Mask"},{"floor":29,"key":"Peace Pipe"},{"floor":41,"key":"Kunai"},{"floor":43,"key":"Regal Pillow"},{"floor":45,"key":"Bottled Flame"}],"event_choices":[{"damage_healed":0,"gold_gain":75,"player_choice":"Touch","damage_taken":8,"max_hp_gain":0,"max_hp_loss":0,"event_name":"FaceTrader","floor":2,"gold_loss":0},{"damage_healed":26,"gold_gain":0,"player_choice":"Banana","damage_taken":0,"max_hp_gain":0,"max_hp_loss":0,"event_name":"Big Fish","floor":12,"gold_loss":0},{"damage_healed":0,"gold_gain":0,"player_choice":"Shed Blood","damage_taken":20,"max_hp_gain":5,"max_hp_loss":0,"event_name":"Forgotten Altar","floor":19,"gold_loss":0},{"damage_healed":0,"gold_gain":0,"player_choice":"Obtained Relic","damage_taken":0,"relics_obtained":["Omamori"],"max_hp_gain":0,"max_hp_loss":0,"event_name":"Addict","floor":22,"gold_loss":85},{"damage_healed":0,"gold_gain":0,"player_choice":"Copied","damage_taken":0,"max_hp_gain":0,"max_hp_loss":0,"event_name":"Duplicator","floor":24,"gold_loss":0,"cards_obtained":["Finesse"]},{"damage_healed":28,"gold_gain":0,"player_choice":"Heal","damage_taken":0,"max_hp_gain":0,"max_hp_loss":0,"event_name":"The Library","floor":30,"gold_loss":0},{"damage_healed":22,"gold_gain":0,"player_choice":"Writhe","damage_taken":0,"max_hp_gain":0,"max_hp_loss":0,"event_name":"Winding Halls","floor":38,"gold_loss":0,"cards_obtained":["Writhe"]},{"damage_healed":0,"gold_gain":0,"player_choice":"1 cards matched","damage_taken":0,"max_hp_gain":0,"max_hp_loss":0,"event_name":"Match and Keep!","floor":44,"gold_loss":0,"cards_obtained":["Purity"]}],"is_beta":false,"boss_relics":[{"not_picked":["Philosopher\u0027s Stone","Busted Crown"],"picked":"Fusion Hammer"},{"not_picked":["Black Blood","Eternal Feather"],"picked":"Orrery"}],"items_purged_floors":[4,21,36,47],"is_endless":false,"potions_floor_spawned":[1,8,14,16,18,28,29,31,37,45,48],"killed_by":"Shield and Spear","ascension_level":4}