{"gold_per_floor":[116,133,152,163,231,261,107,117,169,169,189,189,224,174,174,270,270,287,287,306,227,302,302,312,312,338,338,369,388,388,110,110,110],"floor_reached":33,"playtime":1711,"items_purged":["Defend_R","Defend_R"],"score":330,"play_id":"72f74445-16ea-46e7-b22c-8cc77b003cdd","local_time":"20190721154915","is_ascension_mode":true,"campfire_choices":[{"data":"Rupture","floor":12.0,"key":"SMITH"},{"floor":15.0,"key":"REST"},{"floor":23.0,"key":"REST"},{"data":"Uppercut","floor":25.0,"key":"SMITH"},{"data":"Perfected Strike","floor":27.0,"key":"SMITH"},{"floor":32,"key":"REST"}],"neow_cost":"PERCENT_DAMAGE","seed_source_timestamp":683082647775538,"circlet_count":0,"master_deck":["Strike_R","Strike_R","Strike_R","Strike_R","Strike_R","Defend_R","Bash","Heavy Blade","Rupture+1","Thunderclap","Hemokinesis","Shrug It Off+1","Seeing Red+1","Infernal Blade+1","Perfected Strike+1","Ghostly Armor+1","Double Tap+1","Cleave","RitualDagger","Shrug It Off+1","Uppercut+1","Body Slam+1","Infernal Blade+1","Spot Weakness+1","Flex+1","Reaper"],"special_seed":0,"relics":["Black Blood","Torii","Toxic Egg 2","Bronze Scales","Lantern","Ice Cream","Happy Flower","Bottled Flame"],"potions_floor_usage":[33],"damage_taken":[{"damage":2.0,"enemies":"Cultist","floor":1.0,"turns":4.0},{"damage":8.0,"enemies":"Jaw Worm","floor":2.0,"turns":3.0},{"damage":0.0,"enemies":"Small Slimes","floor":3.0,"turns":3.0},{"damage":7.0,"enemies":"Exordium Wildlife","floor":4.0,"turns":3.0},{"damage":35.0,"enemies":"3 Sentries","floor":6.0,"turns":10.0},{"damage":15.0,"enemies":"Gremlin Gang","floor":8.0,"turns":4.0},{"damage":0.0,"enemies":"2 Fungi Beasts","floor":11.0,"turns":3.0},{"damage":24.0,"enemies":"Lagavulin","floor":13.0,"turns":3.0},{"damage":35.0,"enemies":"Slime Boss","floor":16.0,"turns":9.0},{"damage":0.0,"enemies":"Spheric Guardian","floor":18.0,"turns":3.0},{"damage":26.0,"enemies":"2 Thieves","floor":20.0,"turns":4.0},{"damage":34.0,"enemies":"Centurion and Healer","floor":24.0,"turns":3.0},{"damage":17.0,"enemies":"Book of Stabbing","floor":28.0,"turns":4.0},{"damage":1,"enemies":"Snake Plant","floor":29,"turns":4},{"damage":106,"enemies":"Champ","floor":33,"turns":8}],"seed_played":"4495991597531185743","potions_obtained":[{"floor":2.0,"key":"Weak Potion"},{"floor":8.0,"key":"Poison Potion"},{"floor":13.0,"key":"EntropicBrew"},{"floor":16.0,"key":"FearPotion"},{"floor":20.0,"key":"Dexterity Potion"},{"floor":29,"key":"Ancient Potion"}],"is_trial":false,"path_per_floor":["M","M","M","M","T","E","$","M","T","?","M","R","E","?","R","B",null,"M","?","M","$","?","R","M","R","T","R","E","M","?","$","R","B"],"character_chosen":"IRONCLAD","items_purchased":["Seeing Red+1","Uppercut","Flex+1","Reaper"],"campfire_rested":3,"item_purchase_floors":[7,21,31,31],"current_hp_per_floor":[60,58,64,63,63,34,34,25,25,80,80,80,62,62,80,51,80,80,74,58,58,50,74,50,50,50,50,43,52,52,52,76,0],"gold":110,"neow_bonus":"ONE_RARE_RELIC","is_prod":false,"is_daily":false,"chose_seed":false,"campfire_upgraded":3,"win_rate":0,"timestamp":1563716955,"path_taken":["M","M","M","M","?","E","$","M","T","?","?","R","E","?","R","BOSS","M","?","M","$","?","R","M","R","T","R","E","?","?","$","R","BOSS"],"build_version":"2019-07-17","purchased_purges":2,"victory":false,"max_hp_per_floor":[80,80,80,80,80,80,80,80,80,80,80,80,80,80,80,80,80,80,80,80,80,80,80,80,80,80,80,80,80,80,80,80,80],"card_choices":[{"not_picked":["Wild Strike","Armaments"],"picked":"Heavy Blade","floor":1.0},{"not_picked":["Anger","Body Slam"],"picked":"Rupture","floor":2.0},{"not_picked":["Blood for Blood","Wild Strike"],"picked":"Thunderclap","floor":3.0},{"not_picked":["Body Slam","Heavy Blade"],"picked":"Hemokinesis","floor":4.0},{"not_picked":["Intimidate+1","Second Wind+1"],"picked":"Shrug It Off+1","floor":6.0},{"not_picked":["Havoc+1","Whirlwind"],"picked":"Infernal Blade+1","floor":8.0},{"not_picked":["Clothesline","Seeing Red+1"],"picked":"Perfected Strike","floor":11.0},{"not_picked":["Battle Trance+1","Intimidate+1"],"picked":"Ghostly Armor+1","floor":13.0},{"not_picked":["Immolate","Dark Embrace"],"picked":"Double Tap+1","floor":16.0},{"not_picked":["Clothesline","Sword Boomerang"],"picked":"Cleave","floor":18.0},{"not_picked":["Anger","Perfected Strike+1"],"picked":"Shrug It Off+1","floor":20.0},{"not_picked":["Warcry+1","Clash","Thunderclap"],"picked":"SKIP","floor":24.0},{"not_picked":["Wild Strike","True Grit+1"],"picked":"Body Slam+1","floor":28},{"not_picked":["True Grit+1","Twin Strike"],"picked":"Infernal Blade+1","floor":29}],"player_experience":269318,"relics_obtained":[{"floor":5.0,"key":"Toxic Egg 2"},{"floor":6.0,"key":"Bronze Scales"},{"floor":9.0,"key":"Lantern"},{"floor":13.0,"key":"Ice Cream"},{"floor":26.0,"key":"Happy Flower"},{"floor":28,"key":"Bottled Flame"}],"event_choices":[{"damage_healed":55.0,"max_hp_gain":0.0,"max_hp_loss":0.0,"gold_gain":0.0,"event_name":"Wheel of Change","player_choice":"Full Heal","floor":10.0,"gold_loss":0.0,"damage_taken":0.0},{"cards_removed":["Defend_R"],"damage_healed":0.0,"max_hp_gain":0.0,"max_hp_loss":0.0,"gold_gain":0.0,"event_name":"The Cleric","player_choice":"Card Removal","floor":14.0,"gold_loss":50.0,"damage_taken":0.0},{"damage_healed":0.0,"max_hp_gain":0.0,"max_hp_loss":0.0,"gold_gain":0.0,"event_name":"Nest","player_choice":"Joined the Cult","floor":19.0,"gold_loss":0.0,"damage_taken":6.0,"cards_obtained":["RitualDagger"]},{"damage_healed":0.0,"max_hp_gain":0.0,"max_hp_loss":0.0,"gold_gain":75.0,"event_name":"FaceTrader","player_choice":"Touch","floor":22.0,"gold_loss":0.0,"damage_taken":8.0},{"damage_healed":0,"gold_gain":0,"player_choice":"Read","damage_taken":0,"max_hp_gain":0,"max_hp_loss":0,"event_name":"The Library","floor":30,"gold_loss":0,"cards_obtained":["Spot Weakness"]}],"is_beta":false,"boss_relics":[{"not_picked":["Lizard Tail","Philosopher\u0027s Stone"],"picked":"Black Blood"}],"items_purged_floors":[7,31],"is_endless":false,"potions_floor_spawned":[2,8,13,16,20,24,29],"killed_by":"Champ","ascension_level":4}