{"gold_per_floor":[12,28,39,52,52,52,80,80,103,120,150,115,140,152,152,152],"floor_reached":16,"playtime":592,"items_purged":[],"score":244,"play_id":"b83d822c-62f6-4e5f-b425-f6b63878a656","local_time":"20181116112111","is_ascension_mode":true,"campfire_choices":[{"data":"Combust","floor":6,"key":"SMITH"},{"data":"Bash","floor":8,"key":"SMITH"},{"data":"Flame Barrier","floor":15,"key":"SMITH"}],"neow_cost":"NO_GOLD","seed_source_timestamp":170596811515475,"circlet_count":0,"master_deck":["AscendersBane","Strike_R","Strike_R","Strike_R","Strike_R","Strike_R","Defend_R","Defend_R","Defend_R","Defend_R","Bash+1","Combust+1","Flame Barrier+1","Anger","Clothesline","Bludgeon","Warcry","Rupture"],"relics":["Burning Blood","Blood Vial","Centennial Puzzle","Oddly Smooth Stone","Question Card"],"potions_floor_usage":[7,10,10],"damage_taken":[{"damage":4,"enemies":"2 Louse","floor":1,"turns":4},{"damage":11,"enemies":"Small Slimes","floor":2,"turns":5},{"damage":6,"enemies":"Cultist","floor":3,"turns":3},{"damage":27,"enemies":"Large Slime","floor":4,"turns":7},{"damage":11,"enemies":"3 Sentries","floor":7,"turns":4},{"damage":10,"enemies":"Gremlin Gang","floor":10,"turns":3},{"damage":28,"enemies":"Lagavulin","floor":11,"turns":4},{"damage":26,"enemies":"Gremlin Nob","floor":13,"turns":4},{"damage":26,"enemies":"Exordium Thugs","floor":14,"turns":3},{"damage":19,"enemies":"The Guardian","floor":16,"turns":6}],"seed_played":"-1726361410475687713","potions_obtained":[{"floor":1,"key":"PowerPotion"},{"floor":4,"key":"PowerPotion"},{"floor":7,"key":"SteroidPotion"}],"is_trial":false,"path_per_floor":["M","M","M","M","$","R","E","R","T","M","E","?","E","M","R","B"],"character_chosen":"IRONCLAD","items_purchased":[],"campfire_rested":0,"item_purchase_floors":[],"current_hp_per_floor":[84,79,79,58,58,58,53,53,53,51,31,53,35,17,17,0],"gold":152,"neow_bonus":"TWENTY_PERCENT_HP_BONUS","is_prod":false,"is_daily":false,"chose_seed":false,"campfire_upgraded":3,"win_rate":0,"timestamp":1542385271,"path_taken":["M","M","M","M","$","R","E","R","T","M","E","?","E","M","R","BOSS"],"build_version":"2018-11-15","purchased_purges":0,"victory":false,"max_hp_per_floor":[89,89,89,89,89,89,89,89,89,89,89,89,89,89,89,89],"card_choices":[{"not_picked":["Armaments","Thunderclap"],"picked":"Combust","floor":1},{"not_picked":["Havoc","Seeing Red"],"picked":"Flame Barrier","floor":2},{"not_picked":["Combust","Clash"],"picked":"Anger","floor":3},{"not_picked":["Seeing Red","Clash"],"picked":"Clothesline","floor":4},{"not_picked":["Clash","Dual Wield","Clothesline"],"picked":"SKIP","floor":7},{"not_picked":["Havoc","Iron Wave"],"picked":"Bludgeon","floor":10},{"not_picked":["Perfected Strike","Evolve"],"picked":"Warcry","floor":11},{"not_picked":["Pummel","Clash","Twin Strike"],"picked":"SKIP","floor":13},{"not_picked":["Fire Breathing","Pummel","Dual Wield"],"picked":"Rupture","floor":14}],"player_experience":1062665,"relics_obtained":[{"floor":7,"key":"Blood Vial"},{"floor":9,"key":"Centennial Puzzle"},{"floor":11,"key":"Oddly Smooth Stone"},{"floor":13,"key":"Question Card"}],"event_choices":[{"damage_healed":22,"gold_gain":0,"player_choice":"Healed","damage_taken":0,"max_hp_gain":0,"max_hp_loss":0,"event_name":"The Cleric","floor":12,"gold_loss":35}],"is_beta":false,"boss_relics":[],"items_purged_floors":[],"is_endless":false,"potions_floor_spawned":[1,4,7],"killed_by":"The Guardian","ascension_level":20}