{"gold_per_floor":[118,133,4,17,92,121,121,184,261,261,280,297,330,343,343,414,414,433,26,26,26,26,26,26],"floor_reached":24,"playtime":1420,"items_purged":["Strike_G","Strike_G"],"score":428,"play_id":"96d6df88-b448-4d43-bdee-08c73c32396e","local_time":"20190116170409","is_ascension_mode":true,"campfire_choices":[{"data":"Bouncing Flask","floor":7,"key":"SMITH"},{"floor":10,"key":"REST"},{"floor":15,"key":"REST"},{"floor":23,"key":"REST"}],"neow_cost":"NONE","seed_source_timestamp":7479920021413,"circlet_count":0,"master_deck":["AscendersBane","Defend_G+1","Defend_G+1","Defend_G+1","Defend_G+1","Defend_G+1","Strike_G+1","Strike_G+1","Strike_G+1","Survivor","Neutralize","Bouncing Flask+1","Infinite Blades","Dagger Throw","Leg Sweep","Well Laid Plans","PiercingWail+1","Dodge and Roll+1","Calculated Gamble+1","PiercingWail+1","Burst+1","Cloak And Dagger+1","PiercingWail+1"],"relics":["Ring of the Snake","NeowsBlessing","Pocketwatch","Tiny Chest","Toxic Egg 2","Bag of Preparation","Runic Pyramid","Molten Egg 2"],"potions_floor_usage":[8,8],"damage_taken":[{"damage":0,"enemies":"Small Slimes","floor":1,"turns":1},{"damage":0,"enemies":"2 Louse","floor":2,"turns":1},{"damage":0,"enemies":"Cultist","floor":4,"turns":1},{"damage":17,"enemies":"Lagavulin","floor":6,"turns":8},{"damage":22,"enemies":"3 Sentries","floor":8,"turns":10},{"damage":5,"enemies":"Lots of Slimes","floor":11,"turns":6},{"damage":0,"enemies":"Blue Slaver","floor":12,"turns":3},{"damage":4,"enemies":"Lagavulin","floor":13,"turns":7},{"damage":0,"enemies":"2 Fungi Beasts","floor":14,"turns":3},{"damage":33,"enemies":"Slime Boss","floor":16,"turns":13},{"damage":16,"enemies":"Chosen","floor":18,"turns":6},{"damage":5,"enemies":"Colosseum Slavers","floor":22,"turns":7},{"damage":34,"enemies":"Slavers","floor":24,"turns":4}],"seed_played":"4388025867719891441","potions_obtained":[{"floor":2,"key":"Block Potion"},{"floor":8,"key":"Dexterity Potion"},{"floor":11,"key":"Dexterity Potion"}],"is_trial":false,"path_per_floor":["M","M","$","M","?","E","R","E","T","R","M","M","E","M","R","B",null,"M","$","?","?","?","R","E"],"character_chosen":"THE_SILENT","items_purchased":["Strength Potion","Molten Egg 2","PiercingWail+1"],"campfire_rested":3,"item_purchase_floors":[3,19,19],"current_hp_per_floor":[59,59,59,59,48,31,31,9,9,28,23,23,19,19,38,5,51,35,35,35,17,12,33,0],"gold":26,"neow_bonus":"THREE_ENEMY_KILL","is_prod":false,"is_daily":false,"chose_seed":false,"campfire_upgraded":1,"win_rate":0,"timestamp":1547676249,"path_taken":["M","M","$","M","?","E","R","E","T","R","M","M","E","M","R","BOSS","M","$","?","?","?","R","E"],"build_version":"2019-01-10","purchased_purges":2,"victory":false,"max_hp_per_floor":[66,66,66,66,66,66,66,66,66,66,66,66,66,66,66,66,66,66,66,66,71,71,71,71],"card_choices":[{"not_picked":["Bane","Dagger Throw"],"picked":"Bouncing Flask","floor":1},{"not_picked":["Endless Agony","Deflect"],"picked":"Infinite Blades","floor":2},{"not_picked":["Reflex","Cloak And Dagger"],"picked":"Dagger Throw","floor":4},{"not_picked":["Blade Dance","Bouncing Flask"],"picked":"Leg Sweep","floor":6},{"not_picked":["Adrenaline","Blur"],"picked":"Well Laid Plans","floor":8},{"not_picked":["Slice","Bane"],"picked":"PiercingWail+1","floor":11},{"not_picked":["Bouncing Flask+1","Predator"],"picked":"Dodge and Roll+1","floor":12},{"not_picked":["Dash","Backstab"],"picked":"Calculated Gamble+1","floor":13},{"not_picked":["Endless Agony","Dagger Spray"],"picked":"PiercingWail+1","floor":14},{"not_picked":["Storm of Steel+1","A Thousand Cuts"],"picked":"Burst+1","floor":16},{"not_picked":["Quick Slash","Dagger Throw"],"picked":"Cloak And Dagger+1","floor":18}],"player_experience":1315863,"relics_obtained":[{"floor":6,"key":"Pocketwatch"},{"floor":8,"key":"Tiny Chest"},{"floor":9,"key":"Toxic Egg 2"},{"floor":13,"key":"Bag of Preparation"}],"event_choices":[{"damage_healed":0,"gold_gain":75,"player_choice":"Gather Gold","damage_taken":11,"max_hp_gain":0,"max_hp_loss":0,"event_name":"World of Goop","floor":5,"gold_loss":0},{"damage_healed":0,"gold_gain":0,"player_choice":"Simplicity","damage_taken":0,"max_hp_gain":0,"max_hp_loss":0,"event_name":"Back to Basics","floor":20,"gold_loss":0,"cards_upgraded":["Defend_G","Defend_G","Defend_G","Defend_G","Defend_G","Strike_G","Strike_G","Strike_G"]},{"damage_healed":0,"gold_gain":0,"player_choice":"Shed Blood","damage_taken":23,"max_hp_gain":5,"max_hp_loss":0,"event_name":"Forgotten Altar","floor":21,"gold_loss":0},{"damage_healed":0,"gold_gain":0,"player_choice":"Fight","damage_taken":0,"max_hp_gain":0,"max_hp_loss":0,"event_name":"Colosseum","floor":22,"gold_loss":0},{"damage_healed":0,"gold_gain":0,"player_choice":"Fled From Nobs","damage_taken":0,"max_hp_gain":0,"max_hp_loss":0,"event_name":"Colosseum","floor":22,"gold_loss":0}],"is_beta":false,"boss_relics":[{"not_picked":["Orrery","Tiny House"],"picked":"Runic Pyramid"}],"items_purged_floors":[3,19],"is_endless":false,"potions_floor_spawned":[2,8,11,13,22],"killed_by":"Slavers","ascension_level":20}