{"gold_per_floor":[119,119,143,161,161,161,181,215,262,286,327,327,327,352,352,352],"floor_reached":16,"playtime":595,"items_purged":[],"score":146,"play_id":"26be7b75-63dc-408b-a03b-03e91df9cbbe","local_time":"20190721233846","is_ascension_mode":true,"campfire_choices":[{"data":"Immolate","floor":6,"key":"SMITH"},{"floor":12,"key":"REST"},{"data":"Whirlwind","floor":15,"key":"SMITH"}],"neow_cost":"PERCENT_DAMAGE","seed_source_timestamp":26076749393793,"circlet_count":0,"master_deck":["Strike_R","Strike_R","Strike_R","Strike_R","Strike_R","Defend_R","Defend_R","Bash","Power Through","Immolate+1","Anger","Injury","Cleave","Battle Trance","Whirlwind+1","Armaments","Shrug It Off","Reaper","Infernal Blade"],"relics":["Burning Blood","Golden Idol","Shuriken","Smiling Mask","Potion Belt"],"potions_floor_usage":[7,11,13,16],"damage_taken":[{"damage":12,"enemies":"Jaw Worm","floor":1,"turns":2},{"damage":0,"enemies":"2 Louse","floor":3,"turns":1},{"damage":0,"enemies":"Cultist","floor":4,"turns":2},{"damage":0,"enemies":"Large Slime","floor":7,"turns":3},{"damage":8,"enemies":"Gremlin Nob","floor":8,"turns":3},{"damage":0,"enemies":"2 Fungi Beasts","floor":10,"turns":1},{"damage":35,"enemies":"Lagavulin","floor":11,"turns":8},{"damage":0,"enemies":"Gremlin Nob","floor":13,"turns":2},{"damage":3,"enemies":"Exordium Thugs","floor":14,"turns":2},{"damage":72,"enemies":"Hexaghost","floor":16,"turns":9}],"seed_played":"5539602894180522304","potions_obtained":[{"floor":4,"key":"SkillPotion"},{"floor":8,"key":"Weak Potion"},{"floor":10,"key":"Strength Potion"},{"floor":11,"key":"SmokeBomb"}],"is_trial":false,"path_per_floor":["M","?","M","M","?","R","M","E","T","M","E","R","E","M","R","B"],"character_chosen":"IRONCLAD","items_purchased":[],"campfire_rested":1,"item_purchase_floors":[],"current_hp_per_floor":[50,50,56,62,54,54,60,58,58,64,35,59,69,72,72,0],"gold":352,"neow_bonus":"TRANSFORM_TWO_CARDS","is_prod":false,"is_daily":false,"chose_seed":false,"campfire_upgraded":2,"win_rate":0,"timestamp":1563745126,"path_taken":["M","?","M","M","?","R","M","E","T","?","E","R","E","M","R","BOSS"],"build_version":"2019-07-17","purchased_purges":0,"victory":false,"max_hp_per_floor":[80,80,80,80,80,80,80,80,80,80,80,80,80,80,80,80],"card_choices":[{"not_picked":["Carnage","Armaments"],"picked":"Anger","floor":1},{"not_picked":["Searing Blow","Reckless Charge"],"picked":"Cleave","floor":3},{"not_picked":["Heavy Blade","Carnage"],"picked":"Battle Trance","floor":4},{"not_picked":["Cleave","Clothesline"],"picked":"Whirlwind","floor":7},{"not_picked":["Heavy Blade","Fiend Fire"],"picked":"Armaments","floor":8},{"not_picked":["Sword Boomerang","Pommel Strike"],"picked":"Shrug It Off","floor":10},{"not_picked":["Combust","Anger"],"picked":"Reaper","floor":11},{"not_picked":["Shrug It Off","Twin Strike"],"picked":"Infernal Blade","floor":14}],"player_experience":277675,"relics_obtained":[{"floor":8,"key":"Shuriken"},{"floor":9,"key":"Smiling Mask"},{"floor":11,"key":"Potion Belt"}],"event_choices":[{"damage_healed":0,"gold_gain":0,"player_choice":"Take Wound","damage_taken":0,"relics_obtained":["Golden Idol"],"max_hp_gain":0,"max_hp_loss":0,"event_name":"Golden Idol","floor":2,"gold_loss":0,"cards_obtained":["Injury"]},{"damage_healed":0,"gold_gain":0,"player_choice":"Damaged","damage_taken":8,"max_hp_gain":0,"max_hp_loss":0,"event_name":"Wheel of Change","floor":5,"gold_loss":0}],"is_beta":false,"boss_relics":[],"items_purged_floors":[],"is_endless":false,"potions_floor_spawned":[4,8,10,11],"killed_by":"Hexaghost","ascension_level":4}