{"gold_per_floor":[364,378,396,3,3,36,36,71,71,4,16,16,50,66,66,66],"floor_reached":16,"playtime":597,"items_purged":["Strike_R"],"score":240,"play_id":"6f45894a-516e-47cd-8e1f-8ad444995cc0","local_time":"20190514191813","is_ascension_mode":true,"campfire_choices":[{"data":"Uppercut","floor":7,"key":"SMITH"},{"floor":12,"key":"REST"},{"data":"Fiend Fire","floor":15,"key":"SMITH"}],"neow_cost":"TEN_PERCENT_HP_LOSS","seed_source_timestamp":871290222064210,"circlet_count":0,"master_deck":["AscendersBane","Strike_R","Strike_R","Strike_R","Strike_R","Defend_R+1","Defend_R","Defend_R","Defend_R","Bash","Uppercut+1","Disarm+1","Feed","Limit Break","Fiend Fire+1","Flame Barrier","Impervious","Combust"],"relics":["Burning Blood","War Paint","NlothsMask","Ancient Tea Set","The Courier","Mercury Hourglass"],"potions_floor_usage":[6,16,16],"damage_taken":[{"damage":10,"enemies":"Small Slimes","floor":1,"turns":5},{"damage":1,"enemies":"Cultist","floor":2,"turns":4},{"damage":10,"enemies":"2 Louse","floor":3,"turns":2},{"damage":40,"enemies":"3 Sentries","floor":6,"turns":12},{"damage":21,"enemies":"Gremlin Nob","floor":8,"turns":4},{"damage":15,"enemies":"Large Slime","floor":11,"turns":7},{"damage":16,"enemies":"Lagavulin","floor":13,"turns":9},{"damage":8,"enemies":"3 Louse","floor":14,"turns":3},{"damage":24,"enemies":"Slime Boss","floor":16,"turns":6}],"seed_played":"391855138435225341","potions_obtained":[{"floor":1,"key":"FearPotion"},{"floor":2,"key":"SkillPotion"},{"floor":8,"key":"SpeedPotion"}],"is_trial":false,"path_per_floor":["M","M","M","$","?","E","R","E","T","$","M","R","E","M","R","B"],"character_chosen":"IRONCLAD","items_purchased":["Feed","War Paint","Flame Barrier"],"campfire_rested":1,"item_purchase_floors":[4,4,10],"current_hp_per_floor":[64,68,64,64,64,33,33,18,18,18,9,30,23,24,24,0],"gold":66,"neow_bonus":"TWO_FIFTY_GOLD","is_prod":false,"is_daily":false,"chose_seed":false,"campfire_upgraded":2,"win_rate":0,"timestamp":1557875893,"path_taken":["M","M","M","$","?","E","R","E","T","?","M","R","E","M","R","BOSS"],"build_version":"2019-01-23","purchased_purges":1,"victory":false,"max_hp_per_floor":[68,68,68,68,68,71,71,71,71,71,71,71,74,77,77,77],"card_choices":[{"not_picked":["Clothesline","Reckless Charge"],"picked":"Uppercut","floor":1},{"not_picked":["Rupture","Warcry","Iron Wave"],"picked":"SKIP","floor":2},{"not_picked":["Wild Strike","Shrug It Off"],"picked":"Disarm","floor":3},{"not_picked":["Sever Soul","Clash"],"picked":"Limit Break","floor":6},{"not_picked":["Seeing Red","Body Slam"],"picked":"Fiend Fire","floor":8},{"not_picked":["Iron Wave","Flex","Sword Boomerang"],"picked":"SKIP","floor":11},{"not_picked":["Clash","Reaper"],"picked":"Impervious","floor":13},{"not_picked":["Perfected Strike","Cleave"],"picked":"Combust","floor":14}],"player_experience":1398325,"relics_obtained":[{"floor":6,"key":"Ancient Tea Set"},{"floor":8,"key":"The Courier"},{"floor":13,"key":"Mercury Hourglass"}],"event_choices":[{"damage_healed":0,"gold_gain":0,"player_choice":"Trade","damage_taken":0,"relics_obtained":["NlothsMask"],"max_hp_gain":0,"max_hp_loss":0,"event_name":"FaceTrader","floor":5,"gold_loss":0}],"is_beta":false,"boss_relics":[],"items_purged_floors":[4],"is_endless":false,"potions_floor_spawned":[1,2,8,13],"killed_by":"Slime Boss","ascension_level":20}