{"gold_per_floor":[112,128,128,144,144,144,176,176,257,257,284,284,310,328,328,429,429,441,356,455,473,473,473,65,94,94,114,144,162,223,240,240,343,343,363,86,96,116,116,141,141,153,153,178,0,0,28,28,28,28,28,28,28,57,57],"floor_reached":56,"playtime":7832,"items_purged":["Strike_B"],"score":1767,"play_id":"b7a42fcb-3f8e-496f-a4eb-e51d7a06b822","local_time":"20190712211402","is_ascension_mode":true,"campfire_choices":[{"data":"Zap","floor":6.0,"key":"SMITH"},{"data":"Defragment","floor":8.0,"key":"SMITH"},{"data":"Consume","floor":10.0,"key":"SMITH"},{"floor":12.0,"key":"REST"},{"data":"Reboot","floor":15.0,"key":"SMITH"},{"data":"Capacitor","floor":23.0,"key":"SMITH"},{"data":"Coolheaded","floor":32.0,"key":"SMITH"},{"data":"Buffer","floor":41.0,"key":"SMITH"},{"data":"Defragment","floor":46.0,"key":"SMITH"},{"floor":49,"key":"RECALL"},{"data":"Biased Cognition","floor":52,"key":"SMITH"}],"neow_cost":"TEN_PERCENT_HP_LOSS","seed_source_timestamp":0,"circlet_count":0,"master_deck":["Strike_B","Strike_B","Strike_B","Defend_B","Defend_B","Defend_B","Defend_B","Zap+1","Dualcast","Ball Lightning","Defragment+1","Capacitor+1","Consume+1","Reboot+1","Coolheaded+1","Buffer+1","Self Repair","Cold Snap+1","Defragment+1","Biased Cognition","Core Surge","Tempest+1","Biased Cognition+1","Chill+1","Heatsinks+1","Reboot","Defragment+1","Master of Strategy","Defragment+1","Thinking Ahead","Hologram+1","Coolheaded+1"],"special_seed":0,"relics":["Cracked Core","Incense Burner","Shuriken","Dodecahedron","Dead Branch","Bottled Lightning","Vajra","Mummified Hand","Black Star","Cables","ClockworkSouvenir","Letter Opener","Lantern","Thread and Needle","Dream Catcher","Meat on the Bone","Tiny Chest","Inserter","Molten Egg 2","Du-Vu Doll","Ornamental Fan","Bag of Marbles","Singing Bowl","Red Mask","Anchor","The Courier","Boot","Blood Vial"],"potions_floor_usage":[55],"damage_taken":[{"damage":1.0,"enemies":"Cultist","floor":1.0,"turns":3.0},{"damage":5.0,"enemies":"Small Slimes","floor":2.0,"turns":3.0},{"damage":7.0,"enemies":"Jaw Worm","floor":4.0,"turns":3.0},{"damage":12.0,"enemies":"Gremlin Nob","floor":7.0,"turns":4.0},{"damage":21.0,"enemies":"Lagavulin","floor":11.0,"turns":5.0},{"damage":17.0,"enemies":"3 Sentries","floor":13.0,"turns":3.0},{"damage":9.0,"enemies":"Exordium Wildlife","floor":14.0,"turns":3.0},{"damage":0.0,"enemies":"Slime Boss","floor":16.0,"turns":6.0},{"damage":0.0,"enemies":"Spheric Guardian","floor":18.0,"turns":3.0},{"damage":0.0,"enemies":"3 Byrds","floor":21.0,"turns":1.0},{"damage":0.0,"enemies":"Gremlin Leader","floor":25.0,"turns":5.0},{"damage":8.0,"enemies":"Centurion and Healer","floor":27.0,"turns":4.0},{"damage":0.0,"enemies":"Book of Stabbing","floor":28.0,"turns":4.0},{"damage":0.0,"enemies":"Sentry and Sphere","floor":29.0,"turns":3.0},{"damage":10.0,"enemies":"Gremlin Leader","floor":30.0,"turns":4.0},{"damage":0.0,"enemies":"3 Cultists","floor":31.0,"turns":4.0},{"damage":0.0,"enemies":"Automaton","floor":33.0,"turns":5.0},{"damage":0.0,"enemies":"3 Darklings","floor":35.0,"turns":5.0},{"damage":0.0,"enemies":"3 Shapes","floor":37.0,"turns":4.0},{"damage":0.0,"enemies":"Writhing Mass","floor":38.0,"turns":3.0},{"damage":5.0,"enemies":"Giant Head","floor":40.0,"turns":6.0},{"damage":0.0,"enemies":"4 Shapes","floor":42.0,"turns":3.0},{"damage":0.0,"enemies":"Nemesis","floor":44.0,"turns":7.0},{"damage":0,"enemies":"Reptomancer","floor":47,"turns":3},{"damage":0,"enemies":"Donu and Deca","floor":50,"turns":4},{"damage":15,"enemies":"Shield and Spear","floor":54,"turns":4},{"damage":9,"enemies":"The Heart","floor":55,"turns":12}],"seed_played":"1820747703564815304","potions_obtained":[{"floor":1.0,"key":"Explosive Potion"},{"floor":4.0,"key":"EssenceOfSteel"},{"floor":11.0,"key":"Weak Potion"},{"floor":16.0,"key":"Swift Potion"},{"floor":21.0,"key":"Swift Potion"},{"floor":25.0,"key":"Block Potion"},{"floor":31.0,"key":"GamblersBrew"},{"floor":35.0,"key":"Swift Potion"},{"floor":40.0,"key":"EssenceOfSteel"}],"is_trial":false,"path_per_floor":["M","M","T","M","?","R","E","R","T","R","E","R","E","M","R","B",null,"M","?","?","M","?","R","$","E","T","M","E","M","E","M","R","B",null,"M","$","M","M","?","E","R","M","T","E","?","R","E","$","R","B",null,"R","$","E","B",null],"character_chosen":"DEFECT","items_purchased":["ClockworkSouvenir","Biased Cognition","Core Surge","Defragment","Master of Strategy"],"campfire_rested":1,"item_purchase_floors":[24,24,24,36,36],"current_hp_per_floor":[67,62,62,55,43,43,31,31,31,31,10,30,13,4,4,4,68,68,68,68,68,68,68,68,68,68,67,68,68,65,68,68,68,68,68,68,68,68,68,68,68,68,68,70,70,70,72,72,72,72,72,72,72,66,66],"gold":57,"neow_bonus":"ONE_RARE_RELIC","is_prod":false,"is_daily":false,"chose_seed":false,"campfire_upgraded":9,"win_rate":0,"timestamp":1562930042,"path_taken":["M","M","?","M","?","R","E","R","T","R","E","R","E","M","R","BOSS","M","?","?","?","?","R","$","E","T","?","E","M","E","M","R","BOSS","M","$","M","M","?","E","R","M","T","E","?","R","E","?","R","BOSS","R","$","E","BOSS"],"build_version":"2019-07-05","purchased_purges":1,"victory":true,"max_hp_per_floor":[68,68,68,68,68,68,68,68,68,68,68,68,68,68,68,68,68,68,68,68,68,68,68,68,68,68,68,68,68,68,68,68,68,68,68,68,68,68,68,68,68,68,68,70,70,70,72,72,72,72,72,72,72,74,74],"card_choices":[{"not_picked":["Rebound","Darkness"],"picked":"Ball Lightning","floor":1.0},{"not_picked":["Conserve Battery","Reinforced Body"],"picked":"Defragment","floor":2.0},{"not_picked":["Darkness","Fusion"],"picked":"Capacitor","floor":4.0},{"not_picked":["Recycle","Sweeping Beam"],"picked":"Consume","floor":7.0},{"not_picked":["White Noise","Leap"],"picked":"Reboot","floor":11.0},{"not_picked":["Stack","Go for the Eyes"],"picked":"Coolheaded","floor":13.0},{"not_picked":["Gash","Stack","Blizzard"],"picked":"SKIP","floor":14.0},{"not_picked":["All For One","Rainbow"],"picked":"Buffer","floor":16.0},{"not_picked":["Barrage+1","Steam"],"picked":"Self Repair","floor":18.0},{"not_picked":["Beam Cell","Turbo"],"picked":"Cold Snap+1","floor":21.0},{"not_picked":["Sweeping Beam+1","Turbo","Reprogram"],"picked":"SKIP","floor":25.0},{"not_picked":["Redo","Go for the Eyes"],"picked":"Tempest+1","floor":27.0},{"not_picked":["Reinforced Body","Barrage+1","Turbo"],"picked":"SKIP","floor":28.0},{"not_picked":["Steam","Leap"],"picked":"Biased Cognition","floor":29.0},{"not_picked":["Double Energy+1","Rebound"],"picked":"Chill+1","floor":30.0},{"not_picked":["Lockon","Stack"],"picked":"Heatsinks+1","floor":31.0},{"not_picked":["Amplify","Hyperbeam"],"picked":"Reboot","floor":33.0},{"not_picked":["Ball Lightning+1","Hello World+1","Doom and Gloom+1"],"picked":"SKIP","floor":35.0},{"not_picked":["Hologram","Rebound"],"picked":"Defragment+1","floor":37.0},{"not_picked":["Rebound","Cold Snap+1","Sweeping Beam+1"],"picked":"SKIP","floor":38.0},{"not_picked":["Purity","Bandage Up"],"picked":"Thinking Ahead","floor":39.0},{"not_picked":["Cold Snap+1","Sweeping Beam"],"picked":"Hologram+1","floor":40.0},{"not_picked":["Hello World+1","Static Discharge"],"picked":"Coolheaded+1","floor":42.0},{"not_picked":["Reinforced Body","Static Discharge+1","Double Energy"],"picked":"Singing Bowl","floor":44.0},{"not_picked":["Barrage+1","Go for the Eyes+1","Gash+1"],"picked":"Singing Bowl","floor":47},{"not_picked":["Beam Cell+1","Steam","Cold Snap+1"],"picked":"Singing Bowl","floor":54}],"player_experience":658201,"relics_obtained":[{"floor":3.0,"key":"Shuriken"},{"floor":7.0,"key":"Dead Branch"},{"floor":9.0,"key":"Bottled Lightning"},{"floor":11.0,"key":"Vajra"},{"floor":13.0,"key":"Mummified Hand"},{"floor":25.0,"key":"Letter Opener"},{"floor":25.0,"key":"Lantern"},{"floor":28.0,"key":"Thread and Needle"},{"floor":28.0,"key":"Dream Catcher"},{"floor":30.0,"key":"Meat on the Bone"},{"floor":30.0,"key":"Tiny Chest"},{"floor":40.0,"key":"Molten Egg 2"},{"floor":40.0,"key":"Du-Vu Doll"},{"floor":43.0,"key":"Ornamental Fan"},{"floor":44.0,"key":"Bag of Marbles"},{"floor":44.0,"key":"Singing Bowl"},{"floor":47,"key":"Anchor"},{"floor":47,"key":"The Courier"},{"floor":54,"key":"Boot"},{"floor":54,"key":"Blood Vial"}],"event_choices":[{"damage_healed":0.0,"max_hp_gain":0.0,"max_hp_loss":0.0,"gold_gain":0.0,"event_name":"Scrap Ooze","player_choice":"Success","floor":5.0,"gold_loss":0.0,"damage_taken":12.0,"relics_obtained":["Dodecahedron"]},{"damage_healed":0.0,"max_hp_gain":0.0,"max_hp_loss":0.0,"gold_gain":0.0,"event_name":"Addict","player_choice":"Obtained Relic","floor":19.0,"gold_loss":85.0,"damage_taken":0.0,"relics_obtained":["Cables"]},{"damage_healed":0.0,"max_hp_gain":0.0,"max_hp_loss":0.0,"gold_gain":99.0,"event_name":"Nest","player_choice":"Stole From Cult","floor":20.0,"gold_loss":0.0,"damage_taken":0.0},{"damage_healed":0.0,"max_hp_gain":0.0,"max_hp_loss":0.0,"gold_gain":0.0,"event_name":"Duplicator","player_choice":"Copied","floor":22.0,"gold_loss":0.0,"damage_taken":0.0,"cards_obtained":["Defragment"]},{"damage_healed":0.0,"max_hp_gain":0.0,"max_hp_loss":0.0,"gold_gain":0.0,"event_name":"SensoryStone","player_choice":"Memory 1","floor":39.0,"gold_loss":0.0,"damage_taken":0.0},{"damage_healed":0.0,"max_hp_gain":0.0,"max_hp_loss":0.0,"gold_gain":0.0,"event_name":"Tomb of Lord Red Mask","player_choice":"Paid","floor":45.0,"gold_loss":178.0,"damage_taken":0.0,"relics_obtained":["Red Mask"]}],"is_beta":false,"boss_relics":[{"not_picked":["Lizard Tail","Calling Bell"],"picked":"Black Star"},{"not_picked":["Pandora\u0027s Box","Velvet Choker"],"picked":"Inserter"}],"items_purged_floors":[36],"is_endless":false,"potions_floor_spawned":[1,4,11,16,21,25,31,35,40],"ascension_level":2}