{"gold_per_floor":[109,53,53,68,68,68,98,98,98,98,133,15,30,30,30,108,108,125,49,49,68,83,83,99,128,155,167,1,1,1,1,1,75,75,93,93,43,62,12,12,43,43,43,54,54,74,17,17,17,17],"floor_reached":50,"playtime":2265,"items_purged":["Perfected Strike+1","Defend_R"],"score":1188,"play_id":"029dd6ab-8116-4483-bbfc-89f013803696","local_time":"20181023184807","is_ascension_mode":true,"campfire_choices":[{"data":"Bash","floor":6,"key":"SMITH"},{"data":"Impervious","floor":8,"key":"SMITH"},{"data":"Perfected Strike","floor":10,"key":"SMITH"},{"data":"Body Slam","floor":15,"key":"SMITH"},{"data":"Shrug It Off","floor":23,"key":"SMITH"},{"data":"Body Slam","floor":29,"key":"SMITH"},{"floor":32,"key":"REST"},{"data":"Body Slam","floor":40,"key":"SMITH"},{"data":"Sentinel","floor":42,"key":"SMITH"},{"data":"Apotheosis","floor":49,"key":"SMITH"}],"neow_cost":"NONE","seed_source_timestamp":425566754607875,"circlet_count":0,"master_deck":["Defend_R","Defend_R+1","Defend_R","Bash+1","AscendersBane","Sentinel+1","Shrug It Off+1","Impervious+1","Carnage","Rupture+1","Body Slam+1","Feel No Pain+1","Brutality+1","Warcry","Rupture+1","Bite","Bite","Bite","Bite","Bite","Clothesline+1","True Grit+1","Body Slam+1","Corruption+1","Shockwave+1","Shrug It Off","Rupture+1","Body Slam+1","Limit Break","Headbutt","Feel No Pain+1","Bloodletting+1","Violence","Apotheosis+1","Thinking Ahead","Shrug It Off"],"relics":["Burning Blood","NeowsBlessing","Pocketwatch","Frozen Egg 2","Question Card","Runic Cube","Sundial","Smiling Mask","Sozu","Bag of Marbles","Letter Opener","Turnip"],"potions_floor_usage":[16,16,25,27],"damage_taken":[{"damage":0,"enemies":"Cultist","floor":1,"turns":1},{"damage":0,"enemies":"Small Slimes","floor":4,"turns":1},{"damage":0,"enemies":"Gremlin Nob","floor":7,"turns":1},{"damage":32,"enemies":"Lagavulin","floor":11,"turns":5},{"damage":6,"enemies":"2 Louse","floor":13,"turns":2},{"damage":22,"enemies":"The Guardian","floor":16,"turns":15},{"damage":11,"enemies":"Chosen","floor":18,"turns":5},{"damage":15,"enemies":"Spheric Guardian","floor":21,"turns":5},{"damage":21,"enemies":"Centurion and Healer","floor":22,"turns":6},{"damage":14,"enemies":"Snake Plant","floor":24,"turns":4},{"damage":33,"enemies":"Book of Stabbing","floor":25,"turns":5},{"damage":17,"enemies":"Cultist and Chosen","floor":27,"turns":6},{"damage":12,"enemies":"Collector","floor":33,"turns":8},{"damage":4,"enemies":"3 Shapes","floor":35,"turns":5},{"damage":19,"enemies":"3 Darklings","floor":38,"turns":5},{"damage":4,"enemies":"Giant Head","floor":41,"turns":5},{"damage":11,"enemies":"Writhing Mass","floor":44,"turns":4},{"damage":25,"enemies":"Transient","floor":46,"turns":6},{"damage":67,"enemies":"Time Eater","floor":50,"turns":7}],"seed_played":"5771156182249455249","potions_obtained":[{"floor":4,"key":"BloodPotion"},{"floor":13,"key":"Regen Potion"},{"floor":16,"key":"Ancient Potion"},{"floor":24,"key":"Strength Potion"},{"floor":25,"key":"Poison Potion"},{"floor":27,"key":"Ancient Potion"}],"is_trial":false,"path_per_floor":["M","$","?","M","?","R","E","R","T","R","E","$","M","?","R","B",null,"M","$","?","M","M","R","M","E","T","M","$","R","$","?","R","B",null,"M","?","$","M","$","R","E","R","T","M","?","M","$","?","R"],"character_chosen":"IRONCLAD","items_purchased":["Shrug It Off","Rupture+1","Body Slam","Rupture+1","Shrug It Off","Rupture+1","Body Slam","Shrug It Off"],"campfire_rested":1,"item_purchase_floors":[2,12,12,19,28,28,28,47],"current_hp_per_floor":[74,74,67,73,50,50,56,56,56,56,30,30,30,30,30,36,65,60,60,52,52,52,52,50,29,29,28,28,28,28,15,32,48,55,57,57,57,48,48,48,57,57,57,57,47,46,46,46,46,0],"gold":17,"neow_bonus":"THREE_ENEMY_KILL","is_prod":false,"is_daily":false,"chose_seed":false,"campfire_upgraded":9,"win_rate":0,"timestamp":1540334887,"path_taken":["M","$","?","M","?","R","E","R","T","R","E","$","M","?","R","BOSS","M","$","?","M","M","R","M","E","T","?","$","R","$","?","R","BOSS","M","?","$","M","$","R","E","R","T","M","?","M","$","?","R","BOSS"],"build_version":"2018-10-18","purchased_purges":2,"victory":false,"max_hp_per_floor":[75,75,75,75,75,75,75,75,75,75,75,75,75,75,75,75,75,75,75,52,52,52,52,52,52,52,52,52,52,52,57,57,57,57,57,57,57,57,57,57,57,57,57,57,57,57,57,57,57,57],"card_choices":[{"not_picked":["Clash","Heavy Blade"],"picked":"Sentinel","floor":1},{"not_picked":["Hemokinesis","Headbutt"],"picked":"Perfected Strike","floor":4},{"not_picked":["Clothesline","Disarm"],"picked":"Impervious","floor":7},{"not_picked":["Power Through","Iron Wave"],"picked":"Carnage","floor":11},{"not_picked":["Perfected Strike","Cleave","Wild Strike"],"picked":"Feel No Pain+1","floor":13},{"not_picked":["Exhume","Barricade+1","Double Tap"],"picked":"Brutality+1","floor":16},{"not_picked":["Wild Strike","Spot Weakness+1","Disarm"],"picked":"Warcry","floor":18},{"not_picked":["Body Slam","Rampage","Flex"],"picked":"Clothesline+1","floor":21},{"not_picked":["Sever Soul","Searing Blow","Flex"],"picked":"True Grit+1","floor":22},{"not_picked":["True Grit","Clash","Clothesline"],"picked":"Body Slam","floor":24},{"not_picked":["Flex","Clash","Brutality+1"],"picked":"Corruption+1","floor":25},{"not_picked":["Perfected Strike","Sever Soul+1","Wild Strike"],"picked":"Shockwave","floor":27},{"not_picked":["Offering","Feed","Fiend Fire"],"picked":"Limit Break","floor":33},{"not_picked":["Clothesline","Shockwave+1","Flame Barrier"],"picked":"Headbutt","floor":35},{"not_picked":["Shrug It Off+1","Clothesline","Uppercut"],"picked":"Feel No Pain+1","floor":38},{"not_picked":["Havoc","Dropkick+1","Twin Strike+1"],"picked":"Bloodletting+1","floor":41},{"not_picked":["Perfected Strike+1","Headbutt+1","Twin Strike","Flex+1"],"picked":"SKIP","floor":44},{"not_picked":["Panacea","Madness","Finesse"],"picked":"Violence","floor":45},{"not_picked":["Panache+1","Secret Technique","Blind"],"picked":"Apotheosis","floor":45},{"not_picked":["Panacea","HandOfGreed","Enlightenment"],"picked":"Thinking Ahead","floor":45},{"not_picked":["True Grit","Clothesline+1","Twin Strike+1","Armaments"],"picked":"SKIP","floor":46}],"player_experience":960628,"relics_obtained":[{"floor":7,"key":"Pocketwatch"},{"floor":9,"key":"Frozen Egg 2"},{"floor":11,"key":"Question Card"},{"floor":25,"key":"Sundial"},{"floor":26,"key":"Smiling Mask"},{"floor":41,"key":"Bag of Marbles"},{"floor":43,"key":"Letter Opener"}],"event_choices":[{"cards_removed":["Strike_R"],"damage_healed":0,"gold_gain":0,"player_choice":"Card Removal","damage_taken":7,"max_hp_gain":0,"max_hp_loss":0,"event_name":"Golden Wing","floor":3,"gold_loss":0},{"damage_healed":0,"gold_gain":0,"player_choice":"Entered Light","damage_taken":23,"max_hp_gain":0,"max_hp_loss":0,"event_name":"Shining Light","floor":5,"gold_loss":0,"cards_upgraded":["Strike_R","Defend_R"]},{"damage_healed":0,"gold_gain":0,"player_choice":"Ignored","damage_taken":0,"max_hp_gain":0,"max_hp_loss":0,"event_name":"Liars Game","floor":14,"gold_loss":0},{"damage_healed":0,"gold_gain":0,"player_choice":"Became a vampire","damage_taken":0,"max_hp_gain":0,"max_hp_loss":23,"event_name":"Vampires","floor":20,"gold_loss":0,"cards_obtained":["Bite","Bite","Bite","Bite","Bite"]},{"damage_healed":0,"gold_gain":0,"player_choice":"Shed Blood","damage_taken":18,"max_hp_gain":5,"max_hp_loss":0,"event_name":"Forgotten Altar","floor":31,"gold_loss":0},{"damage_healed":0,"gold_gain":0,"player_choice":"Upgraded","damage_taken":0,"max_hp_gain":0,"max_hp_loss":0,"event_name":"Upgrade Shrine","floor":36,"gold_loss":0,"cards_upgraded":["Shockwave"]},{"damage_healed":0,"gold_gain":0,"player_choice":"Memory 3","damage_taken":10,"max_hp_gain":0,"max_hp_loss":0,"event_name":"SensoryStone","floor":45,"gold_loss":0},{"damage_healed":0,"gold_gain":0,"player_choice":"Gave Potion","damage_taken":0,"relics_obtained":["Turnip"],"max_hp_gain":0,"max_hp_loss":0,"event_name":"WeMeetAgain","floor":48,"gold_loss":0}],"is_beta":false,"boss_relics":[{"not_picked":["Coffee Dripper","Runic Dome"],"picked":"Runic Cube"},{"not_picked":["Orrery","Mark of Pain"],"picked":"Sozu"}],"items_purged_floors":[37,39],"is_endless":false,"potions_floor_spawned":[4,13,16,24,25,27,38,41],"killed_by":"Time Eater","ascension_level":20}