{"gold_per_floor":[113,113,132,145,164,164,12,47,59,71,94,106,118,152,164,176],"floor_reached":16,"playtime":632,"items_purged":["Strike_G"],"score":200,"play_id":"1e305465-b4c4-4196-9c69-e8baebeb92b5","local_time":"20181025120542","is_ascension_mode":true,"campfire_choices":[{"data":"After Image","floor":6,"key":"SMITH"},{"floor":10,"key":"REST"},{"data":"Bouncing Flask","floor":12,"key":"SMITH"},{"data":"Neutralize","floor":15,"key":"SMITH"}],"neow_cost":"TEN_PERCENT_HP_LOSS","seed_source_timestamp":575873950908184,"circlet_count":0,"master_deck":["Defend_G","Defend_G","Defend_G","Defend_G","Defend_G","Strike_G","Strike_G","Strike_G","Survivor","Neutralize+1","AscendersBane","After Image+1","Dagger Spray","Flying Knee","Deflect","Cloak And Dagger","Well Laid Plans","Bouncing Flask+1","Dodge and Roll"],"relics":["Ring of the Snake","MawBank","Ancient Tea Set","Blue Candle","Odd Mushroom"],"potions_floor_usage":[8,8,14],"damage_taken":[{"damage":1,"enemies":"Small Slimes","floor":1,"turns":5},{"damage":0,"enemies":"2 Louse","floor":3,"turns":2},{"damage":0,"enemies":"Cultist","floor":4,"turns":4},{"damage":9,"enemies":"3 Louse","floor":5,"turns":6},{"damage":41,"enemies":"Gremlin Nob","floor":8,"turns":6},{"damage":5,"enemies":"Exordium Thugs","floor":11,"turns":5},{"damage":2,"enemies":"The Mushroom Lair","floor":14,"turns":4},{"damage":14,"enemies":"Hexaghost","floor":16,"turns":9}],"seed_played":"-1382828089758113777","potions_obtained":[{"floor":3,"key":"Dexterity Potion"},{"floor":4,"key":"Explosive Potion"},{"floor":11,"key":"GamblersBrew"}],"is_trial":false,"path_per_floor":["M","?","M","M","M","R","$","E","T","R","M","R","?","?","R"],"character_chosen":"THE_SILENT","items_purchased":["Well Laid Plans"],"campfire_rested":1,"item_purchase_floors":[7],"current_hp_per_floor":[58,51,51,51,42,42,42,1,1,19,14,14,14,12,12,0],"gold":176,"neow_bonus":"THREE_RARE_CARDS","is_prod":false,"is_daily":false,"chose_seed":false,"campfire_upgraded":3,"win_rate":0,"timestamp":1540483542,"path_taken":["M","?","M","M","M","R","?","E","T","R","M","R","?","?","R","BOSS"],"build_version":"2018-10-18","purchased_purges":1,"victory":false,"max_hp_per_floor":[60,60,60,60,60,60,60,60,60,60,60,60,60,60,60,60],"card_choices":[{"not_picked":["Storm of Steel","Adrenaline"],"picked":"After Image","floor":0},{"not_picked":["Backflip","Slice"],"picked":"Dagger Spray","floor":1},{"not_picked":["Outmaneuver","Slice"],"picked":"Flying Knee","floor":3},{"not_picked":["Acrobatics","Tactician"],"picked":"Deflect","floor":4},{"not_picked":["Tools of the Trade","Quick Slash"],"picked":"Cloak And Dagger","floor":5},{"not_picked":["Acrobatics","Bane"],"picked":"Quick Slash","floor":8},{"not_picked":["Sucker Punch","Dagger Throw"],"picked":"Bouncing Flask","floor":11},{"not_picked":["Dagger Spray","Crippling Poison"],"picked":"Dodge and Roll","floor":14}],"player_experience":974708,"relics_obtained":[{"floor":8,"key":"MawBank"},{"floor":9,"key":"Ancient Tea Set"},{"floor":14,"key":"Odd Mushroom"}],"event_choices":[{"cards_removed":["Strike_G"],"damage_healed":0,"gold_gain":0,"player_choice":"Card Removal","damage_taken":7,"max_hp_gain":0,"max_hp_loss":0,"event_name":"Golden Wing","floor":2,"gold_loss":0},{"cards_removed":["Quick Slash"],"damage_healed":0,"gold_gain":0,"player_choice":"Gave Card","damage_taken":0,"relics_obtained":["Blue Candle"],"max_hp_gain":0,"max_hp_loss":0,"event_name":"WeMeetAgain","floor":13,"gold_loss":0},{"damage_healed":0,"gold_gain":0,"player_choice":"Fought Mushrooms","damage_taken":0,"max_hp_gain":0,"max_hp_loss":0,"event_name":"Mushrooms","floor":14,"gold_loss":0}],"is_beta":false,"boss_relics":[],"items_purged_floors":[7],"is_endless":false,"potions_floor_spawned":[3,4,11],"killed_by":"Hexaghost","ascension_level":20}