{"gold_per_floor":[110,110,123,141,154,186,209,221,279,291,336,66,92,104,104,199,199,213,225,241,6,17,48,48,48,48,48],"floor_reached":27,"playtime":1426,"items_purged":[],"score":280,"play_id":"b39925c0-9135-43a4-97c1-202cf8bc17f5","local_time":"20190613151254","is_ascension_mode":false,"campfire_choices":[{"data":"Feed","floor":8,"key":"SMITH"},{"floor":10,"key":"REST"},{"floor":15,"key":"REST"},{"data":"Armaments","floor":24,"key":"SMITH"}],"neow_cost":"NONE","seed_source_timestamp":52330772792062,"circlet_count":0,"master_deck":["Strike_R","Strike_R","Defend_R","Defend_R","Defend_R","Bash","Metallicize","Cleave","Pommel Strike","Pommel Strike","Rampage","Feed+1","Headbutt","Rampage","Juggernaut","Dropkick","Bludgeon","Demon Form+1","Whirlwind+1","Searing Blow+1","Second Wind+1","Carnage","Thunderclap","Thunderclap","Armaments+1","True Grit","Heavy Blade+1"],"relics":["Runic Dome","MawBank","Lantern","Paper Frog","Mummified Hand","Centennial Puzzle","Astrolabe","Membership Card","Bag of Preparation","Potion Belt"],"potions_floor_usage":[11,23,27],"damage_taken":[{"damage":1,"enemies":"Jaw Worm","floor":1,"turns":3},{"damage":0,"enemies":"Cultist","floor":3,"turns":3},{"damage":7,"enemies":"2 Louse","floor":4,"turns":2},{"damage":16,"enemies":"Exordium Wildlife","floor":5,"turns":3},{"damage":12,"enemies":"3 Sentries","floor":6,"turns":6},{"damage":15,"enemies":"Large Slime","floor":7,"turns":4},{"damage":30,"enemies":"Lagavulin","floor":11,"turns":5},{"damage":12,"enemies":"3 Sentries","floor":13,"turns":6},{"damage":8,"enemies":"Lots of Slimes","floor":14,"turns":3},{"damage":15,"enemies":"Slime Boss","floor":16,"turns":8},{"damage":19,"enemies":"Shell Parasite","floor":18,"turns":4},{"damage":7,"enemies":"2 Thieves","floor":19,"turns":3},{"damage":17,"enemies":"Centurion and Healer","floor":20,"turns":4},{"damage":13,"enemies":"Snake Plant","floor":22,"turns":2},{"damage":27,"enemies":"Book of Stabbing","floor":23,"turns":4},{"damage":22,"enemies":"Slavers","floor":27,"turns":1}],"seed_played":"1081237454416089595","potions_obtained":[{"floor":1,"key":"Dexterity Potion"},{"floor":4,"key":"LiquidBronze"},{"floor":5,"key":"BloodPotion"},{"floor":14,"key":"EssenceOfSteel"},{"floor":20,"key":"Fire Potion"},{"floor":23,"key":"PowerPotion"}],"is_trial":false,"path_per_floor":["M","?","M","M","M","E","M","R","T","R","E","$","E","M","R","B",null,"M","M","M","$","M","E","R","?","T","E"],"character_chosen":"IRONCLAD","items_purchased":["Mummified Hand","Rampage","Membership Card","Thunderclap","Armaments"],"campfire_rested":2,"item_purchase_floors":[12,12,21,21,21],"current_hp_per_floor":[79,79,79,72,56,44,29,29,29,53,31,31,23,19,45,30,88,69,66,53,53,40,13,13,13,13,0],"gold":48,"neow_bonus":"BOSS_RELIC","is_prod":false,"is_daily":false,"chose_seed":false,"campfire_upgraded":2,"win_rate":0.0,"timestamp":1560431574,"path_taken":["M","?","M","M","M","E","M","R","T","R","E","$","E","M","R","BOSS","M","M","M","$","M","E","R","?","T","E"],"build_version":"2019-01-23","purchased_purges":0,"victory":false,"max_hp_per_floor":[80,80,80,80,80,80,80,80,80,80,80,80,84,88,88,88,88,88,92,96,96,96,96,96,96,96,96],"card_choices":[{"not_picked":["Whirlwind","Rage"],"picked":"Metallicize","floor":1},{"not_picked":["Iron Wave","Flex"],"picked":"Cleave","floor":3},{"not_picked":["Sword Boomerang","Twin Strike"],"picked":"Pommel Strike","floor":4},{"not_picked":["True Grit","Warcry"],"picked":"Pommel Strike","floor":5},{"not_picked":["Wild Strike","Clothesline"],"picked":"Rampage","floor":6},{"not_picked":["Carnage","Anger"],"picked":"Feed","floor":7},{"not_picked":["Flex","Warcry"],"picked":"Headbutt","floor":11},{"not_picked":["Bludgeon","Clash"],"picked":"Juggernaut","floor":13},{"not_picked":["Reckless Charge","Sword Boomerang"],"picked":"Dropkick","floor":14},{"not_picked":["Brutality","Dark Embrace"],"picked":"Bludgeon","floor":16},{"not_picked":["Perfected Strike+1","Body Slam"],"picked":"Second Wind+1","floor":18},{"not_picked":["Pummel+1","Perfected Strike"],"picked":"Carnage","floor":19},{"not_picked":["Twin Strike+1","Clash"],"picked":"Thunderclap","floor":20},{"not_picked":["Clash","Flex+1"],"picked":"True Grit","floor":22},{"not_picked":["Dark Embrace","Brutality"],"picked":"Heavy Blade+1","floor":23}],"player_experience":22110,"relics_obtained":[{"floor":6,"key":"MawBank"},{"floor":9,"key":"Lantern"},{"floor":11,"key":"Paper Frog"},{"floor":13,"key":"Centennial Puzzle"},{"floor":23,"key":"Bag of Preparation"},{"floor":26,"key":"Potion Belt"}],"event_choices":[{"cards_removed":["Defend_R"],"damage_healed":0,"gold_gain":0,"player_choice":"Offered Basic","damage_taken":0,"max_hp_gain":0,"max_hp_loss":0,"event_name":"Bonfire Elementals","floor":2,"gold_loss":0},{"damage_healed":0,"gold_gain":0,"player_choice":"Ignored","damage_taken":0,"max_hp_gain":0,"max_hp_loss":0,"event_name":"Beggar","floor":25,"gold_loss":0}],"is_beta":false,"boss_relics":[{"not_picked":["Fusion Hammer","Lizard Tail"],"picked":"Astrolabe"}],"items_purged_floors":[],"is_endless":false,"potions_floor_spawned":[1,4,5,14,20,23],"killed_by":"Slavers","ascension_level":0}