{"gold_per_floor":[112,112,37,37,37,73,86,111,111,155,155,198,5,28,28,28],"floor_reached":16,"playtime":711,"items_purged":["Strike_B"],"score":250,"play_id":"2daaaea1-2080-4b14-9c0f-48320304d755","local_time":"20181212135024","is_ascension_mode":true,"campfire_choices":[{"data":"Zap","floor":11,"key":"SMITH"},{"data":"Go for the Eyes","floor":15,"key":"SMITH"}],"neow_cost":"NONE","seed_source_timestamp":77327218878004,"circlet_count":0,"master_deck":["AscendersBane","Strike_B","Strike_B","Strike_B","Defend_B","Defend_B","Defend_B","Defend_B","Zap+1","Dualcast","Go for the Eyes+1","Electrodynamics","Leap","Hologram","Coolheaded","Hologram"],"relics":["Cracked Core","NeowsBlessing","Golden Idol","Darkstone Periapt","The Courier","Meat on the Bone","Unceasing Top","Smiling Mask","Runic Capacitor"],"potions_floor_usage":[12,16,16],"damage_taken":[{"damage":0,"enemies":"Jaw Worm","floor":1,"turns":1},{"damage":0,"enemies":"Lagavulin","floor":6,"turns":1},{"damage":0,"enemies":"Small Slimes","floor":7,"turns":1},{"damage":5,"enemies":"2 Louse","floor":8,"turns":2},{"damage":23,"enemies":"Gremlin Nob","floor":10,"turns":4},{"damage":19,"enemies":"Lagavulin","floor":12,"turns":8},{"damage":1,"enemies":"2 Fungi Beasts","floor":14,"turns":2},{"damage":28,"enemies":"Hexaghost","floor":16,"turns":12}],"seed_played":"-8084482088277370410","potions_obtained":[{"floor":10,"key":"Poison Potion"},{"floor":14,"key":"PowerPotion"}],"is_trial":false,"path_per_floor":["M","?","$","?","?","E","M","M","T","E","R","E","$","M","R","B"],"character_chosen":"DEFECT","items_purchased":["Runic Capacitor","PowerPotion"],"campfire_rested":0,"item_purchase_floors":[13,13],"current_hp_per_floor":[64,40,40,45,40,40,40,35,35,24,24,17,17,28,28,0],"gold":28,"neow_bonus":"THREE_ENEMY_KILL","is_prod":false,"is_daily":false,"chose_seed":false,"campfire_upgraded":2,"win_rate":0,"timestamp":1544640624,"path_taken":["M","?","$","?","?","E","M","M","T","E","R","E","$","M","R","BOSS"],"build_version":"2018-12-06","purchased_purges":1,"victory":false,"max_hp_per_floor":[71,71,71,76,76,76,76,76,76,76,76,76,76,76,76,76],"card_choices":[{"not_picked":["Steam","Barrage"],"picked":"Go for the Eyes","floor":1},{"not_picked":["FTL","Leap"],"picked":"Electrodynamics","floor":6},{"not_picked":["Chaos","Aggregate"],"picked":"Leap","floor":7},{"not_picked":["Rip and Tear","Tempest"],"picked":"Hologram","floor":8},{"not_picked":["Leap","Steam"],"picked":"Coolheaded","floor":10},{"not_picked":["Streamline","Leap","Steam"],"picked":"SKIP","floor":12},{"not_picked":["Genetic Algorithm","Skim"],"picked":"Hologram","floor":14}],"player_experience":1266266,"relics_obtained":[{"floor":6,"key":"The Courier"},{"floor":9,"key":"Meat on the Bone"},{"floor":10,"key":"Unceasing Top"},{"floor":12,"key":"Smiling Mask"}],"event_choices":[{"damage_healed":0,"gold_gain":0,"player_choice":"Take Damage","damage_taken":24,"relics_obtained":["Golden Idol"],"max_hp_gain":0,"max_hp_loss":0,"event_name":"Golden Idol","floor":2,"gold_loss":0},{"damage_healed":0,"gold_gain":0,"player_choice":"Donut","damage_taken":0,"max_hp_gain":5,"max_hp_loss":0,"event_name":"Big Fish","floor":4,"gold_loss":0},{"damage_healed":0,"gold_gain":0,"player_choice":"Success","damage_taken":5,"relics_obtained":["Darkstone Periapt"],"max_hp_gain":0,"max_hp_loss":0,"event_name":"Scrap Ooze","floor":5,"gold_loss":0}],"is_beta":false,"boss_relics":[],"items_purged_floors":[3],"is_endless":false,"potions_floor_spawned":[10,14],"killed_by":"Hexaghost","ascension_level":15}