{"gold_per_floor":[112,126,138,138,151,151,178,178,178,196,213,19,19,19,19,124,124,143,98,111,111,71,105,105,105,105,105,137,137,166,166,166,166],"floor_reached":33,"playtime":1726,"items_purged":[],"score":295,"play_id":"23f55a1c-834d-4bb4-8f02-72e4ede1f36d","local_time":"20190708163833","is_ascension_mode":true,"campfire_choices":[{"data":"Armaments","floor":6,"key":"SMITH"},{"data":"Armaments","floor":8,"key":"SMITH"},{"floor":13,"key":"RECALL"},{"floor":15,"key":"REST"},{"floor":24,"key":"REST"},{"floor":25,"key":"REST"},{"floor":27,"key":"REST"},{"floor":32,"key":"REST"}],"neow_cost":"NONE","seed_source_timestamp":216381747538576,"circlet_count":0,"master_deck":["Strike_R","Strike_R","Strike_R","Strike_R","Strike_R","Defend_R","Defend_R","Defend_R","Defend_R","Bash","Cleave","Armaments+1","Armaments+1","Fire Breathing+1","Twin Strike","Iron Wave","Double Tap","Seeing Red","Iron Wave","Rupture+1","Feel No Pain+1","Inflame+1","Body Slam"],"relics":["Burning Blood","NeowsBlessing","Frozen Egg 2","Mango","Strange Spoon","Mark of Pain","Toxic Egg 2","WingedGreaves","Darkstone Periapt","Bronze Scales","Red Mask"],"potions_floor_usage":[16,16,23,28,33],"damage_taken":[{"damage":0,"enemies":"Jaw Worm","floor":1,"turns":1},{"damage":0,"enemies":"Cultist","floor":2,"turns":1},{"damage":1,"enemies":"2 Louse","floor":3,"turns":2},{"damage":9,"enemies":"2 Fungi Beasts","floor":5,"turns":4},{"damage":34,"enemies":"Gremlin Nob","floor":7,"turns":5},{"damage":2,"enemies":"3 Louse","floor":10,"turns":2},{"damage":2,"enemies":"Blue Slaver","floor":11,"turns":4},{"damage":77,"enemies":"Hexaghost","floor":16,"turns":13},{"damage":22,"enemies":"Spheric Guardian","floor":18,"turns":4},{"damage":13,"enemies":"3 Byrds","floor":20,"turns":6},{"damage":70,"enemies":"Book of Stabbing","floor":23,"turns":7},{"damage":84,"enemies":"Slavers","floor":28,"turns":8},{"damage":31,"enemies":"Masked Bandits","floor":30,"turns":4},{"damage":62,"enemies":"Collector","floor":33,"turns":7}],"seed_played":"-349488107389638581","potions_obtained":[{"floor":2,"key":"SpeedPotion"},{"floor":11,"key":"Weak Potion"},{"floor":20,"key":"EssenceOfSteel"},{"floor":23,"key":"EssenceOfSteel"},{"floor":30,"key":"Regen Potion"}],"is_trial":false,"path_per_floor":["M","M","M","?","M","R","E","R","T","M","M","$","R","$","R","B",null,"M","$","M","?","$","E","R","R","T","R","E","?","?","?","R","B"],"character_chosen":"IRONCLAD","items_purchased":["Strange Spoon","Iron Wave","Feel No Pain+1"],"campfire_rested":5,"item_purchase_floors":[12,19,22],"current_hp_per_floor":[80,80,80,80,77,77,63,63,63,67,71,71,71,71,94,23,94,78,78,71,71,71,7,35,63,63,91,13,44,19,19,47,0],"gold":166,"neow_bonus":"THREE_ENEMY_KILL","is_prod":false,"is_daily":false,"chose_seed":false,"campfire_upgraded":2,"win_rate":0,"timestamp":1562629113,"path_taken":["M","M","M","?","M","R","E","R","T","?","?","$","R","$","R","BOSS","M","$","M","?","$","E","R","R","T","R","E","?","?","?","R","BOSS"],"build_version":"2019-07-05","purchased_purges":0,"victory":false,"max_hp_per_floor":[80,80,80,80,80,80,94,94,94,94,94,94,94,94,94,94,94,94,94,94,94,94,94,94,94,94,94,94,94,94,94,94,94],"card_choices":[{"not_picked":["Ghostly Armor","Pommel Strike"],"picked":"Cleave","floor":1},{"not_picked":["Seeing Red","Warcry"],"picked":"Armaments","floor":2},{"not_picked":["Thunderclap","True Grit"],"picked":"Pommel Strike","floor":3},{"not_picked":["Corruption+1","Headbutt"],"picked":"Armaments","floor":5},{"not_picked":["Fiend Fire","Carnage"],"picked":"Fire Breathing+1","floor":7},{"not_picked":["Clash","Headbutt"],"picked":"Twin Strike","floor":10},{"not_picked":["Wild Strike","Twin Strike"],"picked":"Iron Wave","floor":11},{"not_picked":["Brutality+1","Fiend Fire"],"picked":"Double Tap","floor":16},{"not_picked":["Spot Weakness+1","Flex+1"],"picked":"Seeing Red","floor":18},{"not_picked":["Headbutt","Armaments"],"picked":"Rupture+1","floor":20},{"not_picked":["True Grit+1","Rupture+1","Second Wind+1"],"picked":"SKIP","floor":23},{"not_picked":["Havoc+1","Juggernaut+1"],"picked":"Inflame+1","floor":28},{"not_picked":["Shrug It Off+1","Perfected Strike"],"picked":"Body Slam","floor":30}],"player_experience":220402,"relics_obtained":[{"floor":7,"key":"Mango"},{"floor":23,"key":"WingedGreaves"},{"floor":26,"key":"Darkstone Periapt"},{"floor":28,"key":"Bronze Scales"},{"floor":30,"key":"Red Mask"}],"event_choices":[{"cards_removed":["Pommel Strike"],"damage_healed":0,"gold_gain":0,"player_choice":"Gave Card","damage_taken":0,"relics_obtained":["Frozen Egg 2"],"max_hp_gain":0,"max_hp_loss":0,"event_name":"WeMeetAgain","floor":4,"gold_loss":0},{"damage_healed":0,"gold_gain":0,"player_choice":"Opened","damage_taken":0,"relics_obtained":["Toxic Egg 2"],"max_hp_gain":0,"max_hp_loss":0,"event_name":"The Mausoleum","floor":21,"gold_loss":0},{"damage_healed":31,"gold_gain":0,"player_choice":"Heal","damage_taken":0,"max_hp_gain":0,"max_hp_loss":0,"event_name":"The Library","floor":29,"gold_loss":0},{"damage_healed":0,"gold_gain":0,"player_choice":"Fought Bandits","damage_taken":0,"max_hp_gain":0,"max_hp_loss":0,"event_name":"Masked Bandits","floor":30,"gold_loss":0},{"damage_healed":0,"gold_gain":0,"player_choice":"Ignored","damage_taken":0,"max_hp_gain":0,"max_hp_loss":0,"event_name":"Vampires","floor":31,"gold_loss":0}],"is_beta":false,"boss_relics":[{"not_picked":["Velvet Choker","Ectoplasm"],"picked":"Mark of Pain"}],"items_purged_floors":[],"is_endless":false,"potions_floor_spawned":[2,11,20,23,30],"killed_by":"Collector","ascension_level":1}