{"gold_per_floor":[111,111,386,401,418,443,62,93,93,112,37,37,47,65,65,140,140,153,166,166,179,10,10,26,26,26,40,40],"floor_reached":28,"playtime":891,"items_purged":["Regret"],"score":464,"play_id":"2edd2bab-03fd-4bb6-9377-ed12bca0a82e","local_time":"20181128223818","is_ascension_mode":true,"campfire_choices":[{"data":"Zap","floor":12.0,"key":"SMITH"},{"data":"Defragment","floor":15.0,"key":"SMITH"},{"data":"Consume","floor":23,"key":"SMITH"},{"data":"Hologram","floor":25,"key":"SMITH"}],"neow_cost":"NONE","seed_source_timestamp":293489560767105,"circlet_count":0,"master_deck":["AscendersBane","Strike_B","Strike_B","Defend_B","Defend_B","Defend_B","Defend_B","Zap+1","Dualcast","Ball Lightning","Streamline","Cold Snap","Hologram+1","Ball Lightning+1","Rebound+1","Defragment+1","Cold Snap+1","Electrodynamics","Consume+1","FTL+1","Ball Lightning+1","Compile Driver+1","Leap+1"],"special_seed":0,"relics":["Cracked Core","NeowsBlessing","Blue Candle","Pantograph","Molten Egg 2","Meat on the Bone","Velvet Choker","Orichalcum","Ornamental Fan"],"potions_floor_usage":[21,24],"damage_taken":[{"damage":0.0,"enemies":"Small Slimes","floor":1.0,"turns":1.0},{"damage":0.0,"enemies":"2 Louse","floor":4.0,"turns":1.0},{"damage":0.0,"enemies":"Cultist","floor":5.0,"turns":1.0},{"damage":27.0,"enemies":"Lagavulin","floor":6.0,"turns":5.0},{"damage":8.0,"enemies":"Gremlin Nob","floor":8.0,"turns":3.0},{"damage":2.0,"enemies":"2 Fungi Beasts","floor":10.0,"turns":3.0},{"damage":6.0,"enemies":"3 Louse","floor":13.0,"turns":3.0},{"damage":26.0,"enemies":"Gremlin Gang","floor":14.0,"turns":3.0},{"damage":14.0,"enemies":"Slime Boss","floor":16.0,"turns":7.0},{"damage":20,"enemies":"2 Thieves","floor":18,"turns":3},{"damage":24,"enemies":"Shell Parasite","floor":19,"turns":4},{"damage":9,"enemies":"3 Cultists","floor":21,"turns":3},{"damage":19,"enemies":"Snake Plant","floor":24,"turns":4},{"damage":18,"enemies":"Centurion and Healer","floor":27,"turns":2},{"damage":29,"enemies":"Slavers","floor":28,"turns":1}],"seed_played":"3848796090177153011","potions_obtained":[{"floor":4.0,"key":"GamblersBrew"},{"floor":5.0,"key":"PowerPotion"},{"floor":6.0,"key":"Regen Potion"},{"floor":16.0,"key":"GamblersBrew"},{"floor":21,"key":"SpeedPotion"}],"is_trial":false,"path_per_floor":["M","?","?","M","M","E","$","E","T","M","?","R","M","M","R","B",null,"M","M","?","M","$","R","M","R","T","M","E"],"character_chosen":"DEFECT","items_purchased":["Pantograph","Hologram","Orichalcum"],"campfire_rested":0,"item_purchase_floors":[7,7,22],"current_hp_per_floor":[64,64,64,64,64,37,37,38,38,36,36,36,42,28,28,39,63,43,31,31,34,34,34,27,27,27,21,0],"gold":40,"neow_bonus":"THREE_ENEMY_KILL","is_prod":false,"is_daily":false,"chose_seed":false,"campfire_upgraded":4,"win_rate":0,"timestamp":1543462698,"path_taken":["M","?","?","?","M","E","$","E","T","M","?","R","M","M","R","BOSS","M","M","?","M","$","R","M","R","T","M","E"],"build_version":"2018-11-15","purchased_purges":1,"victory":false,"max_hp_per_floor":[71,71,71,71,71,71,71,71,71,71,71,71,71,71,71,71,71,71,71,71,71,71,71,71,71,71,71,71],"card_choices":[{"not_picked":["Stack","Rebound"],"picked":"Ball Lightning","floor":1.0},{"not_picked":["Fusion","Recycle"],"picked":"Streamline","floor":4.0},{"not_picked":["Double Energy","Steam"],"picked":"Cold Snap","floor":5.0},{"not_picked":["Turbo","Scrape","Reboot"],"picked":"SKIP","floor":6.0},{"not_picked":["Steam","Beam Cell"],"picked":"Ball Lightning","floor":8.0},{"not_picked":["Aggregate","Turbo"],"picked":"Rebound+1","floor":10.0},{"not_picked":["FTL+1","Darkness"],"picked":"Defragment","floor":13.0},{"not_picked":["Ball Lightning+1","Force Field"],"picked":"Cold Snap+1","floor":14.0},{"not_picked":["All For One+1","Multi-Cast"],"picked":"Electrodynamics","floor":16.0},{"not_picked":["Streamline+1","Steam"],"picked":"Consume","floor":18},{"not_picked":["Cold Snap+1","Static Discharge"],"picked":"FTL+1","floor":19},{"not_picked":["Consume","Storm"],"picked":"Ball Lightning+1","floor":21},{"not_picked":["Gash+1","Streamline+1"],"picked":"Compile Driver+1","floor":24},{"not_picked":["Hologram","Streamline+1"],"picked":"Leap+1","floor":27}],"player_experience":1188074,"relics_obtained":[{"floor":6.0,"key":"Blue Candle"},{"floor":8.0,"key":"Molten Egg 2"},{"floor":9.0,"key":"Meat on the Bone"},{"floor":26,"key":"Ornamental Fan"}],"event_choices":[{"cards_removed":["Strike_B"],"damage_healed":0.0,"max_hp_gain":0.0,"max_hp_loss":0.0,"gold_gain":0.0,"event_name":"Living Wall","player_choice":"Forget","floor":2.0,"gold_loss":0.0,"damage_taken":0.0},{"damage_healed":0.0,"max_hp_gain":0.0,"max_hp_loss":0.0,"gold_gain":275.0,"event_name":"Golden Shrine","player_choice":"Desecrate","floor":3.0,"gold_loss":0.0,"damage_taken":0.0,"cards_obtained":["Regret"]},{"cards_removed":["Strike_B"],"damage_healed":0.0,"max_hp_gain":0.0,"max_hp_loss":0.0,"gold_gain":0.0,"event_name":"The Cleric","player_choice":"Card Removal","floor":11.0,"gold_loss":75.0,"damage_taken":0.0},{"damage_healed":0,"gold_gain":0,"player_choice":"Ignored","damage_taken":0,"max_hp_gain":0,"max_hp_loss":0,"event_name":"N\u0027loth","floor":20,"gold_loss":0}],"is_beta":false,"boss_relics":[{"not_picked":["Orrery","Runic Pyramid"],"picked":"Velvet Choker"}],"items_purged_floors":[7],"is_endless":false,"potions_floor_spawned":[4,5,6,16,21],"killed_by":"Slavers","ascension_level":20}