{"gold_per_floor":[110,110,128,128,140,140,171,186,186,186,201,231,296,322,322,426,426,436,456,371,371,107,136,146,146,169,200,200,200,218,218,218,321,321,340,360,460,560,560,585,585,614,614,646,646,646,92,106,106,106],"floor_reached":51,"playtime":7958,"items_purged":["Strike_R","Clothesline"],"score":1157,"play_id":"279e216d-5796-42b1-b32a-93d2857109d1","local_time":"20190706105436","is_ascension_mode":true,"campfire_choices":[{"data":"Feed","floor":6.0,"key":"SMITH"},{"data":"Armaments","floor":10.0,"key":"SMITH"},{"data":"Rage","floor":15.0,"key":"SMITH"},{"data":"Double Tap","floor":25.0,"key":"SMITH"},{"data":"Berserk","floor":29.0,"key":"SMITH"},{"data":"Burning Pact","floor":32.0,"key":"SMITH"},{"data":"Limit Break","floor":41.0,"key":"SMITH"},{"data":"Flex","floor":46.0,"key":"SMITH"},{"data":"Battle Trance","floor":49.0,"key":"SMITH"}],"neow_cost":"PERCENT_DAMAGE","seed_source_timestamp":0,"circlet_count":0,"master_deck":["Strike_R+1","Defend_R","Defend_R+1","Defend_R","Bash+1","Carnage","Armaments+1","Cleave","Feed+1","Rage+1","Thunderclap","Clash","Double Tap+1","Warcry+1","RitualDagger+1","Shrug It Off","Violence+1","Shockwave+1","Burning Pact+1","Limit Break+1","Flex+1","True Grit+1","Headbutt+1","Battle Trance+1","Seeing Red+1"],"special_seed":0,"relics":["Burning Blood","Magic Flower","Torii","Champion Belt","Boot","Mercury Hourglass","Kunai","Sozu","Bag of Marbles","Vajra","Juzu Bracelet","Ornamental Fan","Busted Crown","Charon\u0027s Ashes","Whetstone","War Paint","Centennial Puzzle","Red Skull","Bottled Lightning","HandDrill"],"potions_floor_usage":[50,50],"damage_taken":[{"damage":0.0,"enemies":"Small Slimes","floor":1.0,"turns":2.0},{"damage":7.0,"enemies":"2 Louse","floor":3.0,"turns":2.0},{"damage":0.0,"enemies":"Jaw Worm","floor":5.0,"turns":3.0},{"damage":28.0,"enemies":"Gremlin Nob","floor":7.0,"turns":4.0},{"damage":2.0,"enemies":"Looter","floor":8.0,"turns":4.0},{"damage":1.0,"enemies":"Exordium Wildlife","floor":11.0,"turns":3.0},{"damage":11.0,"enemies":"3 Sentries","floor":12.0,"turns":4.0},{"damage":21.0,"enemies":"Gremlin Nob","floor":13.0,"turns":5.0},{"damage":17.0,"enemies":"Lagavulin","floor":14.0,"turns":6.0},{"damage":0.0,"enemies":"Slime Boss","floor":16.0,"turns":9.0},{"damage":0.0,"enemies":"3 Byrds","floor":18.0,"turns":4.0},{"damage":22.0,"enemies":"Spheric Guardian","floor":19.0,"turns":5.0},{"damage":6.0,"enemies":"Book of Stabbing","floor":23.0,"turns":6.0},{"damage":6.0,"enemies":"Centurion and Healer","floor":24.0,"turns":5.0},{"damage":0.0,"enemies":"Slavers","floor":27.0,"turns":3.0},{"damage":0.0,"enemies":"Cultist and Chosen","floor":30.0,"turns":4.0},{"damage":11.0,"enemies":"Champ","floor":33.0,"turns":12.0},{"damage":0.0,"enemies":"Orb Walker","floor":35.0,"turns":3.0},{"damage":19.0,"enemies":"3 Darklings","floor":36.0,"turns":5.0},{"damage":39.0,"enemies":"Mind Bloom Boss Battle","floor":37.0,"turns":5.0},{"damage":17.0,"enemies":"Giant Head","floor":40.0,"turns":6.0},{"damage":23.0,"enemies":"Nemesis","floor":42.0,"turns":5.0},{"damage":7.0,"enemies":"Reptomancer","floor":44.0,"turns":3.0},{"damage":1.0,"enemies":"Maw","floor":48.0,"turns":5.0},{"damage":11,"enemies":"Awakened One","floor":50,"turns":8}],"seed_played":"1630650884744589719","potions_obtained":[{"floor":8.0,"key":"SmokeBomb"},{"floor":11.0,"key":"Poison Potion"},{"floor":13.0,"key":"Dexterity Potion"},{"floor":14.0,"key":"AttackPotion"},{"floor":16.0,"key":"Block Potion"}],"is_trial":false,"path_per_floor":["M","?","M","?","M","R","E","M","T","R","M","E","?","E","R","B",null,"M","M","?","?","$","E","M","R","T","E","?","R","M","?","R","B",null,"M","M","?","?","?","E","R","E","T","E","?","R","$","M","R","B",null],"character_chosen":"IRONCLAD","items_purchased":["Shrug It Off","Violence","Bottled Lightning","HandDrill"],"campfire_rested":0,"item_purchase_floors":[22,22,47,47],"current_hp_per_floor":[62,37,39,39,48,48,29,42,42,42,56,60,54,52,52,67,104,108,95,95,89,89,92,101,101,101,116,116,116,120,120,120,118,120,120,116,86,86,86,78,78,64,64,72,72,72,72,86,86,84],"gold":106,"neow_bonus":"TRANSFORM_TWO_CARDS","is_prod":false,"is_daily":false,"chose_seed":false,"campfire_upgraded":9,"win_rate":0,"timestamp":1562374476,"path_taken":["M","?","M","?","M","R","E","M","T","R","M","E","?","E","R","BOSS","M","M","?","?","?","E","?","R","T","E","?","R","M","?","R","BOSS","M","M","?","?","?","E","R","E","T","E","?","R","$","M","R","BOSS"],"build_version":"2019-07-01","purchased_purges":2,"victory":true,"max_hp_per_floor":[80,80,80,80,80,80,80,84,84,84,88,92,96,100,100,104,104,108,108,108,108,108,108,112,112,112,116,116,116,120,120,120,120,120,120,124,124,124,124,124,124,124,124,128,128,128,128,132,132,132],"card_choices":[{"not_picked":["True Grit","Wild Strike"],"picked":"Armaments","floor":1.0},{"not_picked":["Pommel Strike","Rampage"],"picked":"Cleave","floor":3.0},{"not_picked":["Dropkick","Pommel Strike"],"picked":"Feed","floor":5.0},{"not_picked":["Power Through","Warcry","Immolate"],"picked":"SKIP","floor":7.0},{"not_picked":["Warcry","Heavy Blade","Intimidate"],"picked":"SKIP","floor":8.0},{"not_picked":["True Grit","Cleave"],"picked":"Rage","floor":11.0},{"not_picked":["Uppercut","Sword Boomerang"],"picked":"Thunderclap","floor":12.0},{"not_picked":["Entrench","Sword Boomerang"],"picked":"Clash","floor":14.0},{"not_picked":["Barricade","Impervious"],"picked":"Double Tap","floor":16.0},{"not_picked":["Cleave","Anger","Clothesline"],"picked":"SKIP","floor":18.0},{"not_picked":["Sever Soul","Fire Breathing"],"picked":"Warcry+1","floor":19.0},{"not_picked":["Carnage","Thunderclap","Clothesline"],"picked":"SKIP","floor":23.0},{"not_picked":["Pommel Strike","Clothesline+1"],"picked":"Shockwave+1","floor":24.0},{"not_picked":["Reckless Charge","Power Through"],"picked":"Berserk","floor":27.0},{"not_picked":["Hemokinesis","Rupture"],"picked":"Burning Pact","floor":30.0},{"not_picked":["Dark Embrace","Feed"],"picked":"Limit Break","floor":33.0},{"not_picked":[],"picked":"Flex","floor":35.0},{"not_picked":["Havoc"],"picked":"SKIP","floor":36.0},{"not_picked":[],"picked":"True Grit+1","floor":37.0},{"not_picked":[],"picked":"Headbutt+1","floor":40.0},{"not_picked":["Limit Break"],"picked":"SKIP","floor":42.0},{"not_picked":[],"picked":"Battle Trance","floor":44.0},{"not_picked":[],"picked":"Seeing Red+1","floor":48.0}],"player_experience":641498,"relics_obtained":[{"floor":7.0,"key":"Torii"},{"floor":9.0,"key":"Champion Belt"},{"floor":12.0,"key":"Boot"},{"floor":13.0,"key":"Mercury Hourglass"},{"floor":14.0,"key":"Kunai"},{"floor":23.0,"key":"Vajra"},{"floor":26.0,"key":"Juzu Bracelet"},{"floor":27.0,"key":"Ornamental Fan"},{"floor":37.0,"key":"Charon\u0027s Ashes"},{"floor":40.0,"key":"Whetstone"},{"floor":42.0,"key":"War Paint"},{"floor":43.0,"key":"Centennial Puzzle"},{"floor":44.0,"key":"Red Skull"}],"event_choices":[{"damage_healed":0.0,"max_hp_gain":0.0,"max_hp_loss":0.0,"gold_gain":0.0,"event_name":"Scrap Ooze","player_choice":"Success","floor":2.0,"gold_loss":0.0,"damage_taken":25.0,"relics_obtained":["Magic Flower"]},{"cards_removed":["Strike_R"],"damage_healed":0.0,"max_hp_gain":0.0,"max_hp_loss":0.0,"gold_gain":0.0,"event_name":"Living Wall","player_choice":"Forget","floor":4.0,"gold_loss":0.0,"damage_taken":0.0},{"damage_healed":0.0,"max_hp_gain":0.0,"max_hp_loss":0.0,"gold_gain":0.0,"event_name":"Dead Adventurer","player_choice":"Searched \u00272\u0027 times","floor":13.0,"gold_loss":0.0,"damage_taken":0.0},{"damage_healed":0.0,"max_hp_gain":0.0,"max_hp_loss":0.0,"gold_gain":0.0,"event_name":"Addict","player_choice":"Obtained Relic","floor":20.0,"gold_loss":85.0,"damage_taken":0.0,"relics_obtained":["Bag of Marbles"]},{"damage_healed":0.0,"max_hp_gain":0.0,"max_hp_loss":0.0,"gold_gain":0.0,"event_name":"Nest","player_choice":"Joined the Cult","floor":21.0,"gold_loss":0.0,"damage_taken":6.0,"cards_obtained":["RitualDagger"]},{"damage_healed":0.0,"max_hp_gain":0.0,"max_hp_loss":0.0,"gold_gain":0.0,"event_name":"Accursed Blacksmith","player_choice":"Forge","floor":28.0,"gold_loss":0.0,"damage_taken":0.0,"cards_upgraded":["RitualDagger"]},{"cards_removed":["Strike_R"],"damage_healed":0.0,"max_hp_gain":0.0,"max_hp_loss":0.0,"gold_gain":0.0,"event_name":"Back to Basics","player_choice":"Elegance","floor":31.0,"gold_loss":0.0,"damage_taken":0.0},{"damage_healed":0.0,"max_hp_gain":0.0,"max_hp_loss":0.0,"gold_gain":0.0,"event_name":"MindBloom","player_choice":"Fight","floor":37.0,"gold_loss":0.0,"damage_taken":0.0},{"damage_healed":0.0,"max_hp_gain":0.0,"max_hp_loss":0.0,"gold_gain":100.0,"event_name":"Golden Shrine","player_choice":"Pray","floor":38.0,"gold_loss":0.0,"damage_taken":0.0},{"cards_removed":["Berserk"],"damage_healed":0.0,"max_hp_gain":0.0,"max_hp_loss":0.0,"gold_gain":0.0,"event_name":"Falling","player_choice":"Removed Power","floor":39.0,"gold_loss":0.0,"damage_taken":0.0},{"damage_healed":0.0,"max_hp_gain":0.0,"max_hp_loss":0.0,"gold_gain":0.0,"event_name":"Tomb of Lord Red Mask","player_choice":"Ignored","floor":45.0,"gold_loss":0.0,"damage_taken":0.0}],"is_beta":false,"boss_relics":[{"not_picked":["White Beast Statue","Runic Cube"],"picked":"Sozu"},{"not_picked":["Philosopher\u0027s Stone","Mark of Pain"],"picked":"Busted Crown"}],"items_purged_floors":[22,47],"is_endless":false,"potions_floor_spawned":[8,11,13,14,16,19,24,27,33,36,44],"ascension_level":4}