{"gold_per_floor":[112,126,126,141,141,141,167,167,167,167,167,202,220,237,237,309,309,324,324,336,336,336,366,416,416],"floor_reached":25,"playtime":1066,"items_purged":[],"score":458,"play_id":"34dc4790-bf1f-41c7-9973-24f5d5d8cd47","local_time":"20190711020739","is_ascension_mode":true,"campfire_choices":[{"data":"Zap","floor":6,"key":"SMITH"},{"data":"Ball Lightning","floor":8,"key":"SMITH"},{"data":"Dualcast","floor":10,"key":"SMITH"},{"data":"Go for the Eyes","floor":15,"key":"SMITH"}],"neow_cost":"NONE","seed_source_timestamp":115445942858686,"circlet_count":0,"master_deck":["AscendersBane","Strike_B","Strike_B+1","Strike_B","Strike_B","Defend_B","Defend_B","Defend_B","Defend_B+1","Zap+1","Dualcast+1","Cold Snap","Cold Snap","Ball Lightning+1","Go for the Eyes+1","Hologram","Reinforced Body","Electrodynamics","Sweeping Beam+1","Undo","Self Repair"],"relics":["Cracked Core","The Courier","Kunai","Shovel","Coffee Dripper","Nilry\u0027s Codex","Molten Egg 2","Ice Cream"],"potions_floor_usage":[7,16,23,25],"damage_taken":[{"damage":3,"enemies":"Small Slimes","floor":1,"turns":3},{"damage":5,"enemies":"Jaw Worm","floor":2,"turns":3},{"damage":0,"enemies":"2 Louse","floor":4,"turns":3},{"damage":6,"enemies":"Gremlin Nob","floor":7,"turns":3},{"damage":6,"enemies":"Lagavulin","floor":12,"turns":5},{"damage":2,"enemies":"Red Slaver","floor":13,"turns":3},{"damage":7,"enemies":"3 Louse","floor":14,"turns":3},{"damage":10,"enemies":"The Guardian","floor":16,"turns":13},{"damage":0,"enemies":"Spheric Guardian","floor":18,"turns":6},{"damage":6,"enemies":"Chosen","floor":20,"turns":4},{"damage":22,"enemies":"Slavers","floor":23,"turns":3},{"damage":33,"enemies":"Book of Stabbing","floor":25,"turns":5}],"seed_played":"-4387197315866923087","potions_obtained":[{"floor":0,"key":"SteroidPotion"},{"floor":0,"key":"FocusPotion"},{"floor":13,"key":"GamblersBrew"},{"floor":14,"key":"Fire Potion"},{"floor":16,"key":"Block Potion"}],"is_trial":false,"path_per_floor":["M","M","?","M","?","R","E","R","T","R","?","E","M","M","R","B",null,"M","?","M","?","T","E","?","E"],"character_chosen":"DEFECT","items_purchased":[],"campfire_rested":0,"item_purchase_floors":[],"current_hp_per_floor":[61,56,56,56,35,35,29,29,29,29,71,65,63,56,56,46,65,65,44,38,52,52,30,30,0],"gold":416,"neow_bonus":"THREE_SMALL_POTIONS","is_prod":false,"is_daily":false,"chose_seed":false,"campfire_upgraded":4,"win_rate":0,"timestamp":1562825259,"path_taken":["M","M","?","M","?","R","E","R","T","R","?","E","M","?","R","BOSS","M","?","M","?","?","E","?","E"],"build_version":"2019-07-05","purchased_purges":0,"victory":false,"max_hp_per_floor":[71,71,71,71,71,71,71,71,71,71,71,71,71,71,71,71,71,71,71,71,71,71,71,71,71],"card_choices":[{"not_picked":["Conserve Battery","Redo"],"picked":"Cold Snap","floor":1},{"not_picked":["Leap","FTL"],"picked":"Cold Snap","floor":2},{"not_picked":["Melter","Coolheaded"],"picked":"Ball Lightning","floor":4},{"not_picked":["Streamline","Thunder Strike"],"picked":"Auto Shields","floor":7},{"not_picked":["Cold Snap","Force Field"],"picked":"Go for the Eyes","floor":12},{"not_picked":["Conserve Battery","Barrage"],"picked":"Hologram","floor":13},{"not_picked":["Rebound","Gash"],"picked":"Reinforced Body","floor":14},{"not_picked":["All For One","Thunder Strike"],"picked":"Electrodynamics","floor":16},{"not_picked":["White Noise","Coolheaded"],"picked":"Sweeping Beam+1","floor":18},{"not_picked":["Beam Cell","Ball Lightning"],"picked":"Undo","floor":20},{"not_picked":["Stack+1","Beam Cell+1"],"picked":"Self Repair","floor":23}],"player_experience":1465746,"relics_obtained":[{"floor":7,"key":"The Courier"},{"floor":9,"key":"Kunai"},{"floor":12,"key":"Shovel"},{"floor":19,"key":"Nilry\u0027s Codex"},{"floor":22,"key":"Molten Egg 2"},{"floor":23,"key":"Ice Cream"}],"event_choices":[{"damage_healed":0,"gold_gain":0,"player_choice":"Ignored","damage_taken":0,"max_hp_gain":0,"max_hp_loss":0,"event_name":"Liars Game","floor":3,"gold_loss":0},{"damage_healed":0,"gold_gain":0,"player_choice":"Entered Light","damage_taken":21,"max_hp_gain":0,"max_hp_loss":0,"event_name":"Shining Light","floor":5,"gold_loss":0,"cards_upgraded":["Defend_B","Strike_B"]},{"cards_removed":["Auto Shields"],"damage_healed":42,"gold_gain":0,"player_choice":"Offered Uncommon","damage_taken":0,"max_hp_gain":0,"max_hp_loss":0,"event_name":"Bonfire Elementals","floor":11,"gold_loss":0},{"damage_healed":0,"gold_gain":0,"player_choice":"Obtained Book","damage_taken":21,"max_hp_gain":0,"max_hp_loss":0,"event_name":"Cursed Tome","floor":19,"gold_loss":0},{"damage_healed":14,"gold_gain":0,"player_choice":"Heal","damage_taken":0,"max_hp_gain":0,"max_hp_loss":0,"event_name":"The Library","floor":21,"gold_loss":0},{"damage_healed":0,"gold_gain":50,"player_choice":"Stole From Cult","damage_taken":0,"max_hp_gain":0,"max_hp_loss":0,"event_name":"Nest","floor":24,"gold_loss":0}],"is_beta":false,"boss_relics":[{"not_picked":["Sozu","Tiny House"],"picked":"Coffee Dripper"}],"items_purged_floors":[],"is_endless":false,"potions_floor_spawned":[13,14,16],"killed_by":"Book of Stabbing","ascension_level":20}