{"gold_per_floor":[118,17,17,33,43,43,75,75,75,75,101,101,101,101,101,197,197,180,199,9,9,21,21,21],"floor_reached":24,"playtime":1031,"items_purged":["Strike_R"],"score":252,"play_id":"b2c8e3f1-2ad7-40ca-a150-45117958255f","local_time":"20180814144946","is_ascension_mode":false,"campfire_choices":[{"data":"Barricade","floor":6,"key":"SMITH"},{"data":"Entrench","floor":8,"key":"SMITH"},{"data":"True Grit","floor":10,"key":"SMITH"},{"data":"True Grit","floor":12,"key":"SMITH"},{"data":"True Grit","floor":15,"key":"SMITH"},{"data":"Body Slam","floor":23,"key":"SMITH"}],"neow_cost":"NONE","seed_source_timestamp":222033607085345,"circlet_count":0,"master_deck":["Strike_R","Strike_R","Strike_R","Defend_R","Defend_R","Defend_R","Defend_R","Bash","Shrug It Off","Clash","Clash","Uppercut","Pommel Strike","Barricade+1","True Grit+1","Swift Strike","True Grit+1","True Grit+1","Power Through","Entrench+1","Demon Form","Warcry+1","Clothesline","Limit Break","Shockwave","Body Slam+1"],"relics":["Orrery"],"potions_floor_usage":[7,18,24],"damage_taken":[{"damage":1,"enemies":"Jaw Worm","floor":1,"turns":3},{"damage":6,"enemies":"Cultist","floor":4,"turns":5},{"damage":3,"enemies":"Small Slimes","floor":5,"turns":3},{"damage":3,"enemies":"Gremlin Nob","floor":7,"turns":4},{"damage":5,"enemies":"3 Sentries","floor":11,"turns":14},{"damage":0,"enemies":"The Guardian","floor":16,"turns":26},{"damage":14,"enemies":"2 Thieves","floor":18,"turns":5},{"damage":11,"enemies":"Spheric Guardian","floor":19,"turns":11},{"damage":6,"enemies":"Snecko","floor":22,"turns":6},{"damage":14,"enemies":"Slavers","floor":24,"turns":3}],"seed_played":"5743985651088180451","potions_obtained":[{"floor":4,"key":"EssenceOfSteel"},{"floor":7,"key":"GamblersBrew"},{"floor":16,"key":"Explosive Potion"},{"floor":22,"key":"Strength Potion"}],"is_trial":false,"path_per_floor":["M","$","?","M","M","R","E","R","T","R","E","R","?","?","R","B",null,"M","M","$","?","M","R"],"character_chosen":"IRONCLAD","items_purchased":["True Grit","Limit Break","Shockwave"],"campfire_rested":0,"item_purchase_floors":[2,20,20],"current_hp_per_floor":[79,79,79,73,70,70,67,67,67,67,62,62,62,62,62,62,80,66,55,55,55,49,49,35],"gold":21,"neow_bonus":"BOSS_RELIC","is_prod":false,"is_daily":false,"chose_seed":false,"campfire_upgraded":6,"win_rate":0,"timestamp":1534272586,"path_taken":["M","$","?","M","M","R","E","R","T","R","E","R","?","?","R","BOSS","M","M","$","?","M","R","E"],"build_version":"2018-08-09","purchased_purges":1,"victory":false,"max_hp_per_floor":[80,80,80,80,80,80,80,80,80,80,80,80,80,80,80,80,80,80,80,80,80,80,80,80],"card_choices":[{"not_picked":["Metallicize","Cleave"],"picked":"Shrug It Off","floor":0},{"not_picked":["Sword Boomerang","Twin Strike"],"picked":"Clash","floor":0},{"not_picked":["Heavy Blade","Searing Blow"],"picked":"Clash","floor":0},{"not_picked":["Wild Strike","Sword Boomerang"],"picked":"Uppercut","floor":0},{"not_picked":["Infernal Blade","Warcry"],"picked":"Pommel Strike","floor":0},{"not_picked":["Metallicize","Warcry"],"picked":"Barricade","floor":1},{"not_picked":["Pommel Strike","Shockwave"],"picked":"True Grit","floor":4},{"not_picked":["Second Wind","Reckless Charge"],"picked":"Power Through","floor":5},{"not_picked":["Havoc","Flex"],"picked":"Entrench","floor":7},{"not_picked":["Heavy Blade","Blood for Blood","Perfected Strike"],"picked":"SKIP","floor":11},{"not_picked":["Impervious","Double Tap"],"picked":"Demon Form","floor":16},{"not_picked":["Ghostly Armor","Thunderclap+1"],"picked":"Warcry+1","floor":18},{"not_picked":["Rupture","Havoc"],"picked":"Clothesline","floor":19},{"not_picked":["Pummel","Hemokinesis"],"picked":"Body Slam","floor":22}],"player_experience":503357,"relics_obtained":[],"event_choices":[{"event_name":"Match and Keep!","player_choice":"2 cards matched","floor":3,"damage_taken":0},{"event_name":"Purifier","player_choice":"One Purge","floor":13,"damage_taken":0},{"event_name":"Scrap Ooze","player_choice":"unsuccessful","floor":14,"damage_taken":0},{"event_name":"The Mausoleum","player_choice":"No","floor":21,"damage_taken":0}],"is_beta":false,"boss_relics":[{"not_picked":["Snecko Eye","Eternal Feather","Empty Cage"]}],"items_purged_floors":[2],"is_endless":false,"potions_floor_spawned":[4,7,16,22],"killed_by":"Slavers","ascension_level":0}