{"gold_per_floor":[109,122,134,134,134,134,165,177,189,201,239,251,263,288,300,411,423,423,423,423,87,87,87,87,87,87,87,87,87,87,87,87,87,87,87,87,87,0,0,0,0,0,0,0,0,0,0,0,0,0],"floor_reached":50,"playtime":1827,"items_purged":["Strike_R"],"score":574,"play_id":"42dc2ea7-2a90-42ad-83c8-b327e429077e","local_time":"20180820230244","is_ascension_mode":false,"campfire_choices":[{"data":"Bash","floor":6,"key":"SMITH"},{"data":"Twin Strike","floor":8,"key":"SMITH"},{"data":"Twin Strike","floor":10,"key":"SMITH"},{"data":"Clash","floor":15,"key":"SMITH"},{"data":"Defend_R","floor":23,"key":"SMITH"},{"floor":32,"key":"REST"},{"data":"Warcry","floor":40,"key":"SMITH"},{"floor":49,"key":"REST"}],"neow_cost":"NONE","seed_source_timestamp":34397407859126,"circlet_count":0,"master_deck":["Strike_R+1","Defend_R+1","Defend_R","Defend_R","Defend_R","Bash+1","Clothesline+1","Twin Strike+1","Twin Strike+1","Clash+1","Clash+1","Flex+1","Pommel Strike+1","Clash+1","Warcry+1","Iron Wave+1","Clash+1","Clash+1","Flex+1","Headbutt+1","Pommel Strike+1"],"relics":["Burning Blood","Bottled Flame","MawBank","Bag of Preparation","Orichalcum","Ectoplasm","Molten Egg 2","Pear","Strawberry","Dodecahedron","Runic Dome","Red Mask","Dream Catcher","Anchor","Nunchaku"],"potions_floor_usage":[7,19,33,33,33,50,50,50],"damage_taken":[{"damage":1,"enemies":"Cultist","floor":1,"turns":3},{"damage":2,"enemies":"2 Louse","floor":2,"turns":3},{"damage":4,"enemies":"Small Slimes","floor":3,"turns":3},{"damage":16,"enemies":"Lagavulin","floor":7,"turns":7},{"damage":6,"enemies":"Gremlin Nob","floor":11,"turns":3},{"damage":0,"enemies":"Blue Slaver","floor":14,"turns":3},{"damage":33,"enemies":"Hexaghost","floor":16,"turns":9},{"damage":9,"enemies":"Shell Parasite","floor":18,"turns":3},{"damage":0,"enemies":"Spheric Guardian","floor":19,"turns":2},{"damage":11,"enemies":"Shelled Parasite and Fungi","floor":20,"turns":3},{"damage":0,"enemies":"Snake Plant","floor":22,"turns":1},{"damage":11,"enemies":"Slavers","floor":24,"turns":5},{"damage":6,"enemies":"Centurion and Healer","floor":27,"turns":2},{"damage":5,"enemies":"Gremlin Leader","floor":29,"turns":4},{"damage":5,"enemies":"Cultist and Chosen","floor":31,"turns":3},{"damage":44,"enemies":"Champ","floor":33,"turns":8},{"damage":0,"enemies":"3 Shapes","floor":35,"turns":2},{"damage":10,"enemies":"3 Darklings","floor":36,"turns":3},{"damage":11,"enemies":"Sphere and 2 Shapes","floor":37,"turns":4},{"damage":0,"enemies":"Flame Bruiser 2 Orb","floor":39,"turns":2},{"damage":4,"enemies":"2 Orb Walkers","floor":41,"turns":3},{"damage":6,"enemies":"3 Darklings","floor":45,"turns":3},{"damage":20,"enemies":"4 Shapes","floor":46,"turns":4},{"damage":0,"floor":47,"turns":3},{"damage":0,"enemies":"Flame Bruiser 2 Orb","floor":48,"turns":3},{"damage":110,"enemies":"Time Eater","floor":50,"turns":8}],"seed_played":"-90647138734510796","potions_obtained":[{"floor":3,"key":"Strength Potion"},{"floor":7,"key":"Swift Potion"},{"floor":11,"key":"Block Potion"},{"floor":20,"key":"AttackPotion"},{"floor":24,"key":"Explosive Potion"},{"floor":31,"key":"AttackPotion"},{"floor":35,"key":"SteroidPotion"},{"floor":41,"key":"PowerPotion"},{"floor":46,"key":"AttackPotion"},{"floor":48,"key":"GamblersBrew"}],"is_trial":false,"path_per_floor":["M","M","M","T","?","R","E","R","T","R","E","$","?","M","R","B",null,"M","M","M","$","M","R","E","?","T","M","?","E","$","M","R","B",null,"M","M","M","?","M","R","E","$","T","$","M","M","?","M","R"],"character_chosen":"IRONCLAD","items_purchased":["Molten Egg 2"],"campfire_rested":2,"item_purchase_floors":[21],"current_hp_per_floor":[80,80,80,80,64,64,54,54,54,54,54,54,54,60,60,33,80,77,80,75,75,80,80,85,85,92,92,92,93,93,94,97,59,97,97,93,88,88,94,94,96,96,96,96,96,82,88,94,97,0],"gold":0,"neow_bonus":"REMOVE_CARD","is_prod":false,"is_daily":false,"chose_seed":false,"campfire_upgraded":6,"win_rate":0,"timestamp":1534820564,"path_taken":["M","M","?","?","?","R","E","R","T","R","E","$","?","M","R","BOSS","M","M","M","$","M","R","E","?","T","M","?","E","$","M","R","BOSS","M","M","?","?","M","R","E","$","T","$","M","M","?","M","R","BOSS"],"build_version":"2018-08-16","purchased_purges":1,"victory":false,"max_hp_per_floor":[80,80,80,80,80,80,80,80,80,80,80,80,80,80,80,80,80,80,80,80,80,80,80,90,90,97,97,97,97,97,97,97,97,97,97,97,97,97,97,97,97,97,97,97,97,97,97,97,97,97],"card_choices":[{"not_picked":["Flex","Metallicize"],"picked":"Clothesline","floor":1},{"not_picked":["Heavy Blade","Combust"],"picked":"Twin Strike","floor":2},{"not_picked":["True Grit","Wild Strike"],"picked":"Twin Strike","floor":3},{"not_picked":["Fire Breathing","Dual Wield","Wild Strike"],"picked":"SKIP","floor":7},{"not_picked":["Spot Weakness","Evolve","Inflame"],"picked":"SKIP","floor":11},{"not_picked":["Armaments","Havoc"],"picked":"Clash","floor":14},{"not_picked":["Anger","Cleave"],"picked":"Clash+1","floor":18},{"not_picked":["Twin Strike","Battle Trance"],"picked":"Flex+1","floor":19},{"not_picked":["Sword Boomerang","Feed","Power Through"],"picked":"SKIP","floor":20},{"not_picked":["Sever Soul+1","Feel No Pain","Wild Strike+1"],"picked":"SKIP","floor":22},{"not_picked":["Disarm+1","Carnage+1"],"picked":"Pommel Strike+1","floor":24},{"not_picked":["Clothesline+1","Evolve","Feed+1"],"picked":"SKIP","floor":27},{"not_picked":["Heavy Blade+1","Clothesline+1","Blood for Blood+1"],"picked":"SKIP","floor":29},{"not_picked":["Thunderclap+1","Heavy Blade+1"],"picked":"Warcry","floor":31},{"not_picked":["Sword Boomerang+1","Body Slam+1","Anger+1"],"picked":"SKIP","floor":35},{"not_picked":["Reckless Charge+1","Heavy Blade+1"],"picked":"Iron Wave+1","floor":36},{"not_picked":["Evolve","Body Slam+1"],"picked":"Clash+1","floor":37},{"not_picked":["Wild Strike+1","Blood for Blood+1"],"picked":"Clash+1","floor":39},{"not_picked":["Rupture+1","Perfected Strike+1"],"picked":"Flex+1","floor":41},{"not_picked":["Carnage+1","Searing Blow+1"],"picked":"Headbutt+1","floor":45},{"not_picked":["Carnage+1","Fire Breathing+1"],"picked":"Pommel Strike+1","floor":46},{"not_picked":["Dual Wield+1","Headbutt+1","Iron Wave+1"],"picked":"SKIP","floor":48}],"player_experience":523345,"relics_obtained":[{"floor":4,"key":"Bottled Flame"},{"floor":7,"key":"MawBank"},{"floor":9,"key":"Bag of Preparation"},{"floor":11,"key":"Orichalcum"},{"floor":24,"key":"Pear"},{"floor":26,"key":"Strawberry"},{"floor":29,"key":"Dodecahedron"},{"floor":41,"key":"Dream Catcher"},{"floor":43,"key":"Anchor"},{"floor":47,"key":"Nunchaku"}],"event_choices":[{"event_name":"Shining Light","player_choice":"Entered Light","floor":5,"damage_taken":0},{"event_name":"Purifier","player_choice":"One Purge","floor":13,"damage_taken":0},{"event_name":"Back to Basics","player_choice":"Elegance","floor":25,"damage_taken":0},{"event_name":"The Library","player_choice":"Read","floor":28,"damage_taken":0},{"event_name":"Tomb of Lord Red Mask","player_choice":"Paid","floor":38,"damage_taken":0},{"event_name":"MindBloom","player_choice":"Fight","floor":47,"damage_taken":0}],"is_beta":false,"boss_relics":[{"not_picked":["Black Blood","Tiny House"],"picked":"Ectoplasm"},{"not_picked":["Cursed Key","Pandora\u0027s Box"],"picked":"Runic Dome"}],"items_purged_floors":[21],"is_endless":false,"potions_floor_spawned":[3,7,11,20,24,29,31,35,41,46,48],"killed_by":"Time Eater","ascension_level":0}