{"gold_per_floor":[10,27,39,55,205,205,146,146,214,244,319,335,335,368,368,440,440,456,474,488,505,26,26,59,59,104,149,161,190,227,4,4,81,81,99,99,114,114,114,114,144,197,197,197,197,197,43,0,0,0],"floor_reached":51,"playtime":2961,"items_purged":["Doubt","Decay"],"score":1231,"play_id":"ae997ed5-b00c-4f2b-8cfb-12fb35e4f66b","local_time":"20181020125648","is_ascension_mode":true,"campfire_choices":[{"data":"Neutralize","floor":6,"key":"SMITH"},{"data":"Cloak And Dagger","floor":8,"key":"SMITH"},{"data":"Skewer","floor":13,"key":"SMITH"},{"floor":15,"key":"REST"},{"data":"Malaise","floor":23,"key":"SMITH"},{"data":"Noxious Fumes","floor":25,"key":"SMITH"},{"data":"Footwork","floor":28,"key":"SMITH"},{"data":"Doppelganger","floor":32,"key":"SMITH"},{"data":"After Image","floor":40,"key":"SMITH"},{"data":"Cloak And Dagger","floor":44,"key":"SMITH"},{"data":"Footwork","floor":46,"key":"SMITH"},{"floor":49,"key":"REST"}],"neow_cost":"NO_GOLD","seed_source_timestamp":144558310967112,"circlet_count":0,"master_deck":["Defend_G","Defend_G","Defend_G","Defend_G","Defend_G","Strike_G","Strike_G","Survivor","Neutralize+1","AscendersBane","Cloak And Dagger+1","Well Laid Plans","Poisoned Stab","Skewer+1","Malaise+1","Adrenaline","Cloak And Dagger+1","Noxious Fumes+1","Deflect+1","Footwork+1","Leg Sweep","Doppelganger+1","After Image+1","Dagger Spray+1","Terror+1","Footwork+1","Noxious Fumes+1","Escape Plan+1","Burst+1","Dodge and Roll+1"],"relics":["Ring of the Snake","Bag of Preparation","The Courier","Ancient Tea Set","Bag of Marbles","Cursed Key","Sundial","OrangePellets","Oddly Smooth Stone","MawBank","Art of War","Bottled Lightning","Chemical X","Astrolabe","Potion Belt","Turnip","Toxic Egg 2","Red Mask"],"potions_floor_usage":[10,10,24,33,42,42,50],"damage_taken":[{"damage":1,"enemies":"Cultist","floor":1,"turns":4},{"damage":0,"enemies":"Jaw Worm","floor":2,"turns":5},{"damage":0,"enemies":"2 Louse","floor":3,"turns":4},{"damage":4,"enemies":"Gremlin Gang","floor":4,"turns":6},{"damage":13,"enemies":"Gremlin Nob","floor":10,"turns":5},{"damage":11,"enemies":"Large Slime","floor":12,"turns":7},{"damage":30,"enemies":"3 Sentries","floor":14,"turns":11},{"damage":5,"enemies":"The Guardian","floor":16,"turns":19},{"damage":0,"enemies":"Spheric Guardian","floor":18,"turns":3},{"damage":1,"enemies":"3 Byrds","floor":19,"turns":6},{"damage":15,"enemies":"Centurion and Healer","floor":20,"turns":6},{"damage":1,"enemies":"Snecko","floor":21,"turns":6},{"damage":6,"enemies":"Slavers","floor":24,"turns":7},{"damage":10,"enemies":"Book of Stabbing","floor":27,"turns":7},{"damage":0,"enemies":"Cultist and Chosen","floor":29,"turns":7},{"damage":8,"enemies":"Gremlin Leader","floor":30,"turns":10},{"damage":11,"enemies":"Automaton","floor":33,"turns":11},{"damage":5,"enemies":"3 Darklings","floor":35,"turns":6},{"damage":0,"enemies":"Orb Walker","floor":37,"turns":4},{"damage":3,"enemies":"Nemesis","floor":41,"turns":9},{"damage":29,"enemies":"2 Orb Walkers","floor":42,"turns":5},{"damage":2,"enemies":"Donu and Deca","floor":50,"turns":12}],"seed_played":"5589429905978824230","potions_obtained":[{"floor":1,"key":"SkillPotion"},{"floor":2,"key":"Ancient Potion"},{"floor":3,"key":"Block Potion"},{"floor":18,"key":"GhostInAJar"},{"floor":20,"key":"Dexterity Potion"},{"floor":29,"key":"EssenceOfSteel"},{"floor":33,"key":"EssenceOfSteel"},{"floor":42,"key":"Explosive Potion"}],"is_trial":false,"path_per_floor":["M","M","M","M","?","R","?","R","T","E","?","M","R","E","R","B",null,"M","M","M","M","$","R","E","R","T","E","R","M","E","$","R","B",null,"M","$","M","?","?","R","E","?","T","R","?","R","$","?","R","B"],"character_chosen":"THE_SILENT","items_purchased":["Footwork","Sundial","OrangePellets","Chemical X","Burst+1","Dodge and Roll+1"],"campfire_rested":2,"item_purchase_floors":[22,22,22,31,47,47],"current_hp_per_floor":[70,70,70,66,66,66,66,66,66,53,42,31,31,1,24,19,63,63,62,47,46,46,46,40,40,40,30,30,30,22,22,22,11,61,56,56,56,56,56,56,53,24,24,24,24,24,24,24,46,44],"gold":0,"neow_bonus":"TWENTY_PERCENT_HP_BONUS","is_prod":false,"is_daily":false,"chose_seed":false,"campfire_upgraded":10,"win_rate":0,"timestamp":1540054608,"path_taken":["M","M","M","?","?","R","?","R","T","E","?","M","R","E","R","BOSS","M","?","M","M","$","R","E","R","T","E","R","?","E","$","R","BOSS","M","$","M","?","?","R","E","?","T","R","?","R","$","?","R","BOSS"],"build_version":"2018-10-18","purchased_purges":2,"victory":true,"max_hp_per_floor":[78,78,78,78,78,78,78,78,78,78,78,78,78,78,78,78,78,78,78,78,78,78,78,78,78,78,78,78,78,78,78,78,78,78,78,78,78,78,74,74,74,74,74,74,74,74,74,74,74,74],"card_choices":[{"not_picked":["Dagger Throw","Backflip"],"picked":"Cloak And Dagger","floor":1},{"not_picked":["Heel Hook","Sucker Punch"],"picked":"Well Laid Plans","floor":2},{"not_picked":["Distraction","Masterful Stab"],"picked":"Poisoned Stab","floor":3},{"not_picked":["Setup","Bane","Outmaneuver"],"picked":"SKIP","floor":4},{"not_picked":["Accuracy","Sucker Punch","Heel Hook"],"picked":"SKIP","floor":10},{"not_picked":["Accuracy","Deflect"],"picked":"Skewer","floor":12},{"not_picked":["Dash","Flying Knee"],"picked":"Malaise","floor":14},{"not_picked":["Grand Finale","Phantasmal Killer"],"picked":"Adrenaline","floor":16},{"not_picked":["Acrobatics","Deflect"],"picked":"Cloak And Dagger","floor":18},{"not_picked":["Predator","Terror+1"],"picked":"Noxious Fumes","floor":19},{"not_picked":["Dagger Throw","Dodge and Roll"],"picked":"Deflect+1","floor":20},{"not_picked":["Underhanded Strike","Accuracy","Sucker Punch"],"picked":"SKIP","floor":21},{"not_picked":["Underhanded Strike","Skewer","Sucker Punch"],"picked":"SKIP","floor":24},{"not_picked":["Outmaneuver+1","Endless Agony+1"],"picked":"Leg Sweep","floor":27},{"not_picked":["Underhanded Strike","Bane","Dagger Spray"],"picked":"SKIP","floor":29},{"not_picked":["Terror","Predator+1"],"picked":"Doppelganger","floor":30},{"not_picked":["Bullet Time","Envenom"],"picked":"After Image","floor":33},{"not_picked":["Flying Knee","Dash"],"picked":"Footwork","floor":35},{"not_picked":["Blade Dance","Poisoned Stab"],"picked":"Noxious Fumes+1","floor":37},{"not_picked":["Tactician","Poisoned Stab","Dagger Spray+1"],"picked":"SKIP","floor":41},{"not_picked":["Skewer+1","Prepared"],"picked":"Escape Plan+1","floor":42}],"player_experience":940012,"relics_obtained":[{"floor":9,"key":"The Courier"},{"floor":10,"key":"Ancient Tea Set"},{"floor":14,"key":"Bag of Marbles"},{"floor":24,"key":"Oddly Smooth Stone"},{"floor":26,"key":"MawBank"},{"floor":27,"key":"Art of War"},{"floor":30,"key":"Bottled Lightning"},{"floor":41,"key":"Potion Belt"},{"floor":42,"key":"Turnip"},{"floor":43,"key":"Toxic Egg 2"}],"event_choices":[{"damage_healed":0,"gold_gain":150,"player_choice":"AGREE","damage_taken":0,"max_hp_gain":0,"max_hp_loss":0,"event_name":"Liars Game","floor":5,"gold_loss":0,"cards_obtained":["Doubt"]},{"damage_healed":0,"gold_gain":0,"player_choice":"Paid Gold","damage_taken":0,"relics_obtained":["Bag of Preparation"],"max_hp_gain":0,"max_hp_loss":0,"event_name":"WeMeetAgain","floor":7,"gold_loss":59},{"damage_healed":0,"gold_gain":75,"player_choice":"Gather Gold","damage_taken":11,"max_hp_gain":0,"max_hp_loss":0,"event_name":"World of Goop","floor":11,"gold_loss":0},{"cards_removed":["Infinite Blades"],"damage_healed":0,"gold_gain":0,"player_choice":"Card Removal","damage_taken":0,"max_hp_gain":0,"max_hp_loss":0,"event_name":"Wheel of Change","floor":38,"gold_loss":0},{"damage_healed":0,"gold_gain":0,"player_choice":"Max HP","damage_taken":0,"max_hp_gain":0,"max_hp_loss":4,"event_name":"Winding Halls","floor":39,"gold_loss":0},{"damage_healed":0,"gold_gain":0,"player_choice":"Fight","damage_taken":0,"max_hp_gain":0,"max_hp_loss":0,"event_name":"Mysterious Sphere","floor":42,"gold_loss":0},{"cards_removed":["Injury"],"damage_healed":0,"gold_gain":0,"player_choice":"Removed Curses","damage_taken":0,"max_hp_gain":0,"max_hp_loss":0,"event_name":"Fountain of Cleansing","floor":45,"gold_loss":0},{"damage_healed":0,"gold_gain":0,"player_choice":"Paid","damage_taken":0,"relics_obtained":["Red Mask"],"max_hp_gain":0,"max_hp_loss":0,"event_name":"Tomb of Lord Red Mask","floor":48,"gold_loss":43}],"is_beta":false,"boss_relics":[{"not_picked":["Black Star","Philosopher\u0027s Stone"],"picked":"Cursed Key"},{"not_picked":["WristBlade","Lizard Tail"],"picked":"Astrolabe"}],"items_purged_floors":[22,31],"is_endless":false,"potions_floor_spawned":[1,2,3,18,20,29,30,33,42],"ascension_level":15}