{"gold_per_floor":[119,131,148,158,178,178,192,4,4,35,35,46,46,74,74,148,148,162,181,25,37,136,167,167,183,183,183,217,217,63,76,76,150,150,161,173,173,98,98,98,118,146,146,146,162,176,176,38,38,38,38,38,4,39,39],"floor_reached":55,"playtime":4715,"items_purged":["Strike_B","Doubt"],"score":1316,"play_id":"de0bfeba-71c0-445c-bce3-c3e5d3a65c71","local_time":"20190720131136","is_ascension_mode":true,"campfire_choices":[{"data":"Zap","floor":6.0,"key":"SMITH"},{"data":"Dualcast","floor":11.0,"key":"SMITH"},{"floor":13.0,"key":"REST"},{"floor":15.0,"key":"REST"},{"floor":24.0,"key":"REST"},{"floor":27.0,"key":"REST"},{"data":"Sunder","floor":32.0,"key":"SMITH"},{"data":"Hologram","floor":40,"key":"SMITH"},{"floor":44,"key":"REST"},{"floor":49,"key":"RECALL"},{"data":"Strike_B","floor":52,"key":"PURGE"}],"neow_cost":"NONE","seed_source_timestamp":0,"circlet_count":0,"master_deck":["AscendersBane","Defend_B","Defend_B","Defend_B","Defend_B","Zap+1","Dualcast+1","Seek+1","Ball Lightning","Ball Lightning","Multi-Cast","Genetic Algorithm","Steam+1","Secret Technique","Meteor Strike","Genetic Algorithm","Biased Cognition","Leap","Glacier+1","Core Surge","Hologram+1","Sunder+1","Echo Form+1","Redo+1","Tempest","Undo+1","Consume","Conserve Battery+1","White Noise","Recycle","Hologram"],"special_seed":0,"relics":["Cracked Core","Meat on the Bone","Ice Cream","War Paint","Snecko Eye","Pocketwatch","Peace Pipe","Frozen Egg 2","Pen Nib","Inserter","Ornamental Fan","Thread and Needle"],"potions_floor_usage":[55,55],"damage_taken":[{"damage":0.0,"enemies":"Cultist","floor":1.0,"turns":4.0},{"damage":4.0,"enemies":"Jaw Worm","floor":2.0,"turns":4.0},{"damage":0.0,"enemies":"2 Louse","floor":3.0,"turns":2.0},{"damage":1.0,"enemies":"2 Fungi Beasts","floor":4.0,"turns":2.0},{"damage":10.0,"enemies":"Lots of Slimes","floor":5.0,"turns":4.0},{"damage":0.0,"enemies":"Large Slime","floor":7.0,"turns":4.0},{"damage":27.0,"enemies":"Lagavulin","floor":10.0,"turns":5.0},{"damage":13.0,"enemies":"Exordium Wildlife","floor":12.0,"turns":4.0},{"damage":18.0,"enemies":"Gremlin Nob","floor":14.0,"turns":3.0},{"damage":53.0,"enemies":"Hexaghost","floor":16.0,"turns":10.0},{"damage":12.0,"enemies":"Chosen","floor":18.0,"turns":4.0},{"damage":30.0,"enemies":"3 Byrds","floor":19.0,"turns":5.0},{"damage":6.0,"enemies":"Snake Plant","floor":21.0,"turns":3.0},{"damage":24.0,"enemies":"Book of Stabbing","floor":23.0,"turns":9.0},{"damage":5.0,"enemies":"Sentry and Sphere","floor":25.0,"turns":5.0},{"damage":3.0,"enemies":"Slavers","floor":28.0,"turns":2.0},{"damage":0.0,"enemies":"Centurion and Healer","floor":31.0,"turns":6.0},{"damage":0.0,"enemies":"Champ","floor":33.0,"turns":11.0},{"damage":0.0,"enemies":"3 Shapes","floor":35.0,"turns":4.0},{"damage":9.0,"enemies":"3 Darklings","floor":36.0,"turns":5.0},{"damage":24,"enemies":"4 Shapes","floor":41,"turns":5},{"damage":32,"enemies":"Giant Head","floor":42,"turns":9},{"damage":2,"enemies":"Jaw Worm Horde","floor":45,"turns":7},{"damage":0,"enemies":"Transient","floor":46,"turns":5},{"damage":15,"enemies":"Donu and Deca","floor":50,"turns":6},{"damage":0,"enemies":"Shield and Spear","floor":54,"turns":5},{"damage":68,"enemies":"The Heart","floor":55,"turns":3}],"seed_played":"83475157341949067","potions_obtained":[{"floor":1.0,"key":"Swift Potion"},{"floor":5.0,"key":"Ancient Potion"},{"floor":14.0,"key":"GamblersBrew"},{"floor":16.0,"key":"Energy Potion"},{"floor":18.0,"key":"Weak Potion"},{"floor":21.0,"key":"PowerPotion"},{"floor":23.0,"key":"PowerPotion"},{"floor":28.0,"key":"SkillPotion"},{"floor":35.0,"key":"SpeedPotion"}],"is_trial":false,"path_per_floor":["M","M","M","M","M","R","M","$","T","E","R","M","R","E","R","B",null,"M","M","$","M","?","E","R","M","T","R","E","?","$","M","R","B",null,"M","M","?","$","?","R","M","E","T","R","M","M","?","$","R","B",null,"R","$","E","B"],"character_chosen":"DEFECT","items_purchased":["Secret Technique","Core Surge","Pen Nib","White Noise","Recycle"],"campfire_rested":5,"item_purchase_floors":[8,20,30,48,53],"current_hp_per_floor":[64,60,60,59,49,49,49,49,49,34,34,33,54,36,57,16,57,45,27,27,33,33,21,42,37,37,58,55,55,55,55,55,55,67,67,58,58,58,58,58,46,26,26,47,45,45,71,71,71,56,67,67,67,67,0],"gold":39,"neow_bonus":"ONE_RANDOM_RARE_CARD","is_prod":false,"is_daily":false,"chose_seed":false,"campfire_upgraded":4,"win_rate":0,"timestamp":1563642696,"path_taken":["M","M","M","M","M","R","M","$","T","E","R","M","R","E","R","BOSS","M","M","$","M","?","E","R","M","T","R","E","?","$","?","R","BOSS","M","M","?","$","?","R","M","E","T","R","?","M","?","?","R","BOSS","R","$","E","BOSS"],"build_version":"2019-07-17","purchased_purges":2,"victory":false,"max_hp_per_floor":[71,71,71,71,71,71,71,71,71,71,71,71,71,71,71,71,71,71,71,71,71,71,71,71,71,71,71,71,71,71,71,71,71,71,71,71,71,71,71,71,71,71,71,71,71,71,71,71,71,71,71,71,71,71,71],"card_choices":[{"not_picked":["Force Field","Reprogram","Stack"],"picked":"SKIP","floor":1.0},{"not_picked":["Sweeping Beam","BootSequence"],"picked":"Ball Lightning","floor":2.0},{"not_picked":["Auto Shields","Coolheaded"],"picked":"Ball Lightning","floor":3.0},{"not_picked":["Blizzard","Leap"],"picked":"Multi-Cast","floor":4.0},{"not_picked":["Steam","Rebound"],"picked":"Genetic Algorithm","floor":5.0},{"not_picked":["Streamline","Double Energy"],"picked":"Steam","floor":7.0},{"not_picked":["Skim","Turbo","Gash"],"picked":"SKIP","floor":10.0},{"not_picked":["Barrage","Leap"],"picked":"Meteor Strike","floor":12.0},{"not_picked":["Ball Lightning","Sunder"],"picked":"Genetic Algorithm","floor":14.0},{"not_picked":["Hyperbeam","Rainbow"],"picked":"Biased Cognition","floor":16.0},{"not_picked":["Gash","Rebound"],"picked":"Leap","floor":18.0},{"not_picked":["Beam Cell","Sweeping Beam"],"picked":"Glacier+1","floor":19.0},{"not_picked":["Blizzard","Streamline"],"picked":"Undo","floor":21.0},{"not_picked":["Hologram","Heatsinks","Conserve Battery"],"picked":"SKIP","floor":23.0},{"not_picked":["Heatsinks","Conserve Battery"],"picked":"Hologram","floor":23.0},{"not_picked":["Ball Lightning","Leap","Hologram"],"picked":"SKIP","floor":25.0},{"not_picked":["Sweeping Beam","Core Surge"],"picked":"Sunder","floor":28.0},{"not_picked":["Gash","Streamline","Chill"],"picked":"SKIP","floor":31.0},{"not_picked":["Core Surge","Thunder Strike"],"picked":"Echo Form+1","floor":33.0},{"not_picked":["Capacitor+1","Beam Cell","Leap"],"picked":"SKIP","floor":35.0},{"not_picked":["Barrage+1","Steam"],"picked":"Redo+1","floor":36.0},{"not_picked":["Stack","Beam Cell"],"picked":"Undo+1","floor":41},{"not_picked":["Skim","Machine Learning+1"],"picked":"Consume","floor":42},{"not_picked":["Turbo","Coolheaded","Rebound"],"picked":"SKIP","floor":45},{"not_picked":["Lockon","Steam Power"],"picked":"Conserve Battery+1","floor":46},{"not_picked":["Streamline+1","Rebound+1"],"picked":"Hologram","floor":54}],"player_experience":551936,"relics_obtained":[{"floor":9.0,"key":"Meat on the Bone"},{"floor":10.0,"key":"Ice Cream"},{"floor":14.0,"key":"War Paint"},{"floor":23.0,"key":"Pocketwatch"},{"floor":26.0,"key":"Peace Pipe"},{"floor":28.0,"key":"Frozen Egg 2"},{"floor":42,"key":"Ornamental Fan"},{"floor":54,"key":"Thread and Needle"}],"event_choices":[{"damage_healed":0.0,"max_hp_gain":0.0,"max_hp_loss":0.0,"gold_gain":99.0,"event_name":"Nest","player_choice":"Stole From Cult","floor":22.0,"gold_loss":0.0,"damage_taken":0.0},{"cards_removed":["Strike_B"],"damage_healed":0.0,"max_hp_gain":0.0,"max_hp_loss":0.0,"gold_gain":0.0,"event_name":"Wheel of Change","player_choice":"Card Removal","floor":29.0,"gold_loss":0.0,"damage_taken":0.0},{"cards_removed":["Undo"],"damage_healed":0,"gold_gain":0,"player_choice":"Removed Skill","damage_taken":0,"max_hp_gain":0,"max_hp_loss":0,"event_name":"Falling","floor":37,"gold_loss":0},{"damage_healed":0,"gold_gain":0,"cards_transformed":["Strike_B"],"player_choice":"Transformed","damage_taken":0,"max_hp_gain":0,"max_hp_loss":0,"event_name":"Transmorgrifier","floor":39,"gold_loss":0,"cards_obtained":["Tempest"]},{"damage_healed":26,"gold_gain":0,"player_choice":"Heal","damage_taken":0,"max_hp_gain":0,"max_hp_loss":0,"event_name":"MindBloom","floor":47,"gold_loss":0,"cards_obtained":["Doubt"]}],"is_beta":false,"boss_relics":[{"not_picked":["Cursed Key","Calling Bell"],"picked":"Snecko Eye"},{"not_picked":["FrozenCore","Busted Crown"],"picked":"Inserter"}],"items_purged_floors":[38,48],"is_endless":false,"potions_floor_spawned":[1,5,12,14,16,18,21,23,28,35,36,46],"killed_by":"The Heart","ascension_level":14}