{"gold_per_floor":[112,37,37,48,48,82,82,116,116,144,144,144,224,239,239,337,337,350,363,33,49,49,92,92,92,92,92,117,156,156,56,56,56],"floor_reached":33,"playtime":1468,"items_purged":["Strike_R","Strike_R+1"],"score":648,"play_id":"9efdc0bc-3f39-480e-ba35-b12784630071","local_time":"20190715000139","is_ascension_mode":true,"campfire_choices":[{"floor":7,"key":"REST"},{"data":"True Grit","floor":12,"key":"SMITH"},{"data":"Inflame","floor":15,"key":"SMITH"},{"data":"Ghostly","floor":24,"key":"SMITH"},{"data":"Ghostly","floor":27,"key":"SMITH"},{"data":"Sword Boomerang","floor":32,"key":"SMITH"}],"neow_cost":"NONE","seed_source_timestamp":453098814255048,"circlet_count":0,"master_deck":["AscendersBane","Strike_R+1","Strike_R+1","Defend_R+1","Defend_R+1","Defend_R+1","Defend_R+1","Bash+1","Twin Strike","Inflame+1","Anger","Impervious","True Grit+1","Sword Boomerang+1","Fiend Fire","Combust+1","Evolve+1","Corruption+1","Ghostly+1","Ghostly+1","Ghostly","RitualDagger","Body Slam+1","Flame Barrier"],"relics":["Burning Blood","Charon\u0027s Ashes","Strawberry","Champion Belt","Bird Faced Urn","Golden Idol","Frozen Egg 2","Philosopher\u0027s Stone","Vajra","Red Skull","Mummified Hand","Pantograph"],"potions_floor_usage":[8,16,19,21,29],"damage_taken":[{"damage":9,"enemies":"Jaw Worm","floor":1,"turns":3},{"damage":0,"enemies":"2 Louse","floor":4,"turns":3},{"damage":33,"enemies":"3 Sentries","floor":6,"turns":11},{"damage":24,"enemies":"Lagavulin","floor":8,"turns":4},{"damage":26,"enemies":"Gremlin Nob","floor":10,"turns":4},{"damage":4,"enemies":"Small Slimes","floor":14,"turns":4},{"damage":23,"enemies":"The Guardian","floor":16,"turns":11},{"damage":15,"enemies":"Spheric Guardian","floor":18,"turns":5},{"damage":37,"enemies":"3 Byrds","floor":19,"turns":5},{"damage":12,"enemies":"Sentry and Sphere","floor":21,"turns":4},{"damage":5,"enemies":"Gremlin Leader","floor":23,"turns":6},{"damage":15,"enemies":"Cultist and Chosen","floor":28,"turns":5},{"damage":9,"enemies":"Book of Stabbing","floor":29,"turns":4},{"damage":47,"enemies":"Automaton","floor":33,"turns":8}],"seed_played":"911784430303471504","potions_obtained":[{"floor":6,"key":"Poison Potion"},{"floor":10,"key":"BloodPotion"},{"floor":16,"key":"SpeedPotion"},{"floor":19,"key":"SpeedPotion"},{"floor":28,"key":"LiquidBronze"}],"is_trial":false,"path_per_floor":["M","?","?","M","?","E","R","E","T","E","?","R","T","M","R","B",null,"M","M","$","M","?","E","R","?","T","R","M","E","?","$","R","B"],"character_chosen":"IRONCLAD","items_purchased":["Vajra","Evolve+1"],"campfire_rested":1,"item_purchase_floors":[20,20],"current_hp_per_floor":[65,65,70,76,52,25,49,38,38,18,18,18,18,22,22,26,66,59,32,32,32,32,39,39,33,33,33,32,35,35,35,35,0],"gold":56,"neow_bonus":"UPGRADE_CARD","is_prod":false,"is_daily":false,"chose_seed":false,"campfire_upgraded":5,"win_rate":0,"timestamp":1563163299,"path_taken":["M","?","?","M","?","E","R","E","T","E","?","R","?","M","R","BOSS","M","M","$","M","?","E","R","?","T","R","M","E","?","$","R","BOSS"],"build_version":"2019-07-05","purchased_purges":2,"victory":false,"max_hp_per_floor":[75,75,80,80,80,80,80,87,87,87,79,79,79,79,79,79,79,79,79,79,79,39,39,39,39,39,39,39,39,39,39,39,39],"card_choices":[{"not_picked":["Clash","Armaments"],"picked":"Twin Strike","floor":1},{"not_picked":["Cleave","Headbutt"],"picked":"Inflame","floor":4},{"not_picked":["Metallicize","Bludgeon"],"picked":"Anger","floor":6},{"not_picked":["Anger","Havoc"],"picked":"Impervious","floor":8},{"not_picked":["Twin Strike","Wild Strike"],"picked":"True Grit","floor":10},{"not_picked":["Clothesline","Havoc"],"picked":"Sword Boomerang","floor":14},{"not_picked":["Limit Break","Barricade+1"],"picked":"Fiend Fire","floor":16},{"not_picked":["Bloodletting+1","Anger"],"picked":"Combust+1","floor":18},{"not_picked":["Sever Soul","Perfected Strike+1","Wild Strike"],"picked":"SKIP","floor":19},{"not_picked":["Hemokinesis","Shockwave"],"picked":"Corruption+1","floor":21},{"not_picked":["Havoc","Wild Strike","Iron Wave"],"picked":"SKIP","floor":23},{"not_picked":["Pommel Strike","True Grit"],"picked":"Body Slam+1","floor":28},{"not_picked":["Twin Strike+1","Pommel Strike"],"picked":"Flame Barrier","floor":29}],"player_experience":1494441,"relics_obtained":[{"floor":6,"key":"Charon\u0027s Ashes"},{"floor":8,"key":"Strawberry"},{"floor":9,"key":"Champion Belt"},{"floor":10,"key":"Bird Faced Urn"},{"floor":13,"key":"Frozen Egg 2"},{"floor":23,"key":"Red Skull"},{"floor":26,"key":"Mummified Hand"},{"floor":29,"key":"Pantograph"}],"event_choices":[{"cards_removed":["Strike_R"],"damage_healed":0,"gold_gain":0,"player_choice":"Card Removal","damage_taken":0,"max_hp_gain":0,"max_hp_loss":0,"event_name":"The Cleric","floor":2,"gold_loss":75},{"damage_healed":0,"gold_gain":0,"player_choice":"Donut","damage_taken":0,"max_hp_gain":5,"max_hp_loss":0,"event_name":"Big Fish","floor":3,"gold_loss":0},{"damage_healed":0,"gold_gain":0,"player_choice":"Entered Light","damage_taken":24,"max_hp_gain":0,"max_hp_loss":0,"event_name":"Shining Light","floor":5,"gold_loss":0,"cards_upgraded":["Defend_R","Defend_R"]},{"damage_healed":0,"gold_gain":0,"player_choice":"Lose Max HP","damage_taken":0,"relics_obtained":["Golden Idol"],"max_hp_gain":0,"max_hp_loss":8,"event_name":"Golden Idol","floor":11,"gold_loss":0},{"damage_healed":0,"gold_gain":0,"player_choice":"Became a Ghost","damage_taken":0,"max_hp_gain":0,"max_hp_loss":40,"event_name":"Ghosts","floor":22,"gold_loss":0,"cards_obtained":["Ghostly","Ghostly","Ghostly"]},{"damage_healed":0,"gold_gain":0,"player_choice":"Joined the Cult","damage_taken":6,"max_hp_gain":0,"max_hp_loss":0,"event_name":"Nest","floor":25,"gold_loss":0,"cards_obtained":["RitualDagger"]},{"damage_healed":0,"gold_gain":0,"player_choice":"Simplicity","damage_taken":0,"max_hp_gain":0,"max_hp_loss":0,"event_name":"Back to Basics","floor":30,"gold_loss":0,"cards_upgraded":["Strike_R","Strike_R","Strike_R","Defend_R","Defend_R"]}],"is_beta":false,"boss_relics":[{"not_picked":["Empty Cage","Busted Crown"],"picked":"Philosopher\u0027s Stone"}],"items_purged_floors":[20,31],"is_endless":false,"potions_floor_spawned":[6,10,16,19,28],"killed_by":"Automaton","ascension_level":20}