{"gold_per_floor":[114,114,114,132,156,156,170,203,203,223,223,239,239,254,254,373,373,393,120,120,143,92,92],"floor_reached":23,"playtime":1410,"items_purged":["Strike_B"],"score":237,"play_id":"f5a2ed78-2653-42ac-8d8b-de0a52791fa6","local_time":"20190427183236","is_ascension_mode":true,"campfire_choices":[{"floor":6,"key":"REST"},{"floor":11,"key":"REST"},{"floor":13,"key":"REST"},{"floor":15,"key":"REST"}],"neow_cost":"NONE","seed_source_timestamp":46171803718524,"circlet_count":0,"master_deck":["Strike_B","Strike_B","Defend_B","Defend_B","Defend_B","Defend_B","Zap","Dualcast","Defragment","Beam Cell","Tempest","Gash+1","Go for the Eyes","Gash+1","Skim","Hologram","Gash+1","Gash"],"relics":["Orrery","Golden Idol","Whetstone","Gremlin Horn","Fusion Hammer","DollysMirror"],"potions_floor_usage":[8,10,16,18,23],"damage_taken":[{"damage":1,"enemies":"Cultist","floor":1,"turns":3},{"damage":11,"enemies":"2 Louse","floor":4,"turns":3},{"damage":13,"enemies":"Small Slimes","floor":5,"turns":4},{"damage":13,"enemies":"Exordium Thugs","floor":7,"turns":5},{"damage":21,"enemies":"Lagavulin","floor":8,"turns":5},{"damage":5,"enemies":"2 Fungi Beasts","floor":10,"turns":3},{"damage":2,"enemies":"Blue Slaver","floor":12,"turns":4},{"damage":9,"enemies":"Red Slaver","floor":14,"turns":3},{"damage":23,"enemies":"The Guardian","floor":16,"turns":9},{"damage":41,"enemies":"Shell Parasite","floor":18,"turns":5},{"damage":14,"enemies":"Spheric Guardian","floor":21,"turns":4},{"damage":23,"enemies":"Gremlin Leader","floor":23,"turns":2}],"seed_played":"-6524015424226054441","potions_obtained":[{"floor":5,"key":"SteroidPotion"},{"floor":8,"key":"LiquidBronze"},{"floor":14,"key":"Dexterity Potion"},{"floor":16,"key":"Energy Potion"},{"floor":21,"key":"Strength Potion"}],"is_trial":false,"path_per_floor":["M","?","?","M","M","R","M","E","T","M","R","M","R","M","R","B",null,"M","$","?","M","$","E"],"character_chosen":"DEFECT","items_purchased":["DollysMirror","Gash"],"campfire_rested":4,"item_purchase_floors":[19,22],"current_hp_per_floor":[74,56,56,45,32,54,41,20,20,15,37,35,57,48,70,47,75,34,34,34,20,20,0],"gold":92,"neow_bonus":"BOSS_RELIC","is_prod":false,"is_daily":false,"chose_seed":false,"campfire_upgraded":0,"win_rate":0,"timestamp":1556404356,"path_taken":["M","?","?","M","M","R","M","E","T","?","R","?","R","?","R","BOSS","M","$","?","M","$","E"],"build_version":"2019-01-23","purchased_purges":1,"victory":false,"max_hp_per_floor":[75,75,75,75,75,75,75,75,75,75,75,75,75,75,75,75,75,75,75,75,75,75,75],"card_choices":[{"not_picked":["Barrage","Reprogram"],"picked":"Defragment","floor":0},{"not_picked":["Reinforced Body","Barrage"],"picked":"Beam Cell","floor":0},{"not_picked":["Steam","Consume"],"picked":"Tempest","floor":0},{"not_picked":["Cold Snap","Melter"],"picked":"Gash","floor":0},{"not_picked":["Sunder","Rebound"],"picked":"Go for the Eyes","floor":0},{"not_picked":["Sweeping Beam","Reprogram","Steam"],"picked":"SKIP","floor":1},{"not_picked":["Blizzard","Doom and Gloom","Electrodynamics"],"picked":"SKIP","floor":4},{"not_picked":["Redo","Rebound","Coolheaded"],"picked":"SKIP","floor":5},{"not_picked":["Storm","Conserve Battery"],"picked":"Gash","floor":7},{"not_picked":["Coolheaded","Streamline"],"picked":"Skim","floor":8},{"not_picked":["Redo","White Noise"],"picked":"Hologram","floor":10},{"not_picked":["Rebound","Undo","Capacitor"],"picked":"SKIP","floor":12},{"not_picked":["Turbo","Rip and Tear","Chaos"],"picked":"SKIP","floor":14},{"not_picked":["Darkness","Turbo","Reprogram"],"picked":"SKIP","floor":18},{"not_picked":["Aggregate","Glacier","Stack"],"picked":"SKIP","floor":21}],"player_experience":165732,"relics_obtained":[{"floor":8,"key":"Whetstone"},{"floor":9,"key":"Gremlin Horn"}],"event_choices":[{"damage_healed":0,"gold_gain":0,"player_choice":"Take Damage","damage_taken":18,"relics_obtained":["Golden Idol"],"max_hp_gain":0,"max_hp_loss":0,"event_name":"Golden Idol","floor":2,"gold_loss":0},{"cards_removed":["Strike_B"],"damage_healed":0,"gold_gain":0,"player_choice":"Purged","damage_taken":0,"max_hp_gain":0,"max_hp_loss":0,"event_name":"Purifier","floor":3,"gold_loss":0},{"damage_healed":0,"gold_gain":0,"player_choice":"0 cards matched","damage_taken":0,"max_hp_gain":0,"max_hp_loss":0,"event_name":"Match and Keep!","floor":20,"gold_loss":0,"cards_obtained":[]}],"is_beta":false,"boss_relics":[{"not_picked":["Astrolabe","Philosopher\u0027s Stone"],"picked":"Fusion Hammer"}],"items_purged_floors":[19],"is_endless":false,"potions_floor_spawned":[5,8,14,16,21],"killed_by":"Gremlin Leader","ascension_level":2}