{"gold_per_floor":[15,31,48,67,82,114,114,145,214,84,84,84,103,130,130,205,205,215,235,4,4,19,19,19,19],"floor_reached":25,"playtime":1388,"items_purged":["Strike_B"],"score":446,"play_id":"70fc68a2-f984-4d34-9927-9a3868bb0ef5","local_time":"20190122144247","is_ascension_mode":true,"campfire_choices":[{"data":"Zap","floor":7,"key":"SMITH"},{"data":"Recycle","floor":11,"key":"SMITH"},{"data":"Coolheaded","floor":15,"key":"SMITH"},{"data":"Coolheaded","floor":23,"key":"SMITH"}],"neow_cost":"NO_GOLD","seed_source_timestamp":177912964115646,"circlet_count":0,"master_deck":["AscendersBane","Strike_B","Strike_B","Strike_B","Defend_B","Defend_B","Defend_B","Defend_B","Zap+1","Dualcast","Doom and Gloom","Cold Snap","Glacier","Compile Driver","Auto Shields","Recycle+1","Core Surge","Coolheaded+1","Coolheaded+1","Meteor Strike","White Noise","Hologram","Compile Driver","Coolheaded","Biased Cognition"],"relics":["Cracked Core","Happy Flower","Vajra","Girya","Runic Dome","Bag of Preparation","Enchiridion"],"potions_floor_usage":[6,8,14,16,16,16,16],"damage_taken":[{"damage":6,"enemies":"2 Louse","floor":1,"turns":3},{"damage":1,"enemies":"Cultist","floor":2,"turns":3},{"damage":7,"enemies":"Jaw Worm","floor":3,"turns":3},{"damage":5,"enemies":"Exordium Wildlife","floor":4,"turns":3},{"damage":1,"enemies":"3 Louse","floor":5,"turns":4},{"damage":28,"enemies":"Gremlin Nob","floor":6,"turns":4},{"damage":15,"enemies":"3 Sentries","floor":8,"turns":11},{"damage":2,"enemies":"Lots of Slimes","floor":13,"turns":5},{"damage":1,"enemies":"Lagavulin","floor":14,"turns":6},{"damage":8,"enemies":"The Guardian","floor":16,"turns":9},{"damage":3,"enemies":"3 Byrds","floor":18,"turns":5},{"damage":0,"enemies":"Chosen","floor":19,"turns":6},{"damage":0,"enemies":"Snecko","floor":22,"turns":3},{"damage":51,"enemies":"Gremlin Leader","floor":25,"turns":4}],"seed_played":"-3092417732880521787","potions_obtained":[{"floor":3,"key":"LiquidBronze"},{"floor":6,"key":"Regen Potion"},{"floor":12,"key":"EntropicBrew"},{"floor":13,"key":"PowerPotion"},{"floor":14,"key":"EntropicBrew"},{"floor":19,"key":"Dexterity Potion"},{"floor":22,"key":"SteroidPotion"}],"is_trial":false,"path_per_floor":["M","M","M","M","M","E","R","E","T","$","R","?","M","E","R","B",null,"M","M","$","?","M","R","?","E"],"character_chosen":"DEFECT","items_purchased":["SpeedPotion","Bag of Preparation","Compile Driver"],"campfire_rested":0,"item_purchase_floors":[10,20,20],"current_hp_per_floor":[72,71,64,59,58,30,30,30,30,30,30,30,28,27,27,19,69,66,66,66,45,45,45,45,0],"gold":19,"neow_bonus":"TWENTY_PERCENT_HP_BONUS","is_prod":false,"is_daily":false,"chose_seed":false,"campfire_upgraded":4,"win_rate":0,"timestamp":1548186167,"path_taken":["M","M","M","M","M","E","R","E","T","$","R","?","M","E","R","BOSS","M","M","$","?","M","R","?","E"],"build_version":"2019-01-17v2","purchased_purges":1,"victory":false,"max_hp_per_floor":[85,85,85,85,85,85,85,85,85,85,85,85,85,85,85,85,85,85,85,85,85,85,85,85,85],"card_choices":[{"not_picked":["Gash","Reprogram"],"picked":"Doom and Gloom","floor":1},{"not_picked":["Steam","Turbo"],"picked":"Cold Snap","floor":2},{"not_picked":["Streamline","Steam"],"picked":"Glacier","floor":3},{"not_picked":["Reprogram","Chill"],"picked":"Compile Driver","floor":4},{"not_picked":["Hello World","Rebound"],"picked":"Auto Shields","floor":5},{"not_picked":["Fusion","White Noise"],"picked":"Recycle","floor":6},{"not_picked":["Compile Driver","Conserve Battery"],"picked":"Core Surge","floor":8},{"not_picked":["Streamline","Glacier"],"picked":"Coolheaded","floor":13},{"not_picked":["Glacier","Ball Lightning"],"picked":"Coolheaded","floor":14},{"not_picked":["Buffer","Thunder Strike"],"picked":"Meteor Strike","floor":16},{"not_picked":["Steam Power","Ball Lightning"],"picked":"White Noise","floor":18},{"not_picked":["Gash","Go for the Eyes"],"picked":"Hologram","floor":19},{"not_picked":["Sunder","Genetic Algorithm"],"picked":"Coolheaded","floor":22}],"player_experience":1349614,"relics_obtained":[{"floor":6,"key":"Happy Flower"},{"floor":8,"key":"Vajra"},{"floor":14,"key":"Girya"},{"floor":21,"key":"Enchiridion"}],"event_choices":[{"damage_healed":0,"gold_gain":0,"player_choice":"Got Potions","damage_taken":0,"max_hp_gain":0,"max_hp_loss":0,"event_name":"Lab","floor":12,"gold_loss":0},{"damage_healed":0,"gold_gain":0,"player_choice":"Obtained Book","damage_taken":21,"max_hp_gain":0,"max_hp_loss":0,"event_name":"Cursed Tome","floor":21,"gold_loss":0},{"damage_healed":0,"gold_gain":0,"player_choice":"Read","damage_taken":0,"max_hp_gain":0,"max_hp_loss":0,"event_name":"The Library","floor":24,"gold_loss":0,"cards_obtained":["Biased Cognition"]}],"is_beta":false,"boss_relics":[{"not_picked":["Black Star","Eternal Feather"],"picked":"Runic Dome"}],"items_purged_floors":[10],"is_endless":false,"potions_floor_spawned":[3,6,13,14,19,22],"killed_by":"Gremlin Leader","ascension_level":20}