{"gold_per_floor":[109,22,22,22,45,86,86,120,201,224,224,248,273,148,148,239,239],"floor_reached":17,"playtime":589,"items_purged":["Setup"],"score":330,"play_id":"de96494b-18a6-4df1-b7ea-8bd6a1b2267a","local_time":"20181121232107","is_ascension_mode":true,"campfire_choices":[{"data":"Neutralize","floor":7,"key":"SMITH"},{"floor":15,"key":"REST"}],"neow_cost":"NONE","seed_source_timestamp":87063023324083,"circlet_count":0,"master_deck":["AscendersBane","Survivor","Neutralize+1","Underhanded Strike","Dagger Spray","Sucker Punch","Bane","Heel Hook","Dagger Throw","Acrobatics","Catalyst","Sucker Punch","Escape Plan","Die Die Die","Heel Hook","Heel Hook","Deflect","Deflect","Noxious Fumes+1","Leg Sweep","Dodge and Roll","After Image+1","Regret","Regret","Parasite"],"relics":["Pandora\u0027s Box","Golden Idol","Art of War","Strawberry","Frozen Egg 2","Matryoshka","Calling Bell","PreservedInsect","Toxic Egg 2","Nunchaku"],"potions_floor_usage":[],"damage_taken":[{"damage":0,"enemies":"Cultist","floor":1,"turns":3},{"damage":6,"enemies":"Small Slimes","floor":5,"turns":2},{"damage":22,"enemies":"Lagavulin","floor":6,"turns":5},{"damage":6,"enemies":"Gremlin Nob","floor":8,"turns":3},{"damage":9,"enemies":"Jaw Worm","floor":10,"turns":2},{"damage":6,"enemies":"Exordium Thugs","floor":12,"turns":3},{"damage":0,"enemies":"Lots of Slimes","floor":13,"turns":2},{"damage":26,"enemies":"The Guardian","floor":16,"turns":11}],"seed_played":"2559112980557450586","potions_obtained":[{"floor":6,"key":"LiquidBronze"},{"floor":12,"key":"SpeedPotion"}],"is_trial":false,"path_per_floor":["M","$","$","?","M","E","R","E","T","M","T","M","M","$","R","B",null],"character_chosen":"THE_SILENT","items_purchased":["Die Die Die","Dodge and Roll"],"campfire_rested":1,"item_purchase_floors":[2,14],"current_hp_per_floor":[59,59,59,59,53,31,31,32,32,23,23,17,17,17,37,11,53],"gold":239,"neow_bonus":"BOSS_RELIC","is_prod":false,"is_daily":false,"chose_seed":false,"campfire_upgraded":1,"win_rate":0,"timestamp":1542860467,"path_taken":["M","?","$","?","?","E","R","E","T","M","?","M","?","$","R","BOSS"],"build_version":"2018-11-15","purchased_purges":1,"victory":false,"max_hp_per_floor":[66,66,66,60,60,60,60,67,67,67,67,67,67,67,67,67,67],"card_choices":[{"not_picked":["Outmaneuver","Cloak And Dagger"],"picked":"Escape Plan","floor":1},{"not_picked":["Eviscerate","Caltrops"],"picked":"Heel Hook","floor":5},{"not_picked":["Poisoned Stab","PiercingWail"],"picked":"Heel Hook","floor":6},{"not_picked":["Noxious Fumes","Doppelganger"],"picked":"Deflect","floor":8},{"not_picked":["Dagger Throw","Choke"],"picked":"Deflect","floor":10},{"not_picked":["PiercingWail","Deflect"],"picked":"Noxious Fumes+1","floor":12},{"not_picked":["Blade Dance","Dagger Spray"],"picked":"Leg Sweep","floor":13},{"not_picked":["Grand Finale","Venomology"],"picked":"After Image+1","floor":16}],"player_experience":1130925,"relics_obtained":[{"floor":6,"key":"Art of War"},{"floor":8,"key":"Strawberry"},{"floor":9,"key":"Frozen Egg 2"},{"floor":11,"key":"Matryoshka"},{"floor":17,"key":"PreservedInsect"},{"floor":17,"key":"Toxic Egg 2"},{"floor":17,"key":"Nunchaku"}],"event_choices":[{"damage_healed":0,"gold_gain":0,"player_choice":"Lose Max HP","damage_taken":0,"relics_obtained":["Golden Idol"],"max_hp_gain":0,"max_hp_loss":6,"event_name":"Golden Idol","floor":4,"gold_loss":0}],"is_beta":false,"boss_relics":[{"not_picked":["Velvet Choker","White Beast Statue"],"picked":"Calling Bell"}],"items_purged_floors":[14],"is_endless":false,"potions_floor_spawned":[6,12,13],"ascension_level":20}