{"gold_per_floor":[110,127,139,152,163,163,190,190,238,238,253,282,198,231,231,307,307,324,264],"floor_reached":19,"playtime":1440,"items_purged":[],"score":312,"play_id":"7b8ccc35-5e82-4718-b6f7-392c5b5b6160","local_time":"20190706141626","is_ascension_mode":true,"campfire_choices":[{"data":"Shrug It Off","floor":6,"key":"SMITH"},{"floor":8,"key":"REST"},{"floor":10,"key":"REST"},{"floor":15,"key":"REST"}],"neow_cost":"NONE","seed_source_timestamp":951588055997,"circlet_count":0,"master_deck":["AscendersBane","Bash","Battle Trance","Shockwave","Shrug It Off+1","Sever Soul","Rampage","Inflame","Flame Barrier","Headbutt","Feed","Spot Weakness","Headbutt","Bloodletting","Sever Soul","Fiend Fire","Rage","Combust","Disarm"],"relics":["Burning Blood","Vajra","Bronze Scales","Letter Opener","Regal Pillow","The Courier","Pandora\u0027s Box"],"potions_floor_usage":[4,11],"damage_taken":[{"damage":5,"enemies":"Cultist","floor":1,"turns":4},{"damage":5,"enemies":"Small Slimes","floor":2,"turns":3},{"damage":8,"enemies":"Jaw Worm","floor":3,"turns":6},{"damage":28,"enemies":"Exordium Thugs","floor":4,"turns":9},{"damage":19,"enemies":"Red Slaver","floor":5,"turns":4},{"damage":39,"enemies":"3 Sentries","floor":7,"turns":8},{"damage":6,"enemies":"3 Louse","floor":11,"turns":3},{"damage":13,"enemies":"Gremlin Nob","floor":12,"turns":3},{"damage":29,"enemies":"Lagavulin","floor":14,"turns":6},{"damage":42,"enemies":"Slime Boss","floor":16,"turns":11},{"damage":36,"enemies":"Spheric Guardian","floor":18,"turns":4},{"damage":45,"enemies":"2 Thieves","floor":19,"turns":2}],"seed_played":"-5693095545752187844","potions_obtained":[{"floor":1,"key":"Regen Potion"},{"floor":3,"key":"Fire Potion"},{"floor":7,"key":"FearPotion"},{"floor":12,"key":"SpeedPotion"},{"floor":14,"key":"Ancient Potion"}],"is_trial":false,"path_per_floor":["M","M","M","M","M","R","E","R","T","R","M","E","?","E","R","B",null,"M","M"],"character_chosen":"IRONCLAD","items_purchased":[],"campfire_rested":3,"item_purchase_floors":[],"current_hp_per_floor":[73,74,72,65,52,52,19,43,43,67,67,60,60,37,76,40,70,40,0],"gold":264,"neow_bonus":"REMOVE_CARD","is_prod":false,"is_daily":false,"chose_seed":false,"campfire_upgraded":1,"win_rate":0,"timestamp":1562436986,"path_taken":["M","M","M","?","M","R","E","R","T","R","M","E","?","E","R","BOSS","M","M"],"build_version":"2019-07-05","purchased_purges":0,"victory":false,"max_hp_per_floor":[80,80,80,80,80,80,80,80,80,80,80,80,80,80,80,80,80,80,80],"card_choices":[{"not_picked":["Rage","True Grit"],"picked":"Battle Trance","floor":1},{"not_picked":["Flex","Thunderclap"],"picked":"Shockwave","floor":2},{"not_picked":["Perfected Strike","Body Slam"],"picked":"Shrug It Off","floor":3},{"not_picked":["Entrench","Iron Wave"],"picked":"Sever Soul","floor":4},{"not_picked":["Twin Strike","Clash"],"picked":"Rampage","floor":5},{"not_picked":["Exhume","Whirlwind"],"picked":"Inflame","floor":7},{"not_picked":["Heavy Blade","Anger"],"picked":"Flame Barrier","floor":11},{"not_picked":["Hemokinesis","Anger","Entrench"],"picked":"SKIP","floor":12},{"not_picked":["Fire Breathing","Second Wind"],"picked":"Headbutt","floor":14},{"not_picked":["Reaper","Demon Form"],"picked":"Feed","floor":16},{"not_picked":["Headbutt","Clash","True Grit"],"picked":"SKIP","floor":18}],"player_experience":444713,"relics_obtained":[{"floor":7,"key":"Vajra"},{"floor":9,"key":"Bronze Scales"},{"floor":12,"key":"Letter Opener"},{"floor":14,"key":"The Courier"}],"event_choices":[{"damage_healed":0,"gold_gain":0,"player_choice":"Paid Gold","damage_taken":0,"relics_obtained":["Regal Pillow"],"max_hp_gain":0,"max_hp_loss":0,"event_name":"WeMeetAgain","floor":13,"gold_loss":84}],"is_beta":false,"boss_relics":[{"not_picked":["Black Star","Empty Cage"],"picked":"Pandora\u0027s Box"}],"items_purged_floors":[],"is_endless":false,"potions_floor_spawned":[1,3,7,12,14,16],"killed_by":"2 Thieves","ascension_level":13}