{"gold_per_floor":[117,117,131,56,72,72,87,107,107,134,144,69,69,81,81,81],"floor_reached":16,"playtime":668,"items_purged":[],"score":182,"play_id":"c38e09f9-baac-4e78-87a2-881643973784","local_time":"20181017232833","is_ascension_mode":true,"campfire_choices":[{"data":"Neutralize","floor":6,"key":"SMITH"},{"data":"Burst","floor":13,"key":"SMITH"},{"data":"Bouncing Flask","floor":15,"key":"SMITH"}],"neow_cost":"NONE","seed_source_timestamp":634510912321807,"circlet_count":0,"master_deck":["Defend_G","Defend_G","Defend_G","Defend_G","Defend_G","Strike_G","Strike_G","Strike_G","Strike_G","Survivor","Neutralize+1","AscendersBane","Burst+1","Quick Slash","Crippling Poison","Backstab","Well Laid Plans","Dagger Spray","Dodge and Roll","Calculated Gamble","Bouncing Flask+1","Well Laid Plans"],"relics":["Ring of the Snake","Regal Pillow","Pen Nib","Kunai"],"potions_floor_usage":[16],"damage_taken":[{"damage":2,"enemies":"Cultist","floor":1,"turns":5},{"damage":0,"enemies":"Jaw Worm","floor":3,"turns":4},{"damage":0,"enemies":"2 Louse","floor":5,"turns":3},{"damage":3,"enemies":"Blue Slaver","floor":7,"turns":5},{"damage":13,"enemies":"Exordium Thugs","floor":8,"turns":4},{"damage":30,"enemies":"Gremlin Nob","floor":10,"turns":5},{"damage":1,"enemies":"Looter","floor":11,"turns":4},{"damage":8,"enemies":"Large Slime","floor":14,"turns":5},{"damage":11,"enemies":"Slime Boss","floor":16,"turns":8}],"seed_played":"7547926802649614237","potions_obtained":[{"floor":3,"key":"Explosive Potion"},{"floor":8,"key":"Weak Potion"}],"is_trial":false,"path_per_floor":["M","T","M","?","M","R","M","M","T","E","M","$","R","M","R"],"character_chosen":"THE_SILENT","items_purchased":["Bouncing Flask"],"campfire_rested":0,"item_purchase_floors":[12],"current_hp_per_floor":[57,57,57,57,57,57,54,41,41,11,10,10,10,2,2,0],"gold":81,"neow_bonus":"ONE_RANDOM_RARE_CARD","is_prod":false,"is_daily":false,"chose_seed":false,"campfire_upgraded":3,"win_rate":0,"timestamp":1539833313,"path_taken":["M","?","M","?","M","R","M","M","T","E","?","$","R","M","R","BOSS"],"build_version":"2018-10-11","purchased_purges":0,"victory":false,"max_hp_per_floor":[66,66,66,66,66,66,66,66,66,66,66,66,66,66,66,66],"card_choices":[{"not_picked":["Blade Dance","Prepared"],"picked":"Quick Slash","floor":1},{"not_picked":["Slice","Dagger Throw"],"picked":"Crippling Poison","floor":3},{"not_picked":["Poisoned Stab","Escape Plan"],"picked":"Backstab","floor":5},{"not_picked":["Concentrate","Doppelganger"],"picked":"Well Laid Plans","floor":7},{"not_picked":["Flechettes","PiercingWail"],"picked":"Dagger Spray","floor":8},{"not_picked":["Outmaneuver","Acrobatics"],"picked":"Dodge and Roll","floor":10},{"not_picked":["Bane","Dagger Spray"],"picked":"Calculated Gamble","floor":11},{"not_picked":["Deadly Poison","Blade Dance"],"picked":"Well Laid Plans","floor":14}],"player_experience":908212,"relics_obtained":[{"floor":2,"key":"Regal Pillow"},{"floor":9,"key":"Pen Nib"},{"floor":10,"key":"Kunai"}],"event_choices":[{"event_name":"The Cleric","player_choice":"Card Removal","floor":4,"damage_taken":0}],"is_beta":false,"boss_relics":[],"items_purged_floors":[],"is_endless":false,"potions_floor_spawned":[3,8,14],"killed_by":"Slime Boss","ascension_level":15}