{"gold_per_floor":[112,123,142,154,37,66,66,78,78,58,58,92,107,7,7,85,85,103,103,114,114,126,126,126,153,153,153,28,55,55,65,65,65],"floor_reached":33,"playtime":1292,"items_purged":["Strike_B","Strike_B","Strike_B+1"],"score":690,"play_id":"eac013d9-ba12-405a-b413-07e9638feab4","local_time":"20190715011510","is_ascension_mode":true,"campfire_choices":[{"data":"Defragment","floor":7,"key":"SMITH"},{"data":"Zap","floor":11,"key":"SMITH"},{"floor":15,"key":"REST"},{"floor":23,"key":"REST"},{"data":"Echo Form","floor":27,"key":"SMITH"},{"data":"Ghostly","floor":32,"key":"SMITH"}],"neow_cost":"NONE","seed_source_timestamp":457686615234927,"circlet_count":0,"master_deck":["AscendersBane","Strike_B+1","Defend_B+1","Defend_B+1","Defend_B+1","Defend_B+1","Zap+1","Dualcast","Melter","Cold Snap","White Noise","Ball Lightning","Defragment+1","Compile Driver","Conserve Battery","Echo Form+1","Darkness","Sunder+1","Ghostly+1","Ghostly","Ghostly","Chaos+1","Compile Driver+1"],"relics":["Cracked Core","PreservedInsect","Letter Opener","Dodecahedron","Snecko Eye","Enchiridion","WingedGreaves","Matryoshka","Art of War"],"potions_floor_usage":[6,6,12,13,29,33,33],"damage_taken":[{"damage":1,"enemies":"Cultist","floor":1,"turns":3},{"damage":7,"enemies":"Jaw Worm","floor":2,"turns":3},{"damage":8,"enemies":"Small Slimes","floor":3,"turns":3},{"damage":6,"enemies":"2 Fungi Beasts","floor":4,"turns":3},{"damage":26,"enemies":"Gremlin Nob","floor":6,"turns":4},{"damage":7,"enemies":"Blue Slaver","floor":8,"turns":3},{"damage":5,"enemies":"Lagavulin","floor":12,"turns":4},{"damage":8,"enemies":"Exordium Wildlife","floor":13,"turns":4},{"damage":0,"enemies":"The Guardian","floor":16,"turns":8},{"damage":11,"enemies":"3 Byrds","floor":18,"turns":3},{"damage":0,"enemies":"Chosen","floor":20,"turns":5},{"damage":17,"enemies":"Snake Plant","floor":22,"turns":3},{"damage":3,"enemies":"Slavers","floor":25,"turns":3},{"damage":15,"enemies":"Book of Stabbing","floor":29,"turns":4},{"damage":0,"enemies":"Centurion and Healer","floor":31,"turns":4},{"damage":23,"enemies":"Collector","floor":33,"turns":8}],"seed_played":"-2099248454887494804","potions_obtained":[{"floor":1,"key":"Swift Potion"},{"floor":4,"key":"Block Potion"},{"floor":6,"key":"Poison Potion"},{"floor":10,"key":"Dexterity Potion"},{"floor":12,"key":"Strength Potion"},{"floor":18,"key":"AttackPotion"},{"floor":20,"key":"Fire Potion"},{"floor":29,"key":"Fire Potion"}],"is_trial":false,"path_per_floor":["M","M","M","M","$","E","R","M","T","?","R","E","M","$","R","B",null,"M","?","M","?","M","R","?","E","T","R","$","E","$","M","R","B"],"character_chosen":"DEFECT","items_purchased":["Defragment"],"campfire_rested":2,"item_purchase_floors":[5],"current_hp_per_floor":[70,63,55,49,49,23,23,16,16,16,16,11,3,3,26,26,65,54,33,33,33,16,39,39,36,36,36,36,21,21,21,21,0],"gold":65,"neow_bonus":"TEN_PERCENT_HP_BONUS","is_prod":false,"is_daily":false,"chose_seed":false,"campfire_upgraded":4,"win_rate":0,"timestamp":1563167710,"path_taken":["M","M","M","?","$","E","R","M","T","?","R","E","M","?","R","BOSS","M","?","M","?","M","R","?","E","T","R","$","E","?","?","R","BOSS"],"build_version":"2019-07-05","purchased_purges":3,"victory":false,"max_hp_per_floor":[78,78,78,78,78,78,78,78,78,78,78,78,78,78,78,78,78,78,78,78,78,78,78,39,39,39,39,39,39,39,39,39,39],"card_choices":[{"not_picked":["Aggregate","Redo"],"picked":"Melter","floor":1},{"not_picked":["Force Field","Barrage"],"picked":"Cold Snap","floor":2},{"not_picked":["Tempest","BootSequence"],"picked":"White Noise","floor":3},{"not_picked":["Redo","Storm"],"picked":"Ball Lightning","floor":4},{"not_picked":["Barrage","Gash"],"picked":"Compile Driver","floor":6},{"not_picked":["Rebound","Beam Cell","Steam Power"],"picked":"SKIP","floor":8},{"not_picked":["BootSequence","Static Discharge"],"picked":"Conserve Battery","floor":12},{"not_picked":["Redo","Rebound","Ball Lightning"],"picked":"SKIP","floor":13},{"not_picked":["Thunder Strike","Buffer"],"picked":"Echo Form","floor":16},{"not_picked":["Melter","Beam Cell+1","Cold Snap"],"picked":"SKIP","floor":18},{"not_picked":["Melter","Stack"],"picked":"Darkness","floor":20},{"not_picked":["Undo","Sweeping Beam"],"picked":"Sunder+1","floor":22},{"not_picked":["Thunder Strike","Conserve Battery"],"picked":"Chaos+1","floor":25},{"not_picked":["Cold Snap","BootSequence","Skim"],"picked":"SKIP","floor":29},{"not_picked":["Double Energy","Gash"],"picked":"Compile Driver+1","floor":31}],"player_experience":1497861,"relics_obtained":[{"floor":6,"key":"PreservedInsect"},{"floor":9,"key":"Letter Opener"},{"floor":12,"key":"Dodecahedron"},{"floor":19,"key":"Enchiridion"},{"floor":25,"key":"WingedGreaves"},{"floor":26,"key":"Matryoshka"},{"floor":29,"key":"Art of War"}],"event_choices":[{"damage_healed":0,"gold_gain":0,"player_choice":"Bought 1 Potion","damage_taken":0,"max_hp_gain":0,"max_hp_loss":0,"event_name":"The Woman in Blue","floor":10,"gold_loss":0},{"damage_healed":0,"gold_gain":0,"player_choice":"Obtained Book","damage_taken":21,"max_hp_gain":0,"max_hp_loss":0,"event_name":"Cursed Tome","floor":19,"gold_loss":0},{"damage_healed":0,"gold_gain":0,"player_choice":"Simplicity","damage_taken":0,"max_hp_gain":0,"max_hp_loss":0,"event_name":"Back to Basics","floor":21,"gold_loss":0,"cards_upgraded":["Strike_B","Strike_B","Defend_B","Defend_B","Defend_B","Defend_B"]},{"damage_healed":0,"gold_gain":0,"player_choice":"Became a Ghost","damage_taken":0,"max_hp_gain":0,"max_hp_loss":39,"event_name":"Ghosts","floor":24,"gold_loss":0,"cards_obtained":["Ghostly","Ghostly","Ghostly"]}],"is_beta":false,"boss_relics":[{"not_picked":["Nuclear Battery","Runic Dome"],"picked":"Snecko Eye"}],"items_purged_floors":[5,14,28],"is_endless":false,"potions_floor_spawned":[1,4,6,12,18,20,29],"killed_by":"Collector","ascension_level":20}