{"gold_per_floor":[119,131,131,306,67,67,93,93,116,149,149,74,74,91,91,188,188,203,203,203,216,235,263,282,308,358,368,168,193,193,227,227,326,326,346,346,366,263,275,275,308,308,332,361,375,408,422,21,21,21],"floor_reached":51,"playtime":5028,"items_purged":["Doubt"],"score":1093,"play_id":"d4357be9-33de-4409-929e-36f0efc9e78c","local_time":"20180717231602","is_ascension_mode":true,"campfire_choices":[{"data":"Burning Pact","floor":6,"key":"SMITH"},{"floor":8,"key":"REST"},{"data":"Flex","floor":11,"key":"SMITH"},{"floor":15,"key":"REST"},{"data":"Fiend Fire","floor":32,"key":"SMITH"},{"data":"Purity","floor":40,"key":"SMITH"},{"floor":49,"key":"REST"}],"neow_cost":"CURSE","seed_source_timestamp":528601935614289,"circlet_count":0,"master_deck":["Strike_R","Strike_R","Strike_R","Strike_R","Strike_R","Defend_R","Defend_R+1","Defend_R","Defend_R","Bash","Burning Pact+1","Second Wind+1","Offering","Shrug It Off+1","Flex+1","Limit Break","Pommel Strike","Fiend Fire+1","Heavy Blade","True Grit+1","Second Wind","Exhume","Havoc+1","Battle Trance+1","Double Tap","Rage","Second Wind","Infernal Blade","Flex+1","Clash","Purity+1","Headbutt","Second Wind","Madness","Madness","Flex+1","Burning Pact","Flex","Limit Break"],"relics":["Burning Blood","Dead Branch","Vajra","Art of War","Ginger","Bag of Preparation","Runic Pyramid","Dream Catcher","Ancient Tea Set","Omamori","ClockworkSouvenir","Thread and Needle","Matryoshka","Orrery","War Paint","Centennial Puzzle","Boot","Shuriken","Lantern","Frozen Eye"],"potions_floor_usage":[16,16,23,37,37,46,46,50,50],"damage_taken":[{"damage":16,"enemies":"Jaw Worm","floor":1,"turns":5},{"damage":2,"enemies":"Small Slimes","floor":2,"turns":7},{"damage":34,"enemies":"3 Sentries","floor":7,"turns":9},{"damage":26,"enemies":"Lagavulin","floor":10,"turns":4},{"damage":0,"enemies":"Cultist","floor":14,"turns":3},{"damage":23,"enemies":"Slime Boss","floor":16,"turns":11},{"damage":0,"enemies":"Shell Parasite","floor":18,"turns":2},{"damage":10,"enemies":"Chosen","floor":21,"turns":2},{"damage":0,"enemies":"Snake Plant","floor":22,"turns":2},{"damage":9,"enemies":"Slavers","floor":23,"turns":7},{"damage":4,"enemies":"Centurion and Healer","floor":24,"turns":1},{"damage":19,"enemies":"Book of Stabbing","floor":25,"turns":4},{"damage":0,"enemies":"Snecko","floor":27,"turns":2},{"damage":26,"enemies":"Slavers","floor":29,"turns":4},{"damage":3,"enemies":"Book of Stabbing","floor":31,"turns":2},{"damage":8,"enemies":"Champ","floor":33,"turns":3},{"damage":16,"enemies":"3 Shapes","floor":35,"turns":4},{"damage":8,"enemies":"3 Darklings","floor":37,"turns":3},{"damage":4,"enemies":"Maw","floor":39,"turns":4},{"damage":4,"enemies":"Nemesis","floor":41,"turns":1},{"damage":4,"enemies":"Giant Head","floor":44,"turns":2},{"damage":48,"enemies":"4 Shapes","floor":45,"turns":5},{"damage":0,"enemies":"Nemesis","floor":46,"turns":3},{"damage":21,"enemies":"3 Darklings","floor":47,"turns":4},{"damage":46,"enemies":"Time Eater","floor":50,"turns":5}],"seed_played":"5000250386421931922","potions_obtained":[{"floor":7,"key":"EssenceOfSteel"},{"floor":10,"key":"Block Potion"},{"floor":14,"key":"Swift Potion"},{"floor":21,"key":"Explosive Potion"},{"floor":25,"key":"Dexterity Potion"},{"floor":29,"key":"LiquidBronze"},{"floor":31,"key":"EssenceOfSteel"},{"floor":37,"key":"Energy Potion"},{"floor":44,"key":"BloodPotion"},{"floor":46,"key":"Regen Potion"},{"floor":47,"key":"Poison Potion"}],"is_trial":false,"path_per_floor":["M","M","?","?","$","R","E","R","T","E","R","$","?","M","R","B",null,"M","?","$","M","M","E","M","E","T","M","$","E","$","E","R","B",null,"M","?","M","$","M","R","E","?","T","E","M","E","M","$","R","B"],"character_chosen":"IRONCLAD","items_purchased":["Offering","Limit Break","ClockworkSouvenir","Purity","Frozen Eye","Limit Break","Strength Potion"],"campfire_rested":3,"item_purchase_floors":[5,12,28,38,48,48,48],"current_hp_per_floor":[70,74,58,58,58,58,30,54,54,37,37,37,34,43,68,60,95,95,95,95,91,95,92,94,81,81,87,87,67,67,70,70,68,95,85,85,83,83,95,95,95,83,83,85,46,61,46,46,75,49],"gold":21,"neow_bonus":"ONE_RARE_RELIC","is_prod":false,"is_daily":false,"chose_seed":false,"campfire_upgraded":4,"win_rate":0,"timestamp":1531883762,"path_taken":["M","M","?","?","$","R","E","R","T","E","R","$","?","M","R","BOSS","M","?","$","M","M","E","?","E","T","M","$","E","$","E","R","BOSS","M","?","M","$","M","R","E","?","T","E","?","E","M","$","R","BOSS"],"build_version":"2018-07-12","purchased_purges":1,"victory":true,"max_hp_per_floor":[80,80,80,80,80,80,80,80,80,83,83,83,83,86,86,95,95,95,95,95,95,95,95,95,95,95,95,95,95,95,95,95,95,95,95,95,95,95,95,95,95,95,95,95,98,98,98,98,98,98],"card_choices":[{"not_picked":["Flame Barrier","Body Slam"],"picked":"Burning Pact","floor":1},{"not_picked":["Shrug It Off","Disarm"],"picked":"Second Wind","floor":2},{"not_picked":["Armaments","Rupture"],"picked":"Shrug It Off","floor":7},{"not_picked":["Pommel Strike","Heavy Blade"],"picked":"Flex","floor":10},{"not_picked":["Thunderclap","Carnage"],"picked":"Pommel Strike","floor":14},{"not_picked":["Limit Break","Barricade"],"picked":"Fiend Fire","floor":16},{"not_picked":["Searing Blow","Clothesline"],"picked":"Heavy Blade","floor":18},{"not_picked":["Battle Trance","Flame Barrier"],"picked":"True Grit+1","floor":21},{"not_picked":["Iron Wave","Evolve","Carnage"],"picked":"SKIP","floor":22},{"not_picked":["Thunderclap+1","Ghostly Armor","Perfected Strike"],"picked":"SKIP","floor":23},{"not_picked":["Intimidate","Armaments"],"picked":"Second Wind","floor":24},{"not_picked":["Whirlwind+1","Headbutt"],"picked":"Exhume","floor":25},{"not_picked":["Dual Wield+1","Fire Breathing","Headbutt+1"],"picked":"SKIP","floor":27},{"not_picked":["Thunderclap","Corruption"],"picked":"Havoc+1","floor":29},{"not_picked":["Pommel Strike","Shrug It Off"],"picked":"Battle Trance+1","floor":31},{"not_picked":["Demon Form","Juggernaut"],"picked":"Double Tap","floor":33},{"not_picked":["Disarm","Dual Wield"],"picked":"Rage","floor":34},{"not_picked":["Perfected Strike","Pummel"],"picked":"Second Wind","floor":34},{"not_picked":["Fire Breathing","Flex"],"picked":"Infernal Blade","floor":34},{"not_picked":["Headbutt","Wild Strike"],"picked":"Flex","floor":34},{"not_picked":["Dual Wield","Pommel Strike"],"picked":"Clash","floor":34},{"not_picked":["Clothesline+1","Iron Wave+1","Flex"],"picked":"SKIP","floor":35},{"not_picked":["Entrench+1","Thunderclap","Clash"],"picked":"SKIP","floor":37},{"not_picked":["Juggernaut","Carnage+1"],"picked":"Headbutt","floor":39},{"not_picked":["Wild Strike","Fire Breathing+1"],"picked":"Second Wind","floor":41},{"not_picked":["Immolate","Pommel Strike"],"picked":"Flex+1","floor":44},{"not_picked":["Clothesline","Pummel"],"picked":"Burning Pact","floor":45},{"not_picked":["Pommel Strike+1","Inflame"],"picked":"Flex","floor":46},{"not_picked":["Havoc","Iron Wave+1","Whirlwind+1"],"picked":"SKIP","floor":47}],"player_experience":136320,"relics_obtained":[{"floor":7,"key":"Vajra"},{"floor":9,"key":"Art of War"},{"floor":10,"key":"Ginger"},{"floor":23,"key":"Dream Catcher"},{"floor":25,"key":"Ancient Tea Set"},{"floor":26,"key":"Omamori"},{"floor":29,"key":"Thread and Needle"},{"floor":31,"key":"Matryoshka"},{"floor":41,"key":"War Paint"},{"floor":43,"key":"Centennial Puzzle"},{"floor":43,"key":"Boot"},{"floor":44,"key":"Shuriken"},{"floor":46,"key":"Lantern"}],"event_choices":[{"event_name":"Shining Light","player_choice":"Entered Light","floor":3,"damage_taken":0},{"event_name":"Liars Game","player_choice":"agreed","floor":4,"damage_taken":0},{"event_name":"Scrap Ooze","player_choice":"success","floor":13,"damage_taken":3},{"event_name":"Fountain of Cleansing","player_choice":"Removed Curse","floor":19,"damage_taken":0},{"event_name":"Tomb of Lord Red Mask","player_choice":"Ignored","floor":36,"damage_taken":0},{"event_name":"Winding Halls","player_choice":"Embrace Madness","floor":42,"damage_taken":0}],"boss_relics":[{"not_picked":["Sozu","Empty Cage"],"picked":"Runic Pyramid"},{"not_picked":["Runic Dome","Black Blood"],"picked":"Orrery"}],"items_purged_floors":[5],"is_endless":false,"potions_floor_spawned":[7,10,14,21,25,29,31,37,44,46,47],"ascension_level":1}