{"gold_per_floor":[111,24,48,48,67,102,102,133,133,146,164,164,175,188,188,292,292,312,411,411,426,426,457,63,63],"floor_reached":25,"playtime":1209,"items_purged":["Strike_R"],"score":323,"play_id":"21967be3-a6c6-4272-928d-bb5847996cdd","local_time":"20180801182405","is_ascension_mode":true,"campfire_choices":[{"data":"Body Slam","floor":7,"key":"SMITH"},{"data":"Rage","floor":12,"key":"SMITH"},{"data":"Infernal Blade","floor":15,"key":"SMITH"}],"neow_cost":"","seed_source_timestamp":19618533783254,"circlet_count":0,"master_deck":["Strike_R","Strike_R","Defend_R","Defend_R+1","Defend_R","Defend_R+1","Bash","Clash","Rage+1","Body Slam+1","Shrug It Off","Warcry","Flex","Fiend Fire","Infernal Blade+1","Limit Break","Body Slam","Battle Trance","Second Wind","Shrug It Off+1","Anger","Warcry"],"relics":["Burning Blood","Incense Burner","War Paint","Unceasing Top","Ancient Tea Set","Regal Pillow","Runic Cube","Dodecahedron","Ornamental Fan"],"potions_floor_usage":[16,23,25,25],"damage_taken":[{"damage":6,"enemies":"Cultist","floor":1,"turns":4},{"damage":2,"enemies":"Jaw Worm","floor":5,"turns":3},{"damage":48,"enemies":"3 Sentries","floor":6,"turns":15},{"damage":30,"enemies":"Gremlin Nob","floor":8,"turns":5},{"damage":0,"enemies":"Small Slimes","floor":10,"turns":3},{"damage":0,"enemies":"Looter","floor":11,"turns":2},{"damage":0,"enemies":"2 Fungi Beasts","floor":13,"turns":2},{"damage":0,"enemies":"3 Louse","floor":14,"turns":3},{"damage":15,"enemies":"Slime Boss","floor":16,"turns":12},{"damage":11,"enemies":"2 Thieves","floor":18,"turns":3},{"damage":0,"enemies":"Chosen","floor":21,"turns":5},{"damage":32,"enemies":"Book of Stabbing","floor":23,"turns":6},{"damage":42,"enemies":"Gremlin Leader","floor":25,"turns":5}],"seed_played":"-6917472192436902097","potions_obtained":[{"floor":6,"key":"FearPotion"},{"floor":11,"key":"PowerPotion"},{"floor":13,"key":"Energy Potion"},{"floor":16,"key":"PowerPotion"},{"floor":21,"key":"Dexterity Potion"}],"is_trial":false,"path_per_floor":["M","?","T","$","M","E","R","E","T","M","M","R","M","M","R","B",null,"M","?","?","M","?","E","$"],"character_chosen":"IRONCLAD","items_purchased":["Anger","Warcry","Ornamental Fan"],"campfire_rested":0,"item_purchase_floors":[24,24,24],"current_hp_per_floor":[72,72,72,72,76,34,34,10,10,16,22,22,28,34,34,25,66,61,61,61,67,67,41,41,0],"gold":63,"neow_bonus":"","is_prod":false,"is_daily":false,"chose_seed":false,"campfire_upgraded":3,"win_rate":0,"timestamp":1533162245,"path_taken":["M","?","?","?","M","E","R","E","T","?","M","R","M","M","R","BOSS","M","?","?","M","?","E","$","E"],"build_version":"2018-07-26","purchased_purges":1,"victory":false,"max_hp_per_floor":[80,80,80,80,80,80,80,80,80,80,80,80,80,80,80,80,80,80,80,80,80,80,80,80,80],"card_choices":[{"not_picked":["Armaments","Twin Strike"],"picked":"Clash","floor":1},{"not_picked":["Perfected Strike","Iron Wave"],"picked":"Rage","floor":5},{"not_picked":["Pommel Strike","Whirlwind"],"picked":"Body Slam","floor":6},{"not_picked":["Thunderclap","Sword Boomerang"],"picked":"Shrug It Off","floor":8},{"not_picked":["Twin Strike","Pommel Strike"],"picked":"Warcry","floor":10},{"not_picked":["Carnage","Bloodletting"],"picked":"Flex","floor":11},{"not_picked":["Perfected Strike","Armaments"],"picked":"Fiend Fire","floor":13},{"not_picked":["Heavy Blade","Wild Strike"],"picked":"Infernal Blade","floor":14},{"not_picked":["Barricade","Bludgeon"],"picked":"Limit Break","floor":16},{"not_picked":["Warcry","Armaments"],"picked":"Body Slam","floor":18},{"not_picked":["Iron Wave","Sword Boomerang"],"picked":"Battle Trance","floor":21},{"not_picked":["Heavy Blade","Offering"],"picked":"Shrug It Off+1","floor":23}],"player_experience":418344,"relics_obtained":[{"floor":3,"key":"War Paint"},{"floor":6,"key":"Unceasing Top"},{"floor":8,"key":"Ancient Tea Set"},{"floor":9,"key":"Regal Pillow"},{"floor":23,"key":"Dodecahedron"}],"event_choices":[{"event_name":"WeMeetAgain","player_choice":"Gold","floor":2,"damage_taken":0},{"event_name":"Nest","player_choice":"Stole From Cult","floor":19,"damage_taken":0},{"event_name":"Back to Basics","player_choice":"Elegance","floor":20,"damage_taken":0},{"event_name":"Transmorgrifier","player_choice":"Transform","floor":22,"damage_taken":0}],"is_beta":false,"boss_relics":[{"not_picked":["Philosopher\u0027s Stone","Eternal Feather"],"picked":"Runic Cube"}],"items_purged_floors":[24],"is_endless":false,"potions_floor_spawned":[6,11,13,16,21],"killed_by":"Gremlin Leader","ascension_level":8}