{"gold_per_floor":[11,29,204,204,204,204,224,235,310,310],"floor_reached":10,"playtime":344,"items_purged":[],"score":78,"play_id":"db98d195-97b8-46e1-801c-6923130e762a","local_time":"20190511161434","is_ascension_mode":true,"campfire_choices":[{"data":"Hologram","floor":6,"key":"SMITH"}],"neow_cost":"NO_GOLD","seed_source_timestamp":70621565615145,"circlet_count":0,"master_deck":["Strike_B","Strike_B","Strike_B","Strike_B","Defend_B","Defend_B","Defend_B","Defend_B","Zap","Dualcast","Hologram+1","Turbo","Go for the Eyes","Self Repair"],"relics":["Cracked Core","Nunchaku","FaceOfCleric","Sundial"],"potions_floor_usage":[10],"damage_taken":[{"damage":4,"enemies":"Jaw Worm","floor":1,"turns":5},{"damage":2,"enemies":"2 Louse","floor":2,"turns":3},{"damage":0,"enemies":"Cultist","floor":7,"turns":3},{"damage":29,"enemies":"Exordium Thugs","floor":8,"turns":6},{"damage":35,"enemies":"3 Sentries","floor":10,"turns":6}],"seed_played":"1588616949150677558","potions_obtained":[{"floor":7,"key":"FearPotion"},{"floor":8,"key":"Energy Potion"}],"is_trial":false,"path_per_floor":["M","M","?","?","?","R","M","M","T","E"],"character_chosen":"DEFECT","items_purchased":[],"campfire_rested":0,"item_purchase_floors":[],"current_hp_per_floor":[64,62,62,62,62,62,63,35,35,0],"gold":310,"neow_bonus":"ONE_RARE_RELIC","is_prod":false,"is_daily":false,"chose_seed":false,"campfire_upgraded":1,"win_rate":0,"timestamp":1557605674,"path_taken":["M","M","?","?","?","R","M","M","T","E"],"build_version":"2019-01-23","purchased_purges":0,"victory":false,"max_hp_per_floor":[75,75,75,75,75,75,76,77,77,77],"card_choices":[{"not_picked":["Turbo","Sweeping Beam"],"picked":"Hologram","floor":1},{"not_picked":["Defragment","Lockon"],"picked":"Turbo","floor":2},{"not_picked":["Coolheaded","Multi-Cast"],"picked":"Go for the Eyes","floor":7},{"not_picked":["Coolheaded","Undo"],"picked":"Self Repair","floor":8}],"player_experience":279664,"relics_obtained":[{"floor":9,"key":"Sundial"}],"event_choices":[{"damage_healed":0,"gold_gain":175,"player_choice":"AGREE","damage_taken":0,"max_hp_gain":0,"max_hp_loss":0,"event_name":"Liars Game","floor":3,"gold_loss":0,"cards_obtained":["Doubt"]},{"cards_removed":["Doubt"],"damage_healed":0,"gold_gain":0,"player_choice":"Forget","damage_taken":0,"max_hp_gain":0,"max_hp_loss":0,"event_name":"Living Wall","floor":4,"gold_loss":0},{"damage_healed":0,"gold_gain":0,"player_choice":"Trade","damage_taken":0,"relics_obtained":["FaceOfCleric"],"max_hp_gain":0,"max_hp_loss":0,"event_name":"FaceTrader","floor":5,"gold_loss":0}],"is_beta":false,"boss_relics":[],"items_purged_floors":[],"is_endless":false,"potions_floor_spawned":[7,8],"killed_by":"3 Sentries","ascension_level":7}