{"gold_per_floor":[110,125,135,135,8,39,55,55,81,93,93,120,137,11,11,86,86,96,5,5,15,15,15,48,48,74,90,119,119,21,34,34,34],"floor_reached":33,"playtime":1449,"items_purged":["Strike_B","Strike_B"],"score":640,"play_id":"1e3ada8b-4cc7-4403-8f9b-543def944908","local_time":"20181127123041","is_ascension_mode":true,"campfire_choices":[{"data":"Go for the Eyes","floor":8.0,"key":"SMITH"},{"data":"Buffer","floor":11.0,"key":"SMITH"},{"data":"Static Discharge","floor":15.0,"key":"SMITH"},{"data":"Darkness","floor":23.0,"key":"SMITH"},{"data":"Biased Cognition","floor":25.0,"key":"SMITH"},{"data":"Hologram","floor":29.0,"key":"SMITH"},{"data":"Fusion","floor":32.0,"key":"SMITH"}],"neow_cost":"NONE","seed_source_timestamp":169902243538429,"circlet_count":0,"master_deck":["AscendersBane","Strike_B","Strike_B","Defend_B","Defend_B","Defend_B","Defend_B","Zap+1","Dualcast+1","Go for the Eyes+1","Darkness+1","Ball Lightning","Glacier","Cold Snap","Buffer+1","Static Discharge+1","Compile Driver","Hologram+1","Biased Cognition+1","Capacitor+1","Blind+1","Fusion+1","Glacier","Coolheaded","Seek","Bandage Up","Compile Driver"],"special_seed":0,"relics":["Cracked Core","Dream Catcher","Pen Nib","PreservedInsect","Nuclear Battery","War Paint","Bag of Preparation","Orichalcum"],"potions_floor_usage":[33,33],"damage_taken":[{"damage":5.0,"enemies":"Small Slimes","floor":1.0,"turns":3.0},{"damage":0.0,"enemies":"Cultist","floor":2.0,"turns":3.0},{"damage":7.0,"enemies":"2 Louse","floor":3.0,"turns":2.0},{"damage":24.0,"enemies":"Gremlin Nob","floor":6.0,"turns":4.0},{"damage":0.0,"enemies":"Looter","floor":7.0,"turns":4.0},{"damage":0.0,"enemies":"Large Slime","floor":10.0,"turns":4.0},{"damage":4.0,"enemies":"3 Sentries","floor":12.0,"turns":9.0},{"damage":1.0,"enemies":"Exordium Thugs","floor":13.0,"turns":6.0},{"damage":3.0,"enemies":"Hexaghost","floor":16.0,"turns":9.0},{"damage":0.0,"enemies":"Shell Parasite","floor":18.0,"turns":5.0},{"damage":11.0,"enemies":"Spheric Guardian","floor":21.0,"turns":4.0},{"damage":15.0,"enemies":"Slavers","floor":24.0,"turns":7.0},{"damage":6.0,"enemies":"Centurion and Healer","floor":27.0,"turns":6.0},{"damage":0.0,"enemies":"Gremlin Leader","floor":28.0,"turns":6.0},{"damage":0.0,"enemies":"Snecko","floor":31.0,"turns":4.0},{"damage":50,"enemies":"Collector","floor":33,"turns":12}],"seed_played":"-6619113526806364767","potions_obtained":[{"floor":6.0,"key":"Energy Potion"},{"floor":10.0,"key":"Dexterity Potion"},{"floor":12.0,"key":"Poison Potion"},{"floor":16.0,"key":"GamblersBrew"},{"floor":28.0,"key":"EssenceOfSteel"},{"floor":31.0,"key":"EssenceOfSteel"}],"is_trial":false,"path_per_floor":["M","M","M","?","$","E","M","R","T","M","R","E","M","$","R","B",null,"M","$","?","M","?","R","E","R","T","M","E","R","$","M","R","B"],"character_chosen":"DEFECT","items_purchased":["Ball Lightning","Hologram","Blind","Bandage Up"],"campfire_rested":0,"item_purchase_floors":[5,14,19,30],"current_hp_per_floor":[66,66,59,59,59,35,35,35,35,35,35,31,30,30,30,27,65,65,65,65,54,54,54,39,39,39,33,33,33,33,37,37,0],"gold":34,"neow_bonus":"TEN_PERCENT_HP_BONUS","is_prod":false,"is_daily":false,"chose_seed":false,"campfire_upgraded":7,"win_rate":0,"timestamp":1543339841,"path_taken":["M","M","M","?","?","E","M","R","T","M","R","E","M","$","R","BOSS","M","?","?","M","?","R","E","R","T","M","E","R","$","M","R","BOSS"],"build_version":"2018-11-15","purchased_purges":2,"victory":false,"max_hp_per_floor":[78,78,78,78,78,78,78,78,78,78,78,78,78,78,78,78,78,78,78,78,78,78,78,78,78,78,78,78,78,78,78,78,78],"card_choices":[{"not_picked":["Barrage","Turbo"],"picked":"Go for the Eyes","floor":1.0},{"not_picked":["Gash","Leap"],"picked":"Darkness","floor":2.0},{"not_picked":["Chill","Rip and Tear","Darkness"],"picked":"SKIP","floor":3.0},{"not_picked":["Barrage","Scrape"],"picked":"Glacier","floor":6.0},{"not_picked":["Go for the Eyes","Skim"],"picked":"Cold Snap","floor":7.0},{"not_picked":["Rebound","Turbo"],"picked":"Buffer","floor":10.0},{"not_picked":["Stack","Gash"],"picked":"Static Discharge","floor":12.0},{"not_picked":["Turbo","Static Discharge"],"picked":"Compile Driver","floor":13.0},{"not_picked":["Creative AI","Hyperbeam"],"picked":"Biased Cognition","floor":16.0},{"not_picked":["Reprogram","Genetic Algorithm+1"],"picked":"Capacitor+1","floor":18.0},{"not_picked":["Double Energy","Cold Snap"],"picked":"Fusion","floor":21.0},{"not_picked":["Go for the Eyes","Ball Lightning","Force Field"],"picked":"SKIP","floor":24.0},{"not_picked":["Go for the Eyes","Double Energy"],"picked":"Coolheaded","floor":27.0},{"not_picked":["Barrage","Skim"],"picked":"Seek","floor":28.0},{"not_picked":["Beam Cell","Sweeping Beam"],"picked":"Compile Driver","floor":31.0}],"player_experience":1164674,"relics_obtained":[{"floor":6.0,"key":"Dream Catcher"},{"floor":9.0,"key":"Pen Nib"},{"floor":12.0,"key":"PreservedInsect"},{"floor":24.0,"key":"War Paint"},{"floor":26.0,"key":"Bag of Preparation"},{"floor":28.0,"key":"Orichalcum"}],"event_choices":[{"damage_healed":0.0,"max_hp_gain":0.0,"max_hp_loss":0.0,"gold_gain":0.0,"event_name":"Upgrade Shrine","player_choice":"Upgraded","floor":4.0,"gold_loss":0.0,"damage_taken":0.0,"cards_upgraded":["Zap"]},{"damage_healed":0.0,"max_hp_gain":0.0,"max_hp_loss":0.0,"gold_gain":0.0,"event_name":"Vampires","player_choice":"Ignored","floor":20.0,"gold_loss":0.0,"damage_taken":0.0},{"damage_healed":0.0,"max_hp_gain":0.0,"max_hp_loss":0.0,"gold_gain":0.0,"event_name":"The Library","player_choice":"Read","floor":22.0,"gold_loss":0.0,"damage_taken":0.0,"cards_obtained":["Glacier"]}],"is_beta":false,"boss_relics":[{"not_picked":["Lizard Tail","Busted Crown"],"picked":"Nuclear Battery"}],"items_purged_floors":[5,14],"is_endless":false,"potions_floor_spawned":[6,10,12,16,28,31],"killed_by":"Collector","ascension_level":20}