{"gold_per_floor":[114,126,126,126,73,104,104,104,104,179,199,224,236,255,255,352,352,372,822,822,317,317,317],"floor_reached":23,"playtime":1481,"items_purged":["Writhe"],"score":242,"play_id":"125f642d-8e7d-4bd4-9e1a-2c8c80dfff8d","local_time":"20180718193523","is_ascension_mode":true,"campfire_choices":[{"data":"Bash","floor":8,"key":"SMITH"},{"data":"Shrug It Off","floor":15,"key":"SMITH"}],"neow_cost":"","seed_source_timestamp":605331957033178,"circlet_count":0,"master_deck":["Strike_R","Strike_R","Strike_R","Strike_R","Defend_R","Defend_R","Bash+1","Iron Wave","Clash","Second Wind","Shrug It Off","Shrug It Off+1","Clash","Flex+1","Flex+1","Clash","Feed","Shrug It Off+1","Shrug It Off+1","Secret Weapon+1"],"relics":["Burning Blood","Oddly Smooth Stone","Boot","Toxic Egg 2","Empty Cage","Shovel","Toy Ornithopter"],"potions_floor_usage":[12,12,12,16,16,18,23,23,23],"damage_taken":[{"damage":16,"enemies":"Jaw Worm","floor":1,"turns":4},{"damage":0,"enemies":"Small Slimes","floor":2,"turns":3},{"damage":22,"enemies":"Gremlin Nob","floor":6,"turns":5},{"damage":4,"enemies":"Cultist","floor":11,"turns":4},{"damage":14,"enemies":"3 Sentries","floor":12,"turns":11},{"damage":0,"enemies":"3 Louse","floor":13,"turns":3},{"damage":0,"enemies":"2 Fungi Beasts","floor":14,"turns":3},{"damage":25,"enemies":"Slime Boss","floor":16,"turns":9},{"damage":10,"enemies":"2 Thieves","floor":18,"turns":3},{"damage":96,"enemies":"Gremlin Leader","floor":23,"turns":10}],"seed_played":"1002936964320562223","potions_obtained":[{"floor":6,"key":"PowerPotion"},{"floor":7,"key":"LiquidBronze"},{"floor":7,"key":"Poison Potion"},{"floor":7,"key":"FearPotion"},{"floor":12,"key":"Swift Potion"},{"floor":13,"key":"SkillPotion"},{"floor":16,"key":"SkillPotion"},{"floor":18,"key":"EntropicBrew"}],"is_trial":false,"path_per_floor":["M","M","?","?","$","E","?","R","T","?","M","E","M","M","R","B",null,"M","?","?","$","?"],"character_chosen":"IRONCLAD","items_purchased":["Shrug It Off","Toy Ornithopter","Shrug It Off+1","Secret Weapon+1"],"campfire_rested":0,"item_purchase_floors":[5,21,21,21],"current_hp_per_floor":[70,76,76,76,76,60,60,60,60,49,51,43,49,55,55,36,80,76,28,28,28,54,0],"gold":317,"neow_bonus":"","is_prod":false,"is_daily":false,"chose_seed":false,"campfire_upgraded":2,"win_rate":0,"timestamp":1531956923,"path_taken":["M","M","?","?","$","E","?","R","T","?","M","E","M","M","R","BOSS","M","?","?","$","?","E"],"build_version":"2018-07-12","purchased_purges":1,"victory":false,"max_hp_per_floor":[80,80,80,80,80,80,80,80,80,80,80,80,80,80,80,80,80,80,80,80,80,80,80],"card_choices":[{"not_picked":["Thunderclap","Clothesline"],"picked":"Iron Wave","floor":1},{"not_picked":["Rampage","Shrug It Off"],"picked":"Clash","floor":2},{"not_picked":["Sever Soul","Disarm"],"picked":"Shrug It Off","floor":6},{"not_picked":["Sword Boomerang","Havoc"],"picked":"Clash","floor":11},{"not_picked":["Iron Wave","Twin Strike"],"picked":"Flex","floor":12},{"not_picked":["Heavy Blade","Rampage"],"picked":"Flex+1","floor":13},{"not_picked":["Inflame","Pommel Strike"],"picked":"Clash","floor":14},{"not_picked":["Juggernaut","Barricade"],"picked":"Feed","floor":16},{"not_picked":["Perfected Strike","Feel No Pain"],"picked":"Shrug It Off+1","floor":18}],"player_experience":165562,"relics_obtained":[{"floor":6,"key":"Oddly Smooth Stone"},{"floor":9,"key":"Boot"},{"floor":12,"key":"Toxic Egg 2"}],"event_choices":[{"event_name":"The Cleric","player_choice":"Leave","floor":3,"damage_taken":0},{"event_name":"Living Wall","player_choice":"Change","floor":4,"damage_taken":0},{"event_name":"The Lab","player_choice":"Got Potions","floor":7,"damage_taken":0},{"event_name":"World of Goop","player_choice":"Gather Gold","floor":10,"damage_taken":0},{"event_name":"Knowing Skull","player_choice":"GOLD GOLD GOLD GOLD GOLD ","floor":19,"damage_taken":0},{"event_name":"The Mausoleum","player_choice":"Yes","floor":20,"damage_taken":0},{"event_name":"The Library","player_choice":"Heal","floor":22,"damage_taken":0}],"boss_relics":[{"not_picked":["Runic Pyramid","Orrery"],"picked":"Empty Cage"}],"items_purged_floors":[21],"is_endless":false,"potions_floor_spawned":[6,12,13,16,18],"killed_by":"Gremlin Leader","ascension_level":2}