{"gold_per_floor":[113,126,144,161,175,205,205,230,254,269,288,316,316,335,335,432,432,448,24,37,37,64,94,94,113,159,159,159,159,186,52,52,151,151,165,115,126,0,15,50,50,75,147,157,176,176,195,145,145,145,145,145,10,37,37],"floor_reached":55,"playtime":5648,"items_purged":["Defend_R","Defend_R","Strike_R","Strike_R","Strike_R"],"score":1083,"play_id":"a4a5ae2b-37b3-454d-8d96-e807e018ed04","local_time":"20190510201308","is_ascension_mode":true,"campfire_choices":[{"floor":7,"key":"REST"},{"data":"Armaments","floor":13,"key":"SMITH"},{"floor":15,"key":"REST"},{"floor":24,"key":"REST"},{"floor":27,"key":"RECALL"},{"floor":29,"key":"REST"},{"floor":32,"key":"REST"},{"floor":41,"key":"REST"},{"floor":46,"key":"REST"},{"floor":49,"key":"REST"},{"floor":52,"key":"REST"}],"neow_cost":"PERCENT_DAMAGE","seed_source_timestamp":20050486130440,"circlet_count":0,"master_deck":["Defend_R","Defend_R","Bash","Shrug It Off","Armaments+1","Pommel Strike","Shrug It Off","Warcry","Burning Pact","Ghostly Armor","Pommel Strike","Heavy Blade","Impervious","Offering","Shrug It Off+1","Double Tap","J.A.X.","Inflame","Barricade","Heavy Blade+1","Warcry+1","Impervious+1","Pommel Strike+1","Shrug It Off+1","Seeing Red+1","Limit Break+1"],"relics":["Burning Blood","Nunchaku","Meat on the Bone","Pen Nib","Fusion Hammer","Blood Vial","Brimstone","Bag of Preparation","Vajra","Oddly Smooth Stone","Smiling Mask","Sozu","Red Mask","Toxic Egg 2","Turnip","Darkstone Periapt","Boot"],"potions_floor_usage":[8,10,11,16,23,25,50,55],"damage_taken":[{"damage":7,"enemies":"Small Slimes","floor":1,"turns":4},{"damage":3,"enemies":"Jaw Worm","floor":2,"turns":5},{"damage":2,"enemies":"2 Louse","floor":3,"turns":5},{"damage":8,"enemies":"Blue Slaver","floor":4,"turns":7},{"damage":8,"enemies":"3 Louse","floor":5,"turns":6},{"damage":35,"enemies":"3 Sentries","floor":6,"turns":15},{"damage":35,"enemies":"Gremlin Nob","floor":8,"turns":5},{"damage":0,"enemies":"Gremlin Gang","floor":10,"turns":9},{"damage":10,"enemies":"Exordium Thugs","floor":11,"turns":5},{"damage":30,"enemies":"Lagavulin","floor":12,"turns":8},{"damage":10,"enemies":"Large Slime","floor":14,"turns":11},{"damage":33,"enemies":"The Guardian","floor":16,"turns":17},{"damage":51,"enemies":"3 Byrds","floor":18,"turns":10},{"damage":0,"enemies":"Spheric Guardian","floor":20,"turns":4},{"damage":23,"enemies":"Slavers","floor":23,"turns":6},{"damage":6,"enemies":"Snecko","floor":25,"turns":3},{"damage":9,"enemies":"Gremlin Leader","floor":30,"turns":3},{"damage":16,"enemies":"Champ","floor":33,"turns":6},{"damage":6,"enemies":"3 Shapes","floor":35,"turns":2},{"damage":6,"enemies":"Orb Walker","floor":37,"turns":3},{"damage":19,"enemies":"Transient","floor":39,"turns":5},{"damage":18,"enemies":"Nemesis","floor":40,"turns":5},{"damage":12,"enemies":"Giant Head","floor":42,"turns":4},{"damage":9,"enemies":"Writhing Mass","floor":44,"turns":3},{"damage":43,"enemies":"4 Shapes","floor":45,"turns":6},{"damage":3,"enemies":"Maw","floor":47,"turns":4},{"damage":75,"enemies":"Time Eater","floor":50,"turns":6},{"damage":78,"enemies":"Shield and Spear","floor":54,"turns":7},{"damage":75,"enemies":"The Heart","floor":55,"turns":3}],"seed_played":"4090999261876320054","potions_obtained":[{"floor":2,"key":"FearPotion"},{"floor":6,"key":"Dexterity Potion"},{"floor":8,"key":"FairyPotion"},{"floor":10,"key":"Explosive Potion"},{"floor":14,"key":"SteroidPotion"},{"floor":16,"key":"PowerPotion"},{"floor":18,"key":"EntropicBrew"},{"floor":23,"key":"Regen Potion"}],"is_trial":false,"path_per_floor":["M","M","M","M","M","E","R","E","T","M","M","E","R","M","R","B",null,"M","$","M","?","T","E","R","M","T","R","?","R","E","$","R","B",null,"M","$","M","?","M","E","R","E","T","M","M","R","M","$","R","B",null,"R","$","E","B"],"character_chosen":"IRONCLAD","items_purchased":["Blood Vial","Brimstone","Inflame","Energy Potion","Shrug It Off+1","Seeing Red+1"],"campfire_rested":9,"item_purchase_floors":[19,19,31,31,53,53],"current_hp_per_floor":[50,53,57,55,53,24,48,19,19,37,45,33,33,41,65,50,73,40,40,48,48,48,45,69,80,80,80,80,80,77,77,80,70,78,80,80,80,80,67,57,80,74,74,73,50,74,79,79,80,23,66,80,80,20,0],"gold":37,"neow_bonus":"REMOVE_TWO","is_prod":false,"is_daily":false,"chose_seed":false,"campfire_upgraded":1,"win_rate":0,"timestamp":1557533588,"path_taken":["M","M","M","M","M","E","R","E","T","M","M","E","R","M","R","BOSS","M","$","M","?","?","E","R","M","T","R","?","R","E","$","R","BOSS","M","$","M","?","M","E","R","E","T","M","M","R","M","$","R","BOSS","R","$","E","BOSS"],"build_version":"2019-01-23","purchased_purges":5,"victory":false,"max_hp_per_floor":[80,80,80,80,80,80,80,80,80,80,80,80,80,80,80,80,80,80,80,80,80,80,80,80,80,80,80,80,80,80,80,80,80,80,80,80,80,80,80,80,80,80,80,80,80,80,80,80,80,80,80,80,80,80,80],"card_choices":[{"not_picked":["Anger","Wild Strike"],"picked":"Shrug It Off","floor":1},{"not_picked":["Clothesline","Rupture"],"picked":"Armaments","floor":2},{"not_picked":["Sword Boomerang","Flex"],"picked":"Pommel Strike","floor":3},{"not_picked":["Rage","True Grit"],"picked":"Shrug It Off","floor":4},{"not_picked":["Blood for Blood","Evolve"],"picked":"Warcry","floor":5},{"not_picked":["Sentinel","Iron Wave"],"picked":"Burning Pact","floor":6},{"not_picked":["Thunderclap","Twin Strike"],"picked":"Ghostly Armor","floor":8},{"not_picked":["Uppercut","Intimidate"],"picked":"Pommel Strike","floor":10},{"not_picked":["Thunderclap","Exhume"],"picked":"Heavy Blade","floor":11},{"not_picked":["Thunderclap","Ghostly Armor"],"picked":"Impervious","floor":12},{"not_picked":["Thunderclap","Burning Pact","Searing Blow"],"picked":"SKIP","floor":14},{"not_picked":["Limit Break","Bludgeon"],"picked":"Offering","floor":16},{"not_picked":["Fire Breathing","Power Through"],"picked":"Shrug It Off+1","floor":18},{"not_picked":["Clash","Perfected Strike","Iron Wave"],"picked":"SKIP","floor":20},{"not_picked":["Rupture","Clash"],"picked":"Double Tap","floor":23},{"not_picked":["Sever Soul","Clothesline+1","Headbutt"],"picked":"SKIP","floor":25},{"not_picked":["Havoc+1","Heavy Blade+1","Rampage"],"picked":"SKIP","floor":30},{"not_picked":["Exhume","Fiend Fire"],"picked":"Barricade","floor":33},{"not_picked":["Iron Wave+1","Shrug It Off","Sever Soul+1"],"picked":"SKIP","floor":35},{"not_picked":["Twin Strike","Heavy Blade+1","Bloodletting"],"picked":"SKIP","floor":37},{"not_picked":["Twin Strike","Bloodletting"],"picked":"Heavy Blade+1","floor":37},{"not_picked":["Thunderclap+1","Heavy Blade","Armaments"],"picked":"SKIP","floor":39},{"not_picked":["Iron Wave","Exhume"],"picked":"Warcry","floor":40},{"not_picked":["Thunderclap","Iron Wave+1","Sword Boomerang+1"],"picked":"SKIP","floor":42},{"not_picked":["Perfected Strike+1","Havoc+1"],"picked":"Impervious+1","floor":44},{"not_picked":["Clash","Power Through+1","Sword Boomerang+1"],"picked":"SKIP","floor":45},{"not_picked":["Iron Wave","Evolve"],"picked":"Pommel Strike+1","floor":47},{"not_picked":["Clothesline+1","Twin Strike"],"picked":"Limit Break+1","floor":54}],"player_experience":260219,"relics_obtained":[{"floor":6,"key":"Nunchaku"},{"floor":8,"key":"Meat on the Bone"},{"floor":12,"key":"Pen Nib"},{"floor":22,"key":"Bag of Preparation"},{"floor":23,"key":"Vajra"},{"floor":26,"key":"Oddly Smooth Stone"},{"floor":30,"key":"Smiling Mask"},{"floor":40,"key":"Toxic Egg 2"},{"floor":42,"key":"Turnip"},{"floor":43,"key":"Darkstone Periapt"},{"floor":54,"key":"Boot"}],"event_choices":[{"damage_healed":0,"gold_gain":0,"player_choice":"Ignored","damage_taken":0,"max_hp_gain":0,"max_hp_loss":0,"event_name":"Beggar","floor":21,"gold_loss":0},{"damage_healed":0,"gold_gain":0,"player_choice":"Obtain J.A.X.","damage_taken":0,"max_hp_gain":0,"max_hp_loss":0,"event_name":"Drug Dealer","floor":28,"gold_loss":0,"cards_obtained":["J.A.X."]},{"damage_healed":0,"gold_gain":0,"player_choice":"Paid","damage_taken":0,"relics_obtained":["Red Mask"],"max_hp_gain":0,"max_hp_loss":0,"event_name":"Tomb of Lord Red Mask","floor":38,"gold_loss":126}],"is_beta":false,"boss_relics":[{"not_picked":["Runic Pyramid","Ectoplasm"],"picked":"Fusion Hammer"},{"not_picked":["Philosopher\u0027s Stone","Mark of Pain"],"picked":"Sozu"}],"items_purged_floors":[19,31,36,48,53],"is_endless":false,"potions_floor_spawned":[2,6,8,10,14,16,18,23,40,44,45,47,54],"killed_by":"The Heart","ascension_level":6}