{"gold_per_floor":[114,125,138,313,57,89,89,119,146,161,161,195,2,2,2,100,100,119,136,136,153,51,51,130,144,144,144,144,159,6,40,40,138,168,184,184,201,201,201,201,214,243,292,190,190,22,35,46,46,46],"floor_reached":50,"playtime":2176,"items_purged":["Doubt","Regret","Normality"],"score":736,"play_id":"4f64d6c9-e5d1-41b5-9fb1-91091e0b4378","local_time":"20180804003420","is_ascension_mode":true,"campfire_choices":[{"data":"Apotheosis","floor":7,"key":"SMITH"},{"floor":11,"key":"REST"},{"floor":15,"key":"REST"},{"data":"True Grit","floor":23,"key":"SMITH"},{"data":"Shrug It Off","floor":27,"key":"SMITH"},{"data":"True Grit","floor":32,"key":"SMITH"},{"data":"Offering","floor":40,"key":"SMITH"},{"floor":45,"key":"REST"},{"floor":49,"key":"REST"}],"neow_cost":"TEN_PERCENT_HP_LOSS","seed_source_timestamp":213681819912359,"circlet_count":0,"master_deck":["Strike_R+1","Strike_R+1","Strike_R","Strike_R","Defend_R","Defend_R","Defend_R+1","Defend_R+1","Bash","Anger","Feel No Pain","Rampage","Apotheosis+1","Spot Weakness","Uppercut","True Grit+1","Limit Break","Metallicize+1","Sword Boomerang+1","Necronomicurse","Intimidate+1","Perfected Strike+1","Shrug It Off+1","Cleave+1","Shrug It Off","True Grit+1","Perfected Strike+1","Twin Strike+1","Offering+1","Regret","Normality","Dropkick+1","Madness","Madness","Dramatic Entrance+1","True Grit+1","Anger+1","Double Tap","Body Slam+1","Uppercut+1","Clothesline+1","Shrug It Off+1","Carnage+1"],"relics":["Burning Blood","Turnip","Strawberry","War Paint","Orichalcum","Whetstone","HandDrill","Molten Egg 2","Mark of Pain","Necronomicon","Gremlin Horn","Meat on the Bone","Pear","Calling Bell","Shuriken","Gambling Chip","Tiny Chest","Smiling Mask","MawBank"],"potions_floor_usage":[8,18,21,21,42,42,42,42,50,50],"damage_taken":[{"damage":5,"enemies":"2 Louse","floor":1,"turns":3},{"damage":12,"enemies":"Jaw Worm","floor":2,"turns":3},{"damage":7,"enemies":"Small Slimes","floor":3,"turns":4},{"damage":32,"enemies":"Lagavulin","floor":6,"turns":6},{"damage":37,"enemies":"Gremlin Nob","floor":8,"turns":4},{"damage":1,"enemies":"Red Slaver","floor":10,"turns":5},{"damage":15,"enemies":"Lagavulin","floor":12,"turns":5},{"damage":19,"enemies":"Hexaghost","floor":16,"turns":8},{"damage":18,"enemies":"2 Thieves","floor":18,"turns":4},{"damage":5,"enemies":"Spheric Guardian","floor":19,"turns":6},{"damage":10,"enemies":"Snake Plant","floor":21,"turns":4},{"damage":2,"enemies":"Cultist and Chosen","floor":25,"turns":5},{"damage":11,"enemies":"Slaver and Parasite","floor":29,"turns":5},{"damage":11,"enemies":"Book of Stabbing","floor":31,"turns":4},{"damage":47,"enemies":"Automaton","floor":33,"turns":11},{"damage":6,"enemies":"3 Darklings","floor":35,"turns":7},{"damage":11,"enemies":"Orb Walker","floor":37,"turns":3},{"damage":20,"enemies":"Sphere and 2 Shapes","floor":41,"turns":5},{"damage":44,"enemies":"2 Orb Walkers","floor":42,"turns":5},{"damage":16,"enemies":"Maw","floor":47,"turns":7},{"damage":27,"enemies":"Spire Growth","floor":48,"turns":4},{"damage":77,"enemies":"Awakened One","floor":50,"turns":5}],"seed_played":"1569194787800050009","potions_obtained":[{"floor":1,"key":"Strength Potion"},{"floor":2,"key":"SpeedPotion"},{"floor":8,"key":"Fire Potion"},{"floor":12,"key":"Weak Potion"},{"floor":18,"key":"FearPotion"},{"floor":19,"key":"Block Potion"},{"floor":25,"key":"FearPotion"},{"floor":29,"key":"Weak Potion"},{"floor":35,"key":"EntropicBrew"},{"floor":37,"key":"Fire Potion"},{"floor":47,"key":"Poison Potion"}],"is_trial":false,"path_per_floor":["M","M","M","?","$","E","R","E","T","M","R","E","$","?","R","B",null,"M","M","?","M","$","R","T","M","T","R","?","M","$","E","R","B",null,"M","?","M","?","?","R","M","E","T","$","R","$","M","M","R"],"character_chosen":"IRONCLAD","items_purchased":["Apotheosis","HandDrill","Perfected Strike+1","Shrug It Off","Perfected Strike+1","Double Tap","Body Slam+1","Uppercut+1","Clothesline+1"],"campfire_rested":4,"item_purchase_floors":[5,13,22,22,30,44,44,46,46],"current_hp_per_floor":[72,66,65,65,65,46,46,15,15,20,43,34,34,34,57,44,70,58,59,43,39,39,39,39,43,43,43,43,50,50,67,67,38,76,76,65,60,60,60,60,58,32,32,32,58,58,60,51,77,0],"gold":46,"neow_bonus":"ONE_RARE_RELIC","is_prod":false,"is_daily":false,"chose_seed":false,"campfire_upgraded":5,"win_rate":0,"timestamp":1533357260,"path_taken":["M","M","M","?","$","E","R","E","T","M","R","E","$","?","R","BOSS","M","M","?","M","$","R","?","M","T","R","?","M","$","E","R","BOSS","M","?","M","?","?","R","?","E","T","$","R","$","M","M","R","BOSS"],"build_version":"2018-08-02","purchased_purges":3,"victory":false,"max_hp_per_floor":[72,72,72,72,72,79,79,79,79,79,79,79,79,79,79,79,79,79,79,79,79,79,79,79,79,79,79,79,79,79,89,89,89,89,89,89,89,89,89,89,89,89,89,89,89,89,89,89,89,89],"card_choices":[{"not_picked":["Fire Breathing","Wild Strike"],"picked":"Anger","floor":1},{"not_picked":["Havoc","Wild Strike"],"picked":"Feel No Pain","floor":2},{"not_picked":["Wild Strike","Blood for Blood"],"picked":"Rampage","floor":3},{"not_picked":["Ghostly Armor","Uppercut"],"picked":"Spot Weakness","floor":6},{"not_picked":["Armaments","Bloodletting"],"picked":"Disarm","floor":8},{"not_picked":["Dual Wield","Cleave"],"picked":"Uppercut","floor":10},{"not_picked":["Whirlwind","Dual Wield"],"picked":"True Grit","floor":12},{"not_picked":["Barricade","Reaper+1"],"picked":"Limit Break","floor":16},{"not_picked":["Iron Wave+1","Sword Boomerang+1"],"picked":"Metallicize+1","floor":18},{"not_picked":["Flex","Intimidate"],"picked":"Sword Boomerang+1","floor":19},{"not_picked":["Reckless Charge+1","Sword Boomerang+1"],"picked":"Intimidate+1","floor":21},{"not_picked":["Feel No Pain","Shockwave+1"],"picked":"Cleave+1","floor":25},{"not_picked":["Iron Wave+1","Flex"],"picked":"True Grit","floor":29},{"not_picked":["Pummel+1","Sentinel"],"picked":"Twin Strike+1","floor":31},{"not_picked":["Feed+1","Brutality"],"picked":"Offering","floor":33},{"not_picked":["Body Slam+1","Clothesline+1"],"picked":"Dropkick+1","floor":35},{"not_picked":["Blood for Blood+1","Shockwave","Bloodletting"],"picked":"SKIP","floor":37},{"not_picked":["Madness","Jack Of All Trades"],"picked":"Dramatic Entrance+1","floor":38},{"not_picked":["Blood for Blood+1","Headbutt+1"],"picked":"True Grit+1","floor":41},{"not_picked":["Power Through","Whirlwind+1"],"picked":"Anger+1","floor":42},{"not_picked":["Fire Breathing","Whirlwind+1"],"picked":"Shrug It Off+1","floor":47},{"not_picked":["Cleave+1","Infernal Blade"],"picked":"Carnage+1","floor":48}],"player_experience":436701,"relics_obtained":[{"floor":6,"key":"Strawberry"},{"floor":8,"key":"War Paint"},{"floor":9,"key":"Orichalcum"},{"floor":12,"key":"Whetstone"},{"floor":20,"key":"Necronomicon"},{"floor":24,"key":"Gremlin Horn"},{"floor":26,"key":"Meat on the Bone"},{"floor":31,"key":"Pear"},{"floor":34,"key":"Shuriken"},{"floor":34,"key":"Gambling Chip"},{"floor":34,"key":"Tiny Chest"},{"floor":42,"key":"Smiling Mask"},{"floor":43,"key":"MawBank"}],"event_choices":[{"event_name":"Liars Game","player_choice":"agreed","floor":4,"damage_taken":0},{"event_name":"Big Fish","player_choice":"Box","floor":14,"damage_taken":0},{"event_name":"Cursed Tome","player_choice":"Obtained Book","floor":20,"damage_taken":0},{"event_name":"Transmorgrifier","player_choice":"Transform","floor":28,"damage_taken":0},{"event_name":"Winding Halls","player_choice":"Embrace Madness","floor":36,"damage_taken":0},{"event_name":"SensoryStone","player_choice":"Memory 1","floor":38,"damage_taken":0},{"event_name":"Falling","player_choice":"Removed Skill","floor":39,"damage_taken":0}],"is_beta":false,"boss_relics":[{"not_picked":["Pandora\u0027s Box","Busted Crown"],"picked":"Mark of Pain"},{"not_picked":["Runic Dome","Black Star"],"picked":"Calling Bell"}],"items_purged_floors":[5,30,46],"is_endless":false,"potions_floor_spawned":[1,2,8,12,16,18,19,25,29,33,35,37,41,47],"killed_by":"Awakened One","ascension_level":8}