{"gold_per_floor":[112,132,146,71,81,81,107,107,107,107],"floor_reached":10,"playtime":411,"items_purged":["Strike_R"],"score":136,"play_id":"fc806acc-83cb-45d7-974b-bd3817511111","local_time":"20190517153502","is_ascension_mode":true,"campfire_choices":[{"data":"Armaments","floor":6,"key":"SMITH"}],"neow_cost":"NONE","seed_source_timestamp":102023671810271,"circlet_count":0,"master_deck":["AscendersBane","Strike_R","Strike_R","Strike_R","Defend_R","Defend_R","Defend_R","Defend_R","Bash","Shockwave","Armaments+1","Cleave","Flame Barrier","Offering"],"relics":["Burning Blood","Happy Flower"],"potions_floor_usage":[1],"damage_taken":[{"damage":2,"enemies":"Jaw Worm","floor":1,"turns":3},{"damage":8,"enemies":"2 Louse","floor":2,"turns":3},{"damage":4,"enemies":"Cultist","floor":3,"turns":4},{"damage":29,"enemies":"Exordium Thugs","floor":5,"turns":7},{"damage":27,"enemies":"Lagavulin","floor":7,"turns":7},{"damage":25,"enemies":"3 Sentries","floor":10,"turns":2}],"seed_played":"240198516757754040","potions_obtained":[{"floor":0,"key":"LiquidBronze"},{"floor":0,"key":"SteroidPotion"},{"floor":3,"key":"Ancient Potion"}],"is_trial":false,"path_per_floor":["M","M","M","$","M","R","E","?","T","E"],"character_chosen":"IRONCLAD","items_purchased":[],"campfire_rested":0,"item_purchase_floors":[],"current_hp_per_floor":[72,70,72,72,49,49,28,21,21,0],"gold":107,"neow_bonus":"THREE_SMALL_POTIONS","is_prod":false,"is_daily":false,"chose_seed":false,"campfire_upgraded":1,"win_rate":0,"timestamp":1558121702,"path_taken":["M","M","M","$","M","R","E","?","T","E"],"build_version":"2019-01-23","purchased_purges":1,"victory":false,"max_hp_per_floor":[75,75,75,75,75,75,75,75,75,75],"card_choices":[{"not_picked":["Combust","Bloodletting"],"picked":"Shockwave","floor":1},{"not_picked":["Power Through","Sentinel"],"picked":"Armaments","floor":2},{"not_picked":["Perfected Strike","Clash"],"picked":"Cleave","floor":3},{"not_picked":["Pommel Strike","Carnage"],"picked":"Flame Barrier","floor":5},{"not_picked":["Seeing Red","Shockwave"],"picked":"Offering","floor":7}],"player_experience":1407868,"relics_obtained":[{"floor":7,"key":"Happy Flower"}],"event_choices":[{"cards_removed":["Strike_R"],"damage_healed":0,"gold_gain":0,"player_choice":"Card Removal","damage_taken":7,"max_hp_gain":0,"max_hp_loss":0,"event_name":"Golden Wing","floor":8,"gold_loss":0}],"is_beta":false,"boss_relics":[],"items_purged_floors":[4],"is_endless":false,"potions_floor_spawned":[3,7],"killed_by":"3 Sentries","ascension_level":20}