{"gold_per_floor":[119,131,131,131,131,131,56,56,56,100,100,100,100,140,140,140],"floor_reached":16,"playtime":428,"items_purged":["Strike_G"],"score":226,"play_id":"552494ea-388d-44a6-a3d8-029ad83c48d4","local_time":"20181209115026","is_ascension_mode":true,"campfire_choices":[{"data":"Neutralize","floor":6,"key":"SMITH"},{"data":"Noxious Fumes","floor":8,"key":"SMITH"},{"data":"Dodge and Roll","floor":11,"key":"SMITH"},{"floor":15,"key":"REST"}],"neow_cost":"NONE","seed_source_timestamp":166310575406443,"circlet_count":0,"master_deck":["AscendersBane","Defend_G","Defend_G","Defend_G","Defend_G","Defend_G+1","Strike_G","Strike_G+1","Strike_G","Strike_G+1","Survivor+1","Neutralize+1","Noxious Fumes+1","Dodge and Roll+1","Flechettes+1","Pain","PiercingWail"],"relics":["Ring of the Snake","NeowsBlessing","Golden Idol","Molten Egg 2","Happy Flower","WarpedTongs","War Paint"],"potions_floor_usage":[14,14],"damage_taken":[{"damage":0,"enemies":"2 Louse","floor":1,"turns":1},{"damage":0,"enemies":"Small Slimes","floor":2,"turns":2},{"damage":0,"enemies":"3 Sentries","floor":10,"turns":2},{"damage":16,"enemies":"Gremlin Nob","floor":14,"turns":4},{"damage":44,"enemies":"Slime Boss","floor":16,"turns":8}],"seed_played":"8487819458107487755","potions_obtained":[{"floor":1,"key":"EssenceOfSteel"},{"floor":10,"key":"Weak Potion"}],"is_trial":false,"path_per_floor":["M","M","?","?","?","R","$","R","T","E","R","?","?","E","R","B"],"character_chosen":"THE_SILENT","items_purchased":[],"campfire_rested":1,"item_purchase_floors":[],"current_hp_per_floor":[59,59,36,16,38,38,38,38,38,38,38,38,38,22,41,0],"gold":140,"neow_bonus":"THREE_ENEMY_KILL","is_prod":false,"is_daily":false,"chose_seed":false,"campfire_upgraded":3,"win_rate":0,"timestamp":1544374226,"path_taken":["M","M","?","?","?","R","?","R","T","E","R","?","?","E","R","BOSS"],"build_version":"2018-12-06","purchased_purges":1,"victory":false,"max_hp_per_floor":[66,66,66,66,66,66,66,66,66,66,66,66,66,66,66,66],"card_choices":[{"not_picked":["Bouncing Flask","Well Laid Plans"],"picked":"Noxious Fumes","floor":1},{"not_picked":["Slice","Calculated Gamble"],"picked":"Dodge and Roll","floor":2},{"not_picked":["Bouncing Flask","Flying Knee+1"],"picked":"Flechettes+1","floor":10},{"not_picked":["Deflect","Catalyst"],"picked":"PiercingWail","floor":14}],"player_experience":1243289,"relics_obtained":[{"floor":9,"key":"Molten Egg 2"},{"floor":10,"key":"Happy Flower"},{"floor":14,"key":"War Paint"}],"event_choices":[{"damage_healed":0,"gold_gain":0,"player_choice":"Take Damage","damage_taken":23,"relics_obtained":["Golden Idol"],"max_hp_gain":0,"max_hp_loss":0,"event_name":"Golden Idol","floor":3,"gold_loss":0},{"damage_healed":0,"gold_gain":0,"player_choice":"Entered Light","damage_taken":20,"max_hp_gain":0,"max_hp_loss":0,"event_name":"Shining Light","floor":4,"gold_loss":0,"cards_upgraded":["Strike_G","Strike_G"]},{"damage_healed":22,"gold_gain":0,"player_choice":"Banana","damage_taken":0,"max_hp_gain":0,"max_hp_loss":0,"event_name":"Big Fish","floor":5,"gold_loss":0},{"damage_healed":0,"gold_gain":0,"player_choice":"Ignored","damage_taken":0,"max_hp_gain":0,"max_hp_loss":0,"event_name":"Liars Game","floor":12,"gold_loss":0},{"damage_healed":0,"gold_gain":0,"player_choice":"Rummage","damage_taken":0,"relics_obtained":["WarpedTongs"],"max_hp_gain":0,"max_hp_loss":0,"event_name":"Accursed Blacksmith","floor":13,"gold_loss":0,"cards_obtained":["Pain"]}],"is_beta":false,"boss_relics":[],"items_purged_floors":[7],"is_endless":false,"potions_floor_spawned":[1,10],"killed_by":"Slime Boss","ascension_level":15}