{"gold_per_floor":[118,30,49,67,77,77,77,103,127,140,175,190,190,64,64,135,135,153,180,50,150,165,165,80,105,105,105,124,134,134,154,154,231,281,292,42,42,54,73,73,73,73,96,96,318,346,365,94,94,94],"floor_reached":51,"playtime":3456,"items_purged":["Strike_R","Strike_R","Strike_R"],"score":1164,"play_id":"b5ed7004-01b3-46e0-8171-2e25325310c1","local_time":"20190707091525","is_ascension_mode":true,"campfire_choices":[{"data":"Disarm","floor":6,"key":"SMITH"},{"floor":13,"key":"REST"},{"floor":15,"key":"REST"},{"data":"Armaments","floor":23,"key":"SMITH"},{"data":"Corruption","floor":27,"key":"SMITH"},{"data":"Feel No Pain","floor":30,"key":"SMITH"},{"data":"True Grit","floor":32,"key":"SMITH"},{"floor":40,"key":"REST"},{"data":"Rampage","floor":42,"key":"SMITH"},{"floor":44,"key":"REST"},{"floor":49,"key":"REST"}],"neow_cost":"TEN_PERCENT_HP_LOSS","seed_source_timestamp":1477440309328,"circlet_count":0,"master_deck":["AscendersBane","Strike_R+1","Strike_R","Defend_R","Defend_R","Defend_R","Defend_R","Bash+1","Disarm+1","Flash of Steel","Battle Trance","Sever Soul","Feel No Pain+1","Armaments+1","Impervious","Second Wind+1","Shockwave","Corruption+1","True Grit+1","Shockwave","Disarm","Shrug It Off","Pummel+1","Offering","Inflame+1","Rampage+1","Inflame","Havoc+1"],"relics":["Burning Blood","Charon\u0027s Ashes","Odd Mushroom","Oddly Smooth Stone","Blood Vial","Runic Pyramid","Red Mask","Gambling Chip","Whetstone","Shuriken","Tiny House","Vajra","Centennial Puzzle","Girya","Pen Nib"],"potions_floor_usage":[4,7,16,19,35,46,50],"damage_taken":[{"damage":3,"enemies":"2 Louse","floor":1,"turns":3},{"damage":1,"enemies":"Cultist","floor":3,"turns":3},{"damage":6,"enemies":"Small Slimes","floor":4,"turns":2},{"damage":13,"enemies":"Blue Slaver","floor":5,"turns":3},{"damage":0,"enemies":"Lagavulin","floor":7,"turns":2},{"damage":23,"enemies":"The Mushroom Lair","floor":8,"turns":4},{"damage":8,"enemies":"Red Slaver","floor":10,"turns":3},{"damage":22,"enemies":"Gremlin Nob","floor":11,"turns":4},{"damage":26,"enemies":"Exordium Wildlife","floor":12,"turns":5},{"damage":19,"enemies":"Slime Boss","floor":16,"turns":10},{"damage":10,"enemies":"2 Thieves","floor":18,"turns":4},{"damage":2,"enemies":"Masked Bandits","floor":19,"turns":4},{"damage":0,"enemies":"Chosen","floor":22,"turns":6},{"damage":12,"enemies":"Gremlin Leader","floor":25,"turns":4},{"damage":0,"enemies":"Snecko","floor":28,"turns":4},{"damage":0,"enemies":"Centurion and Healer","floor":29,"turns":5},{"damage":0,"enemies":"Sentry and Sphere","floor":31,"turns":4},{"damage":44,"enemies":"Automaton","floor":33,"turns":10},{"damage":34,"enemies":"3 Darklings","floor":35,"turns":5},{"damage":6,"enemies":"Orb Walker","floor":38,"turns":4},{"damage":16,"enemies":"Spire Growth","floor":39,"turns":7},{"damage":24,"enemies":"Nemesis","floor":46,"turns":7},{"damage":15,"enemies":"Writhing Mass","floor":47,"turns":7},{"damage":65,"enemies":"Time Eater","floor":50,"turns":15}],"seed_played":"4495237247611171425","potions_obtained":[{"floor":1,"key":"SteroidPotion"},{"floor":3,"key":"SmokeBomb"},{"floor":8,"key":"LiquidBronze"},{"floor":16,"key":"SteroidPotion"},{"floor":19,"key":"FearPotion"},{"floor":29,"key":"Fire Potion"},{"floor":38,"key":"Fire Potion"},{"floor":47,"key":"EssenceOfSteel"}],"is_trial":false,"path_per_floor":["M","$","M","M","M","R","E","?","T","M","E","M","R","$","R","B",null,"M","?","$","?","M","R","?","E","T","R","M","M","R","M","R","B",null,"M","$","?","M","M","R","?","R","T","R","?","E","M","$","R","B",null],"character_chosen":"IRONCLAD","items_purchased":["Flash of Steel","Dexterity Potion","Corruption","True Grit","Vajra","Pen Nib"],"campfire_rested":5,"item_purchase_floors":[2,14,20,20,36,48],"current_hp_per_floor":[68,68,68,68,61,61,67,50,50,48,32,14,34,34,54,43,62,60,66,66,66,68,68,68,62,62,62,68,68,68,68,68,30,64,38,38,31,33,25,46,46,46,46,67,67,51,44,44,65,8],"gold":94,"neow_bonus":"ONE_RARE_RELIC","is_prod":false,"is_daily":false,"chose_seed":false,"campfire_upgraded":6,"win_rate":0,"timestamp":1562505325,"path_taken":["M","$","M","M","M","R","E","?","T","M","E","M","R","$","R","BOSS","M","?","$","?","?","R","?","E","T","R","M","M","R","M","R","BOSS","M","$","?","M","?","R","?","R","T","R","?","E","M","?","R","BOSS"],"build_version":"2019-07-05","purchased_purges":3,"victory":true,"max_hp_per_floor":[68,68,68,68,68,68,68,68,68,68,68,68,68,68,68,68,68,68,68,68,68,68,68,68,68,68,68,68,68,68,68,68,68,73,73,73,73,73,73,73,73,73,73,73,73,73,73,73,73,73],"card_choices":[{"not_picked":["Rampage","Warcry"],"picked":"Disarm","floor":1},{"not_picked":["Rampage","Ghostly Armor"],"picked":"Battle Trance","floor":3},{"not_picked":["Cleave","Metallicize"],"picked":"Sever Soul","floor":4},{"not_picked":["Bloodletting","Body Slam"],"picked":"Feel No Pain","floor":5},{"not_picked":["Hemokinesis","Heavy Blade","Warcry"],"picked":"SKIP","floor":10},{"not_picked":["Carnage","Heavy Blade"],"picked":"Armaments","floor":11},{"not_picked":["Anger","Havoc"],"picked":"Disarm","floor":12},{"not_picked":["Brutality","Double Tap"],"picked":"Impervious","floor":16},{"not_picked":["Havoc","Twin Strike"],"picked":"Second Wind+1","floor":18},{"not_picked":["Searing Blow","Headbutt"],"picked":"Shockwave","floor":19},{"not_picked":["Heavy Blade","Juggernaut"],"picked":"Shockwave","floor":22},{"not_picked":["Flex","Rampage"],"picked":"Disarm","floor":25},{"not_picked":["Flame Barrier","Fire Breathing"],"picked":"Shrug It Off","floor":28},{"not_picked":["Cleave","Twin Strike"],"picked":"Pummel","floor":29},{"not_picked":["Power Through","Thunderclap","True Grit"],"picked":"SKIP","floor":31},{"not_picked":["Demon Form","Juggernaut"],"picked":"Offering","floor":33},{"not_picked":["Shrug It Off+1","Blood for Blood"],"picked":"Inflame+1","floor":35},{"not_picked":["Metallicize","Sword Boomerang"],"picked":"Rampage","floor":38},{"not_picked":["True Grit","Dual Wield","Dropkick"],"picked":"SKIP","floor":39},{"not_picked":["Twin Strike+1","Double Tap"],"picked":"Inflame","floor":46},{"not_picked":["Armaments","Rupture"],"picked":"Havoc+1","floor":47}],"player_experience":459803,"relics_obtained":[{"floor":8,"key":"Odd Mushroom"},{"floor":9,"key":"Oddly Smooth Stone"},{"floor":11,"key":"Blood Vial"},{"floor":19,"key":"Red Mask"},{"floor":25,"key":"Whetstone"},{"floor":26,"key":"Shuriken"},{"floor":43,"key":"Centennial Puzzle"},{"floor":46,"key":"Girya"}],"event_choices":[{"damage_healed":0,"gold_gain":0,"player_choice":"Fought Mushrooms","damage_taken":0,"max_hp_gain":0,"max_hp_loss":0,"event_name":"Mushrooms","floor":8,"gold_loss":0},{"damage_healed":0,"gold_gain":0,"player_choice":"Fought Bandits","damage_taken":0,"max_hp_gain":0,"max_hp_loss":0,"event_name":"Masked Bandits","floor":19,"gold_loss":0},{"damage_healed":0,"gold_gain":100,"player_choice":"Pray","damage_taken":0,"max_hp_gain":0,"max_hp_loss":0,"event_name":"Golden Shrine","floor":21,"gold_loss":0},{"damage_healed":0,"gold_gain":0,"player_choice":"Obtained Relic","damage_taken":0,"relics_obtained":["Gambling Chip"],"max_hp_gain":0,"max_hp_loss":0,"event_name":"Addict","floor":24,"gold_loss":85},{"damage_healed":0,"gold_gain":0,"player_choice":"Damaged","damage_taken":7,"max_hp_gain":0,"max_hp_loss":0,"event_name":"Wheel of Change","floor":37,"gold_loss":0},{"cards_removed":["Disarm"],"damage_healed":0,"gold_gain":0,"player_choice":"Removed Skill","damage_taken":0,"max_hp_gain":0,"max_hp_loss":0,"event_name":"Falling","floor":41,"gold_loss":0},{"damage_healed":0,"gold_gain":222,"player_choice":"Wore Mask","damage_taken":0,"max_hp_gain":0,"max_hp_loss":0,"event_name":"Tomb of Lord Red Mask","floor":45,"gold_loss":0}],"is_beta":false,"boss_relics":[{"not_picked":["Empty Cage","Runic Cube"],"picked":"Runic Pyramid"},{"not_picked":["Black Star","Runic Dome"],"picked":"Tiny House"}],"items_purged_floors":[14,36,48],"is_endless":false,"potions_floor_spawned":[1,3,7,8,16,19,29,33,38,47],"ascension_level":14}