{"gold_per_floor":[118,131,131,142,159,184,184,195,195,195,195,214,228,23,23,127,127,140,157,171,171],"floor_reached":21,"playtime":1664,"items_purged":[],"score":185,"play_id":"5b292b62-f097-4579-af60-302ce24e4b30","local_time":"20190705213225","is_ascension_mode":false,"campfire_choices":[{"floor":7,"key":"REST"},{"floor":11,"key":"REST"},{"data":"Sweeping Beam","floor":15,"key":"SMITH"}],"neow_cost":"NONE","seed_source_timestamp":1148401895809400,"circlet_count":0,"master_deck":["Strike_B","Strike_B","Strike_B+1","Strike_B+1","Defend_B","Defend_B","Defend_B","Defend_B","Dualcast","Sweeping Beam+1","Rebound","Cold Snap","Storm","FTL","Stack","Cold Snap","Redo","Conserve Battery","Multi-Cast","Leap","Sweeping Beam"],"relics":["Cracked Core","Ornamental Fan","Omamori","Pen Nib","Lee\u0027s Waffle","Inserter"],"potions_floor_usage":[6,16],"damage_taken":[{"damage":1,"enemies":"Jaw Worm","floor":1,"turns":4},{"damage":0,"enemies":"2 Louse","floor":2,"turns":1},{"damage":3,"enemies":"Small Slimes","floor":4,"turns":2},{"damage":18,"enemies":"3 Louse","floor":5,"turns":3},{"damage":38,"enemies":"Gremlin Nob","floor":6,"turns":5},{"damage":4,"enemies":"Exordium Wildlife","floor":8,"turns":5},{"damage":3,"enemies":"2 Fungi Beasts","floor":12,"turns":3},{"damage":12,"enemies":"3 Louse","floor":13,"turns":3},{"damage":41,"enemies":"Hexaghost","floor":16,"turns":11},{"damage":15,"enemies":"Spheric Guardian","floor":18,"turns":6},{"damage":1,"enemies":"Shell Parasite","floor":19,"turns":9},{"damage":35,"enemies":"Snake Plant","floor":20,"turns":6},{"damage":45,"enemies":"3 Cultists","floor":21,"turns":6}],"seed_played":"-4945241972172196350","potions_obtained":[{"floor":1,"key":"Regen Potion"},{"floor":6,"key":"AttackPotion"},{"floor":8,"key":"Strength Potion"},{"floor":12,"key":"Ancient Potion"},{"floor":19,"key":"LiquidBronze"}],"is_trial":false,"path_per_floor":["M","M","?","M","M","E","R","M","T","?","R","M","M","$","R","B",null,"M","M","M","M"],"character_chosen":"DEFECT","items_purchased":["Lee\u0027s Waffle"],"campfire_rested":2,"item_purchase_floors":[14],"current_hp_per_floor":[74,74,62,59,41,17,39,35,35,20,42,39,27,82,82,41,82,67,66,31,0],"gold":171,"neow_bonus":"TRANSFORM_CARD","is_prod":false,"is_daily":false,"chose_seed":false,"campfire_upgraded":1,"win_rate":0.0,"timestamp":1562387545,"path_taken":["M","M","?","M","M","E","R","M","T","?","R","M","M","?","R","BOSS","M","M","M","M"],"build_version":"2019-07-05","purchased_purges":0,"victory":false,"max_hp_per_floor":[75,75,75,75,75,75,75,75,75,75,75,75,75,82,82,82,82,82,82,82,82],"card_choices":[{"not_picked":["Steam","Cold Snap"],"picked":"Rebound","floor":1},{"not_picked":["Rebound","Compile Driver"],"picked":"Cold Snap","floor":2},{"not_picked":["Beam Cell","Streamline"],"picked":"Storm","floor":4},{"not_picked":["Chaos","Cold Snap"],"picked":"FTL","floor":5},{"not_picked":["Steam","Darkness"],"picked":"Stack","floor":6},{"not_picked":["Redo","Beam Cell"],"picked":"Cold Snap","floor":8},{"not_picked":["FTL","BootSequence"],"picked":"Redo","floor":12},{"not_picked":["Coolheaded","Compile Driver"],"picked":"Conserve Battery","floor":13},{"not_picked":["Seek","Reboot"],"picked":"Multi-Cast","floor":16},{"not_picked":["Stack","Redo","Streamline"],"picked":"SKIP","floor":18},{"not_picked":["Steam+1","Stack"],"picked":"Leap","floor":19},{"not_picked":["Gash","Genetic Algorithm"],"picked":"Sweeping Beam","floor":20}],"player_experience":131209,"relics_obtained":[{"floor":6,"key":"Omamori"},{"floor":9,"key":"Pen Nib"}],"event_choices":[{"damage_healed":0,"gold_gain":0,"player_choice":"Success","damage_taken":12,"relics_obtained":["Ornamental Fan"],"max_hp_gain":0,"max_hp_loss":0,"event_name":"Scrap Ooze","floor":3,"gold_loss":0},{"damage_healed":0,"gold_gain":0,"player_choice":"Entered Light","damage_taken":15,"max_hp_gain":0,"max_hp_loss":0,"event_name":"Shining Light","floor":10,"gold_loss":0,"cards_upgraded":["Strike_B","Strike_B"]}],"is_beta":false,"boss_relics":[{"not_picked":["Coffee Dripper","Sozu"],"picked":"Inserter"}],"items_purged_floors":[],"is_endless":false,"potions_floor_spawned":[1,6,8,12,19],"killed_by":"3 Cultists","ascension_level":0}