{"gold_per_floor":[113,59,59,70,81,115,115,140,140,140,151,151,151,151,151,246,246,262,262,262,43,43,43,59,77,129,129,156,171,190,201,201,300,300,314,314,15,28,45,45,72,72,72,22,47,47,47,58,58,58],"floor_reached":50,"playtime":7102,"items_purged":["Strike_G","Defend_G","Flying Knee"],"score":553,"play_id":"a9cce5bd-32fb-4d5f-b8b7-e67c19c517a5","local_time":"20180625150906","is_ascension_mode":false,"campfire_choices":[{"floor":7,"key":"REST"},{"floor":10,"key":"REST"},{"floor":13,"key":"REST"},{"data":"Adrenaline","floor":15,"key":"SMITH"},{"floor":23,"key":"REST"},{"floor":27,"key":"REST"},{"floor":32,"key":"REST"},{"data":"Footwork","floor":40,"key":"SMITH"},{"floor":42,"key":"REST"},{"floor":46,"key":"REST"},{"data":"After Image","floor":49,"key":"SMITH"}],"neow_cost":"NONE","seed_source_timestamp":647947081790758,"circlet_count":0,"master_deck":["Defend_G","Defend_G+1","Defend_G+1","Survivor","Neutralize","Footwork+1","Acrobatics","Outmaneuver","Sucker Punch","Deflect","Adrenaline+1","Flechettes","Tools of the Trade","RitualDagger","Predator+1","Infinite Blades","Flying Knee","Dagger Throw","After Image+1","Flying Knee+1","Bullet Time","Apotheosis","Backstab+1","Writhe","Skewer+1"],"relics":["Black Star","Potion Belt","Pen Nib","Centennial Puzzle","Matryoshka","Pear","Happy Flower","Busted Crown","War Paint","Blood Vial","Juzu Bracelet","Bottled Flame","Bottled Lightning","Empty Cage","Anchor","Strawberry","Smiling Mask","Darkstone Periapt","Mummified Hand"],"potions_floor_usage":[6,6,16,28,31,33,33,50],"damage_taken":[{"damage":0,"enemies":"Jaw Worm","floor":1,"turns":5},{"damage":0,"enemies":"Small Slimes","floor":4,"turns":6},{"damage":0,"enemies":"Cultist","floor":5,"turns":8},{"damage":64,"enemies":"Gremlin Nob","floor":6,"turns":7},{"damage":17,"enemies":"3 Sentries","floor":8,"turns":14},{"damage":12,"enemies":"Exordium Wildlife","floor":11,"turns":4},{"damage":49,"enemies":"The Guardian","floor":16,"turns":21},{"damage":24,"enemies":"3 Byrds","floor":18,"turns":8},{"damage":6,"enemies":"Shell Parasite","floor":24,"turns":8},{"damage":12,"enemies":"Centurion and Healer","floor":25,"turns":7},{"damage":2,"enemies":"Book of Stabbing","floor":28,"turns":9},{"damage":11,"enemies":"Chosen and Byrds","floor":29,"turns":5},{"damage":9,"enemies":"Snake Plant","floor":30,"turns":4},{"damage":0,"enemies":"Snecko","floor":31,"turns":4},{"damage":79,"enemies":"Champ","floor":33,"turns":13},{"damage":0,"enemies":"3 Darklings","floor":35,"turns":6},{"damage":9,"enemies":"Orb Walker","floor":38,"turns":3},{"damage":13,"enemies":"4 Shapes","floor":39,"turns":7},{"damage":31,"enemies":"Nemesis","floor":41,"turns":7},{"damage":38,"enemies":"2 Orb Walkers","floor":45,"turns":6},{"damage":7,"enemies":"3 Darklings","floor":48,"turns":5},{"damage":100,"enemies":"Awakened One","floor":50,"turns":13}],"seed_played":"951594921628242917","potions_obtained":[{"floor":1,"key":"GamblersBrew"},{"floor":5,"key":"AttackPotion"},{"floor":8,"key":"Ancient Potion"},{"floor":16,"key":"SkillPotion"},{"floor":18,"key":"Dexterity Potion"},{"floor":25,"key":"Weak Potion"},{"floor":30,"key":"GhostInAJar"},{"floor":38,"key":"Strength Potion"},{"floor":41,"key":"SteroidPotion"}],"is_trial":false,"path_per_floor":["M","$","?","M","M","E","R","E","T","R","M","?","R","?","R","B",null,"M","?","?","$","$","R","M","M","T","R","E","M","M","M","R","B",null,"M","?","$","M","M","R","E","R","T","$","E","R","?","M","R"],"character_chosen":"THE_SILENT","items_purchased":["Acrobatics","War Paint","Apotheosis"],"campfire_rested":8,"item_purchase_floors":[2,21,37],"current_hp_per_floor":[70,70,70,70,70,6,27,10,20,44,32,32,56,56,56,7,80,56,50,35,35,35,60,54,42,42,67,67,58,51,53,78,1,85,85,85,85,76,65,65,43,70,70,70,34,61,90,85,85,0],"gold":58,"neow_bonus":"BOSS_RELIC","is_prod":false,"is_daily":false,"chose_seed":false,"campfire_upgraded":3,"win_rate":0,"timestamp":1529953746,"path_taken":["M","$","?","?","M","E","R","E","T","R","M","?","R","?","R","BOSS","M","?","?","?","$","R","M","M","T","R","E","M","M","M","R","BOSS","M","?","$","M","M","R","E","R","T","$","E","R","?","M","R","BOSS"],"build_version":"2018-06-21v2","purchased_purges":3,"victory":false,"max_hp_per_floor":[70,70,70,70,70,70,70,70,80,80,80,80,80,80,80,80,80,80,80,85,85,85,85,85,85,85,85,85,85,85,85,85,85,85,85,85,85,85,85,85,92,92,92,92,92,92,98,98,98,98],"card_choices":[{"not_picked":["Catalyst","PiercingWail"],"picked":"Footwork","floor":1},{"not_picked":["Bouncing Flask","Calculated Gamble"],"picked":"Outmaneuver","floor":4},{"not_picked":["Dodge and Roll","Calculated Gamble"],"picked":"Sucker Punch","floor":5},{"not_picked":["Outmaneuver","Deadly Poison"],"picked":"Deflect","floor":6},{"not_picked":["Heel Hook","Underhanded Strike"],"picked":"Adrenaline","floor":8},{"not_picked":["Underhanded Strike","Deadly Poison"],"picked":"Flechettes","floor":11},{"not_picked":["Tactician","Burst"],"picked":"Tools of the Trade","floor":16},{"not_picked":[],"picked":"Flying Knee","floor":18},{"not_picked":[],"picked":"Predator+1","floor":24},{"not_picked":["PiercingWail"],"picked":"SKIP","floor":25},{"not_picked":[],"picked":"Infinite Blades","floor":28},{"not_picked":[],"picked":"Flying Knee","floor":29},{"not_picked":["Masterful Stab"],"picked":"SKIP","floor":30},{"not_picked":[],"picked":"Dagger Throw","floor":31},{"not_picked":[],"picked":"After Image","floor":33},{"not_picked":[],"picked":"Flying Knee+1","floor":35},{"not_picked":["Blade Dance"],"picked":"SKIP","floor":38},{"not_picked":["PiercingWail"],"picked":"SKIP","floor":39},{"not_picked":["Corpse Explosion"],"picked":"SKIP","floor":41},{"not_picked":[],"picked":"Backstab+1","floor":45},{"not_picked":[],"picked":"Skewer+1","floor":48}],"player_experience":45724,"relics_obtained":[{"floor":6,"key":"Potion Belt"},{"floor":6,"key":"Pen Nib"},{"floor":8,"key":"Centennial Puzzle"},{"floor":8,"key":"Matryoshka"},{"floor":9,"key":"Pear"},{"floor":9,"key":"Happy Flower"},{"floor":26,"key":"Blood Vial"},{"floor":26,"key":"Juzu Bracelet"},{"floor":28,"key":"Bottled Flame"},{"floor":28,"key":"Bottled Lightning"},{"floor":41,"key":"Anchor"},{"floor":41,"key":"Strawberry"},{"floor":43,"key":"Smiling Mask"},{"floor":45,"key":"Darkstone Periapt"},{"floor":45,"key":"Mummified Hand"}],"event_choices":[{"event_name":"Living Wall","player_choice":"Forget","floor":3,"damage_taken":0},{"event_name":"Bonfire Elementals","player_choice":"BASIC","floor":12,"damage_taken":0},{"event_name":"Scrap Ooze","player_choice":"unsuccessful","floor":14,"damage_taken":0},{"event_name":"Nest","player_choice":"Joined the Cult","floor":19,"damage_taken":0},{"event_name":"Forgotten Altar","player_choice":"Shed Blood","floor":20,"damage_taken":0},{"event_name":"Transmorgrifier","player_choice":"Transform","floor":36,"damage_taken":0},{"event_name":"Winding Halls","player_choice":"Writhe","floor":47,"damage_taken":0}],"boss_relics":[{"not_picked":["Philosopher\u0027s Stone","Tiny House"],"picked":"Busted Crown"},{"not_picked":["White Beast Statue","Orrery"],"picked":"Empty Cage"}],"items_purged_floors":[21,37,44],"is_endless":false,"potions_floor_spawned":[1,5,8,16,18,25,30,38,41],"killed_by":"Awakened One","ascension_level":0}