{"gold_per_floor":[118,118,293,311,311,336,261,261,261,277,302,321,78,92,92,92],"floor_reached":16,"playtime":1187,"items_purged":["Strike_G","Strike_G"],"score":116,"play_id":"d7c1af78-30c9-41e8-ac73-ed636b734d39","local_time":"20180629134415","is_ascension_mode":true,"campfire_choices":[{"floor":8,"key":"REST"},{"floor":15,"key":"REST"}],"neow_cost":"NONE","seed_source_timestamp":155782373512695,"circlet_count":0,"master_deck":["Defend_G","Defend_G","Defend_G","Defend_G","Defend_G","Strike_G","Strike_G","Strike_G","Survivor","Neutralize","Quick Slash","Acrobatics","Quick Slash","Flying Knee","Tactician","Acrobatics","PiercingWail"],"relics":["Fusion Hammer","Tough Bandages","Pantograph","Regal Pillow","Oddly Smooth Stone"],"potions_floor_usage":[6,12,16],"damage_taken":[{"damage":1,"enemies":"2 Louse","floor":1,"turns":4},{"damage":6,"enemies":"Small Slimes","floor":4,"turns":3},{"damage":22,"enemies":"Lagavulin","floor":6,"turns":8},{"damage":1,"enemies":"Jaw Worm","floor":10,"turns":3},{"damage":11,"enemies":"3 Sentries","floor":11,"turns":8},{"damage":9,"enemies":"Gremlin Gang","floor":12,"turns":6},{"damage":0,"enemies":"Large Slime","floor":14,"turns":4},{"damage":76,"enemies":"Hexaghost","floor":16,"turns":18}],"seed_played":"185620288995033807","potions_obtained":[{"floor":1,"key":"AttackPotion"},{"floor":11,"key":"Block Potion"},{"floor":14,"key":"GamblersBrew"}],"is_trial":false,"path_per_floor":["M","?","?","M","?","E","$","R","T","M","E","M","$","M","R"],"character_chosen":"THE_SILENT","items_purchased":["Oddly Smooth Stone"],"campfire_rested":2,"item_purchase_floors":[13],"current_hp_per_floor":[69,74,74,68,68,46,46,68,68,67,56,47,47,47,75,0],"gold":92,"neow_bonus":"BOSS_RELIC","is_prod":false,"is_daily":false,"chose_seed":false,"campfire_upgraded":0,"win_rate":0,"timestamp":1530297855,"path_taken":["M","?","?","M","?","E","$","R","T","M","E","?","$","M","R","BOSS"],"build_version":"2018-06-28","purchased_purges":2,"victory":false,"max_hp_per_floor":[70,75,75,75,75,75,75,75,75,75,75,75,75,75,75,75],"card_choices":[{"not_picked":["Cloak And Dagger","Endless Agony"],"picked":"Quick Slash","floor":1},{"not_picked":["Deflect","Deadly Poison"],"picked":"Acrobatics","floor":4},{"not_picked":["Caltrops","Deflect"],"picked":"Quick Slash","floor":6},{"not_picked":["Blade Dance","Acrobatics"],"picked":"Flying Knee","floor":10},{"not_picked":["Deadly Poison","Leg Sweep"],"picked":"Tactician","floor":11},{"not_picked":["Escape Plan","Predator"],"picked":"Acrobatics","floor":12},{"not_picked":["Crippling Poison","Poisoned Stab"],"picked":"PiercingWail","floor":14}],"player_experience":113621,"relics_obtained":[{"floor":6,"key":"Tough Bandages"},{"floor":9,"key":"Pantograph"},{"floor":11,"key":"Regal Pillow"}],"event_choices":[{"event_name":"Big Fish","player_choice":"Donut","floor":2,"damage_taken":0},{"event_name":"Liars Game","player_choice":"agreed","floor":3,"damage_taken":0},{"event_name":"Living Wall","player_choice":"Forget","floor":5,"damage_taken":0}],"boss_relics":[],"items_purged_floors":[7,13],"is_endless":false,"potions_floor_spawned":[1,11,14],"killed_by":"Hexaghost","ascension_level":1}