{"gold_per_floor":[117,129,129,19,19,19,19,19,19,19,19,44,44,44,44,137,137,156,12,36,0,0,0,0,0,54,54,54,73,94,113,113,208,208,231,247,21,39,0,0,31,31,31,31,47,47,72,86,86,86],"floor_reached":50,"playtime":5365,"items_purged":["Strike_B"],"score":813,"play_id":"100b0223-e0f8-4949-98b5-7bd950b83e65","local_time":"20190717081340","is_ascension_mode":true,"campfire_choices":[{"data":"Zap","floor":6,"key":"SMITH"},{"floor":8,"key":"REST"},{"data":"Leap","floor":10,"key":"SMITH"},{"data":"Conserve Battery","floor":13,"key":"SMITH"},{"data":"Dualcast","floor":15,"key":"SMITH"},{"data":"Echo Form","floor":23,"key":"SMITH"},{"data":"Sweeping Beam","floor":25,"key":"SMITH"},{"data":"Glacier","floor":28,"key":"SMITH"},{"floor":32,"key":"REST"},{"data":"Sunder","floor":40,"key":"SMITH"},{"floor":42,"key":"REST"},{"floor":49,"key":"REST"}],"neow_cost":"NONE","seed_source_timestamp":81246990313760,"circlet_count":0,"master_deck":["AscendersBane","Defend_B+1","Defend_B+1","Zap+1","Dualcast+1","Conserve Battery+1","Leap+1","Self Repair+1","Sweeping Beam+1","Echo Form+1","Steam+1","Force Field+1","Glacier+1","Gash+1","Doom and Gloom","Chill","Creative AI","Sunder+1","Redo","Defragment","Turbo+1","Scrape+1","Master of Strategy","The Bomb","Self Repair+1","Coolheaded"],"relics":["Cracked Core","Ancient Tea Set","Vajra","Golden Idol","WingedGreaves","Astrolabe","Art of War","War Paint","Sozu","Strawberry","Red Mask","Pen Nib"],"potions_floor_usage":[24,33,48,50],"damage_taken":[{"damage":1,"enemies":"Cultist","floor":1,"turns":3},{"damage":0,"enemies":"Jaw Worm","floor":2,"turns":4},{"damage":0,"enemies":"2 Louse","floor":12,"turns":2},{"damage":35,"enemies":"The Guardian","floor":16,"turns":15},{"damage":17,"enemies":"Spheric Guardian","floor":18,"turns":9},{"damage":18,"enemies":"3 Byrds","floor":20,"turns":5},{"damage":23,"enemies":"Slavers","floor":24,"turns":3},{"damage":1,"enemies":"Snake Plant","floor":29,"turns":9},{"damage":9,"enemies":"Sentry and Sphere","floor":30,"turns":10},{"damage":37,"enemies":"Centurion and Healer","floor":31,"turns":9},{"damage":18,"enemies":"Collector","floor":33,"turns":8},{"damage":16,"enemies":"3 Shapes","floor":35,"turns":5},{"damage":12,"enemies":"3 Darklings","floor":36,"turns":8},{"damage":14,"enemies":"Maw","floor":38,"turns":9},{"damage":45,"enemies":"Nemesis","floor":41,"turns":15},{"damage":15,"enemies":"Spire Growth","floor":45,"turns":7},{"damage":22,"enemies":"Jaw Worm Horde","floor":47,"turns":5},{"damage":17,"enemies":"Transient","floor":48,"turns":5},{"damage":51,"enemies":"Awakened One","floor":50,"turns":12}],"seed_played":"1994928948678727644","potions_obtained":[{"floor":2,"key":"Ancient Potion"},{"floor":16,"key":"SmokeBomb"},{"floor":18,"key":"LiquidBronze"},{"floor":29,"key":"PowerPotion"},{"floor":33,"key":"AttackPotion"}],"is_trial":false,"path_per_floor":["M","M","?","$","?","R","?","R","T","R","?","M","R","$","R","B",null,"M","$","M","?","?","R","E","R","T","?","R","M","M","M","R","B",null,"M","M","$","M","?","R","E","R","T","?","M","?","M","M","R","B"],"character_chosen":"DEFECT","items_purchased":["Self Repair","Art of War","Defragment","Strawberry"],"campfire_rested":4,"item_purchase_floors":[4,19,37,37],"current_hp_per_floor":[63,63,51,51,51,51,38,57,57,57,57,66,66,66,66,41,60,53,53,45,45,45,45,42,42,42,42,42,51,52,35,54,46,61,65,66,73,69,69,69,34,55,55,55,40,35,23,16,37,0],"gold":86,"neow_bonus":"RANDOM_COMMON_RELIC","is_prod":false,"is_daily":false,"chose_seed":false,"campfire_upgraded":8,"win_rate":0,"timestamp":1563365620,"path_taken":["M","M","?","$","?","R","?","R","T","R","?","?","R","?","R","BOSS","M","$","M","?","?","R","E","R","T","?","R","M","?","M","R","BOSS","M","M","$","M","?","R","E","R","T","?","M","?","?","M","R","BOSS"],"build_version":"2019-07-05","purchased_purges":1,"victory":false,"max_hp_per_floor":[71,71,71,71,66,66,66,66,66,66,66,66,66,66,66,66,66,66,66,66,66,66,66,66,66,66,66,66,66,66,66,66,66,66,66,66,73,73,73,73,73,73,73,73,73,73,73,73,73,73],"card_choices":[{"not_picked":["Compile Driver","Reprogram"],"picked":"Conserve Battery","floor":1},{"not_picked":["Reprogram","Sweeping Beam"],"picked":"Leap","floor":2},{"not_picked":["Consume","Storm"],"picked":"Sweeping Beam","floor":12},{"not_picked":["Core Surge","Seek"],"picked":"Echo Form","floor":16},{"not_picked":["Skim+1","Compile Driver"],"picked":"Rebound","floor":18},{"not_picked":["Lockon","Ball Lightning","Conserve Battery"],"picked":"SKIP","floor":20},{"not_picked":["Go for the Eyes+1","Buffer"],"picked":"Gash+1","floor":29},{"not_picked":["Capacitor","White Noise"],"picked":"Doom and Gloom","floor":30},{"not_picked":["Sweeping Beam","Genetic Algorithm"],"picked":"Chill","floor":31},{"not_picked":["Echo Form","Rainbow"],"picked":"Creative AI","floor":33},{"not_picked":["Undo+1","Leap+1"],"picked":"Sunder","floor":35},{"not_picked":["Fusion","Turbo+1"],"picked":"Redo","floor":36},{"not_picked":["Leap","Beam Cell+1"],"picked":"Turbo+1","floor":38},{"not_picked":["Tempest","Aggregate"],"picked":"Scrape+1","floor":41},{"not_picked":["Streamline","Double Energy","Beam Cell"],"picked":"SKIP","floor":45},{"not_picked":["Mind Blast","Secret Weapon"],"picked":"Master of Strategy","floor":46},{"not_picked":["PanicButton","Apotheosis"],"picked":"The Bomb","floor":46},{"not_picked":["Barrage","Chill"],"picked":"Self Repair+1","floor":47},{"not_picked":["Fusion","Sweeping Beam"],"picked":"Coolheaded","floor":48}],"player_experience":543743,"relics_obtained":[{"floor":9,"key":"WingedGreaves"},{"floor":26,"key":"War Paint"},{"floor":41,"key":"Pen Nib"}],"event_choices":[{"damage_healed":0,"gold_gain":0,"player_choice":"Success","damage_taken":12,"relics_obtained":["Vajra"],"max_hp_gain":0,"max_hp_loss":0,"event_name":"Scrap Ooze","floor":3,"gold_loss":0},{"damage_healed":0,"gold_gain":0,"player_choice":"Lose Max HP","damage_taken":0,"relics_obtained":["Golden Idol"],"max_hp_gain":0,"max_hp_loss":5,"event_name":"Golden Idol","floor":5,"gold_loss":0},{"damage_healed":0,"gold_gain":0,"player_choice":"Entered Light","damage_taken":13,"max_hp_gain":0,"max_hp_loss":0,"event_name":"Shining Light","floor":7,"gold_loss":0,"cards_upgraded":["Strike_B","Self Repair"]},{"cards_removed":["Strike_B"],"damage_healed":0,"gold_gain":0,"player_choice":"Forget","damage_taken":0,"max_hp_gain":0,"max_hp_loss":0,"event_name":"Living Wall","floor":11,"gold_loss":0},{"damage_healed":0,"gold_gain":0,"player_choice":"Paid Fearfully","damage_taken":0,"max_hp_gain":0,"max_hp_loss":0,"event_name":"Masked Bandits","floor":21,"gold_loss":36},{"cards_removed":["Defend_B"],"damage_healed":0,"gold_gain":0,"player_choice":"Elegance","damage_taken":0,"max_hp_gain":0,"max_hp_loss":0,"event_name":"Back to Basics","floor":22,"gold_loss":0},{"damage_healed":0,"gold_gain":0,"cards_transformed":["Rebound"],"player_choice":"Transformed","damage_taken":0,"max_hp_gain":0,"max_hp_loss":0,"event_name":"Transmorgrifier","floor":27,"gold_loss":0,"cards_obtained":["Glacier"]},{"damage_healed":0,"gold_gain":0,"player_choice":"Paid","damage_taken":0,"relics_obtained":["Red Mask"],"max_hp_gain":0,"max_hp_loss":0,"event_name":"Tomb of Lord Red Mask","floor":39,"gold_loss":39},{"cards_removed":["Auto Shields"],"damage_healed":0,"gold_gain":0,"player_choice":"Removed Skill","damage_taken":0,"max_hp_gain":0,"max_hp_loss":0,"event_name":"Falling","floor":44,"gold_loss":0},{"damage_healed":0,"gold_gain":0,"player_choice":"Memory 2","damage_taken":5,"max_hp_gain":0,"max_hp_loss":0,"event_name":"SensoryStone","floor":46,"gold_loss":0}],"is_beta":false,"boss_relics":[{"not_picked":["Lizard Tail","Black Star"],"picked":"Astrolabe"},{"not_picked":["Runic Pyramid","Coffee Dripper"],"picked":"Sozu"}],"items_purged_floors":[4],"is_endless":false,"potions_floor_spawned":[2,16,18,29,30,33,35,38,45,48],"killed_by":"Awakened One","ascension_level":14}