{"gold_per_floor":[116,41,41,61,82,82,101,132,155,155,179,179,219,240,240,240],"floor_reached":16,"playtime":674,"items_purged":["Strike_G"],"score":196,"play_id":"f0fe4112-c294-4e7e-9348-86702ab78c11","local_time":"20181021125846","is_ascension_mode":true,"campfire_choices":[{"data":"Neutralize","floor":6,"key":"SMITH"},{"data":"Cloak And Dagger","floor":10,"key":"SMITH"},{"data":"Crippling Poison","floor":12,"key":"SMITH"},{"data":"Finisher","floor":15,"key":"SMITH"}],"neow_cost":"NONE","seed_source_timestamp":233380780581620,"circlet_count":0,"master_deck":["Defend_G+1","Defend_G","Defend_G","Defend_G","Defend_G","Strike_G","Strike_G","Strike_G","Strike_G","Survivor","Neutralize+1","AscendersBane","Dodge and Roll+1","Endless Agony","Cloak And Dagger+1","Finisher+1","Flying Knee","Crippling Poison+1","Calculated Gamble"],"relics":["Ring of the Snake","Bag of Marbles","Golden Idol","Centennial Puzzle","War Paint","Blood Vial"],"potions_floor_usage":[4,8,13,16],"damage_taken":[{"damage":4,"enemies":"Cultist","floor":1,"turns":3},{"damage":6,"enemies":"Jaw Worm","floor":4,"turns":7},{"damage":1,"enemies":"2 Louse","floor":5,"turns":4},{"damage":0,"enemies":"2 Fungi Beasts","floor":7,"turns":4},{"damage":27,"enemies":"Lagavulin","floor":8,"turns":11},{"damage":2,"enemies":"Gremlin Gang","floor":11,"turns":4},{"damage":1,"enemies":"3 Sentries","floor":13,"turns":5},{"damage":0,"enemies":"Red Slaver","floor":14,"turns":3},{"damage":16,"enemies":"Slime Boss","floor":16,"turns":6}],"seed_played":"-8150610578659754417","potions_obtained":[{"floor":1,"key":"Regen Potion"},{"floor":7,"key":"Energy Potion"},{"floor":11,"key":"Poison Potion"},{"floor":13,"key":"SteroidPotion"}],"is_trial":false,"path_per_floor":["M","$","?","M","M","R","M","E","T","R","M","R","E","M","R"],"character_chosen":"THE_SILENT","items_purchased":[],"campfire_rested":0,"item_purchase_floors":[],"current_hp_per_floor":[55,55,32,41,40,40,40,13,13,13,11,11,10,12,12,0],"gold":240,"neow_bonus":"RANDOM_COMMON_RELIC","is_prod":false,"is_daily":false,"chose_seed":false,"campfire_upgraded":4,"win_rate":0,"timestamp":1540141126,"path_taken":["M","$","?","?","M","R","M","E","T","R","M","R","E","M","R","BOSS"],"build_version":"2018-10-18","purchased_purges":1,"victory":false,"max_hp_per_floor":[66,66,66,66,66,66,66,66,66,66,66,66,66,66,66,66],"card_choices":[{"not_picked":["Caltrops","Heel Hook"],"picked":"Dodge and Roll","floor":1},{"not_picked":["Deflect","Distraction"],"picked":"Endless Agony","floor":4},{"not_picked":["Prepared","Blade Dance"],"picked":"Cloak And Dagger","floor":5},{"not_picked":["Sucker Punch","Deflect"],"picked":"Finisher","floor":7},{"not_picked":["Slice","Distraction"],"picked":"Flying Knee","floor":8},{"not_picked":["Poisoned Stab","Outmaneuver"],"picked":"Crippling Poison","floor":11},{"not_picked":["Riddle With Holes","Outmaneuver","Flying Knee"],"picked":"SKIP","floor":13},{"not_picked":["Flying Knee","PiercingWail"],"picked":"Calculated Gamble","floor":14}],"player_experience":945877,"relics_obtained":[{"floor":8,"key":"Centennial Puzzle"},{"floor":9,"key":"War Paint"},{"floor":13,"key":"Blood Vial"}],"event_choices":[{"damage_healed":0,"gold_gain":0,"player_choice":"Take Damage","damage_taken":23,"relics_obtained":["Golden Idol"],"max_hp_gain":0,"max_hp_loss":0,"event_name":"Golden Idol","floor":3,"gold_loss":0}],"is_beta":false,"boss_relics":[],"items_purged_floors":[2],"is_endless":false,"potions_floor_spawned":[1,7,11,13],"killed_by":"Slime Boss","ascension_level":15}