{"gold_per_floor":[365,376,33,48,62,62,94,94,94,122,197,197,258,326,326,326],"floor_reached":16,"playtime":556,"items_purged":[],"score":189,"play_id":"5468ec8f-c384-4ead-abd4-1454a8c5ab61","local_time":"20181016205734","is_ascension_mode":true,"campfire_choices":[{"data":"Forethought","floor":6,"key":"SMITH"},{"data":"Bash","floor":8,"key":"SMITH"},{"data":"Feel No Pain","floor":12,"key":"SMITH"},{"data":"True Grit","floor":15,"key":"SMITH"}],"neow_cost":"PERCENT_DAMAGE","seed_source_timestamp":539151106073772,"circlet_count":0,"master_deck":["Strike_R","Strike_R","Strike_R","Strike_R","Strike_R","Defend_R","Defend_R","Defend_R","Defend_R","Bash+1","AscendersBane","Clothesline","Dropkick","Pommel Strike","Forethought+1","Battle Trance","Headbutt","Combust","Dual Wield","Feel No Pain+1","True Grit+1"],"relics":["Burning Blood","Bronze Scales","Bottled Lightning","WingedGreaves","Thread and Needle","Happy Flower"],"potions_floor_usage":[7,13],"damage_taken":[{"damage":8,"enemies":"2 Louse","floor":1,"turns":3},{"damage":0,"enemies":"Small Slimes","floor":2,"turns":5},{"damage":1,"enemies":"Cultist","floor":4,"turns":3},{"damage":9,"enemies":"Exordium Wildlife","floor":5,"turns":3},{"damage":20,"enemies":"3 Sentries","floor":7,"turns":6},{"damage":8,"enemies":"Gremlin Nob","floor":10,"turns":3},{"damage":21,"enemies":"3 Sentries","floor":13,"turns":5},{"damage":34,"enemies":"Slime Boss","floor":16,"turns":3}],"seed_played":"653023521099105081","potions_obtained":[{"floor":4,"key":"Weak Potion"},{"floor":5,"key":"SpeedPotion"},{"floor":13,"key":"SpeedPotion"}],"is_trial":false,"path_per_floor":["M","M","$","M","M","R","E","R","T","E","?","R","?","?","R"],"character_chosen":"IRONCLAD","items_purchased":["Pommel Strike","Bronze Scales","Forethought","Battle Trance"],"campfire_rested":0,"item_purchase_floors":[3,3,3,3],"current_hp_per_floor":[48,54,54,59,56,56,42,42,42,40,29,29,14,14,14,0],"gold":326,"neow_bonus":"TWO_FIFTY_GOLD","is_prod":false,"is_daily":false,"chose_seed":false,"campfire_upgraded":4,"win_rate":0,"timestamp":1539737854,"path_taken":["M","M","$","M","M","R","E","R","T","E","?","R","?","?","R","BOSS"],"build_version":"2018-10-11","purchased_purges":0,"victory":false,"max_hp_per_floor":[75,75,75,75,75,75,75,75,75,75,75,75,75,75,75,75],"card_choices":[{"not_picked":["Clash","Dual Wield"],"picked":"Clothesline","floor":1},{"not_picked":["True Grit","Second Wind"],"picked":"Dropkick","floor":2},{"not_picked":["Heavy Blade","Burning Pact"],"picked":"Headbutt","floor":4},{"not_picked":["Seeing Red","Clothesline"],"picked":"Combust","floor":5},{"not_picked":["Headbutt","Cleave"],"picked":"Dual Wield","floor":7},{"not_picked":["Clothesline","Bloodletting"],"picked":"Feel No Pain","floor":10},{"not_picked":["Bloodletting","Flex"],"picked":"True Grit","floor":13}],"player_experience":905007,"relics_obtained":[{"floor":7,"key":"Bottled Lightning"},{"floor":9,"key":"WingedGreaves"},{"floor":10,"key":"Thread and Needle"},{"floor":13,"key":"Happy Flower"}],"event_choices":[{"event_name":"World of Goop","player_choice":"Gather Gold","floor":11,"damage_taken":0},{"event_name":"Dead Adventurer","player_choice":"Searched \u00271\u0027 times","floor":13,"damage_taken":0},{"event_name":"Golden Wing","player_choice":"Gained Gold","floor":14,"damage_taken":0}],"is_beta":false,"boss_relics":[],"items_purged_floors":[],"is_endless":false,"potions_floor_spawned":[4,5,13],"killed_by":"Slime Boss","ascension_level":15}