{"gold_per_floor":[117,117,132,30,50,80,80,80,80,80,96,96,108,108,108,185,185,205,39,39,36,36,36,36,36,60,60,92,92],"floor_reached":29,"playtime":1535,"items_purged":[],"score":438,"play_id":"4f8ca4bc-8f5e-4676-bca1-a009667b8d7f","local_time":"20181117135926","is_ascension_mode":true,"campfire_choices":[{"data":"Neutralize","floor":8,"key":"SMITH"},{"data":"Cloak And Dagger","floor":10,"key":"SMITH"},{"data":"Deadly Poison","floor":12,"key":"SMITH"},{"floor":15,"key":"REST"},{"floor":23,"key":"REST"},{"data":"Footwork","floor":25,"key":"SMITH"},{"data":"Tools of the Trade","floor":27,"key":"SMITH"}],"neow_cost":"NONE","seed_source_timestamp":265552968729263,"circlet_count":0,"master_deck":["AscendersBane","Defend_G","Defend_G","Defend_G","Defend_G","Defend_G+1","Strike_G","Strike_G","Strike_G","Strike_G","Survivor+1","Neutralize+1","Flying Knee","Dagger Throw","Backstab","Deadly Poison+1","Cloak And Dagger+1","Finisher","Endless Agony","Backflip","Tools of the Trade+1","Footwork+1","Dagger Throw+1","Backflip+1"],"relics":["Ring of the Snake","Gremlin Horn","Smiling Mask","Philosopher\u0027s Stone","War Paint","Red Mask"],"potions_floor_usage":[6,6,20,28,29],"damage_taken":[{"damage":5,"enemies":"Small Slimes","floor":1,"turns":6},{"damage":0,"enemies":"2 Louse","floor":3,"turns":2},{"damage":0,"enemies":"Cultist","floor":5,"turns":3},{"damage":27,"enemies":"Lagavulin","floor":6,"turns":7},{"damage":0,"enemies":"3 Louse","floor":11,"turns":2},{"damage":4,"enemies":"Exordium Thugs","floor":13,"turns":3},{"damage":26,"enemies":"The Guardian","floor":16,"turns":14},{"damage":6,"enemies":"3 Byrds","floor":18,"turns":4},{"damage":16,"enemies":"Colosseum Slavers","floor":20,"turns":7},{"damage":7,"enemies":"2 Thieves","floor":21,"turns":4},{"damage":0,"enemies":"Masked Bandits","floor":28,"turns":3},{"damage":51,"enemies":"Book of Stabbing","floor":29,"turns":7}],"seed_played":"2178915487846993955","potions_obtained":[{"floor":1,"key":"Block Potion"},{"floor":3,"key":"Energy Potion"},{"floor":18,"key":"SneckoOil"},{"floor":21,"key":"Swift Potion"},{"floor":28,"key":"Weak Potion"}],"is_trial":false,"path_per_floor":["M","?","M","$","M","E","?","R","T","R","M","R","M","?","R","B",null,"M","$","?","M","$","R","?","R","T","R","?","E"],"character_chosen":"THE_SILENT","items_purchased":["Backstab","Deadly Poison","War Paint"],"campfire_rested":2,"item_purchase_floors":[4,4,19],"current_hp_per_floor":[60,53,53,53,53,26,16,16,16,16,16,16,12,12,33,7,56,50,50,34,27,27,48,48,48,48,48,48,0],"gold":92,"neow_bonus":"TEN_PERCENT_HP_BONUS","is_prod":false,"is_daily":false,"chose_seed":false,"campfire_upgraded":5,"win_rate":0,"timestamp":1542481166,"path_taken":["M","?","M","$","M","E","?","R","T","R","M","R","?","?","R","BOSS","M","$","?","M","?","R","?","R","T","R","?","E"],"build_version":"2018-11-15","purchased_purges":0,"victory":false,"max_hp_per_floor":[72,72,72,72,72,72,72,72,72,72,72,72,72,72,72,72,72,72,72,72,72,72,72,72,72,72,72,72,72],"card_choices":[{"not_picked":["Cloak And Dagger","Riddle With Holes"],"picked":"Flying Knee","floor":1},{"not_picked":["Riddle With Holes","Calculated Gamble"],"picked":"Dagger Throw","floor":3},{"not_picked":["Deflect","Poisoned Stab"],"picked":"Cloak And Dagger","floor":5},{"not_picked":["Riddle With Holes","Acrobatics"],"picked":"Finisher","floor":6},{"not_picked":["Slice","Sucker Punch"],"picked":"Endless Agony","floor":11},{"not_picked":["Deflect","Dagger Throw"],"picked":"Backflip","floor":13},{"not_picked":["Phantasmal Killer","Storm of Steel"],"picked":"Tools of the Trade","floor":16},{"not_picked":["Outmaneuver","Deflect"],"picked":"Footwork","floor":18},{"not_picked":["Prepared","Underhanded Strike"],"picked":"Dagger Throw+1","floor":21},{"not_picked":["Bouncing Flask","Masterful Stab"],"picked":"Backflip+1","floor":28}],"player_experience":1088948,"relics_obtained":[{"floor":6,"key":"Gremlin Horn"},{"floor":9,"key":"Smiling Mask"},{"floor":28,"key":"Red Mask"}],"event_choices":[{"cards_removed":["Strike_G"],"damage_healed":0,"gold_gain":0,"player_choice":"Card Removal","damage_taken":7,"max_hp_gain":0,"max_hp_loss":0,"event_name":"Golden Wing","floor":2,"gold_loss":0},{"damage_healed":0,"gold_gain":0,"player_choice":"Damaged","damage_taken":10,"max_hp_gain":0,"max_hp_loss":0,"event_name":"Wheel of Change","floor":7,"gold_loss":0},{"damage_healed":0,"gold_gain":0,"player_choice":"Ignored","damage_taken":0,"max_hp_gain":0,"max_hp_loss":0,"event_name":"Liars Game","floor":14,"gold_loss":0},{"damage_healed":0,"gold_gain":0,"player_choice":"Fight","damage_taken":0,"max_hp_gain":0,"max_hp_loss":0,"event_name":"Colosseum","floor":20,"gold_loss":0},{"damage_healed":0,"gold_gain":0,"player_choice":"Fled From Nobs","damage_taken":0,"max_hp_gain":0,"max_hp_loss":0,"event_name":"Colosseum","floor":20,"gold_loss":0},{"damage_healed":0,"gold_gain":0,"player_choice":"Ignored","damage_taken":0,"max_hp_gain":0,"max_hp_loss":0,"event_name":"Beggar","floor":24,"gold_loss":0},{"damage_healed":0,"gold_gain":0,"player_choice":"Fought Bandits","damage_taken":0,"max_hp_gain":0,"max_hp_loss":0,"event_name":"Masked Bandits","floor":28,"gold_loss":0}],"is_beta":false,"boss_relics":[{"not_picked":["HoveringKite","Ectoplasm"],"picked":"Philosopher\u0027s Stone"}],"items_purged_floors":[],"is_endless":false,"potions_floor_spawned":[1,3,5,18,21,28],"killed_by":"Book of Stabbing","ascension_level":20}