{"gold_per_floor":[118,138,148,148,163,163,195,195,220,220,255,271,306,322,322,420,420,436,446,446,462,472,484,531,543,579,591,603,628,674,699,711,819,831,861,884,906,930,955,999,8,40,66,0,35,35,48,62,62,62],"floor_reached":51,"playtime":3743,"items_purged":["Wild Strike"],"score":1253,"play_id":"5fcc7330-f0a9-4fe5-9d7b-8351a2cf6068","local_time":"20180730201517","daily_mods":["Draft","Elite Swarm","Lethality","Vintage"],"is_ascension_mode":false,"campfire_choices":[{"data":"Armaments","floor":6,"key":"SMITH"},{"data":"Limit Break","floor":8,"key":"SMITH"},{"data":"Heavy Blade","floor":10,"key":"SMITH"},{"data":"True Grit","floor":15,"key":"SMITH"},{"data":"Double Tap","floor":23,"key":"SMITH"},{"data":"Double Tap","floor":25,"key":"SMITH"},{"data":"Limit Break","floor":27,"key":"SMITH"},{"floor":32,"key":"DIG"},{"floor":46,"key":"DIG"},{"floor":49,"key":"DIG"}],"neow_cost":"","seed_source_timestamp":0,"circlet_count":0,"master_deck":["True Grit+1","Heavy Blade+1","Iron Wave","Shrug It Off+1","Flame Barrier","Body Slam","Clothesline","Armaments+1","Entrench","Shrug It Off+1","Cleave+1","Uppercut+1","Disarm","Corruption","Limit Break+1","Double Tap+1","Limit Break+1","Barricade","Shrug It Off","Impervious","Double Tap+1","Exhume","Dark Embrace","Exhume","Secret Weapon","Secret Weapon","Inflame","Demon Form","Impervious"],"relics":["Snecko Eye","Lantern","Bag of Preparation","Ornamental Fan","Nunchaku","Kunai","Centennial Puzzle","Shovel","Strawberry","Omamori","Anchor","Blue Candle","Orrery","Dodecahedron","Paper Frog","Nilry\u0027s Codex","Oddly Smooth Stone","MawBank","Mercury Hourglass","Art of War","Question Card","Regal Pillow","Charon\u0027s Ashes","Pantograph","Ancient Tea Set","Bottled Tornado","Black Star","Orichalcum","Bird Faced Urn","Letter Opener","Self Forming Clay","The Courier","Magic Flower","Dead Branch","Sundial","Incense Burner","Happy Flower","Molten Egg 2","Meat on the Bone","Pen Nib","Red Mask","Vajra","Whetstone","War Paint","Bottled Flame","Blood Vial","Potion Belt"],"potions_floor_usage":[],"damage_taken":[{"damage":0,"enemies":"Jaw Worm","floor":1,"turns":2},{"damage":0,"enemies":"2 Louse","floor":2,"turns":1},{"damage":0,"enemies":"Small Slimes","floor":3,"turns":2},{"damage":0,"enemies":"Exordium Wildlife","floor":5,"turns":1},{"damage":0,"enemies":"Gremlin Nob","floor":7,"turns":1},{"damage":0,"enemies":"3 Sentries","floor":11,"turns":2},{"damage":0,"enemies":"2 Fungi Beasts","floor":12,"turns":1},{"damage":0,"enemies":"Gremlin Nob","floor":13,"turns":2},{"damage":0,"enemies":"Blue Slaver","floor":14,"turns":1},{"damage":0,"enemies":"Hexaghost","floor":16,"turns":3},{"damage":0,"enemies":"Chosen","floor":18,"turns":2},{"damage":0,"enemies":"2 Thieves","floor":19,"turns":3},{"damage":0,"enemies":"Snake Plant","floor":21,"turns":1},{"damage":0,"enemies":"Centurion and Healer","floor":22,"turns":3},{"damage":0,"enemies":"Gremlin Leader","floor":24,"turns":2},{"damage":0,"enemies":"Sentry and Sphere","floor":29,"turns":3},{"damage":0,"enemies":"Slavers","floor":30,"turns":2},{"damage":0,"enemies":"Snecko","floor":31,"turns":2},{"damage":0,"enemies":"Automaton","floor":33,"turns":6},{"damage":0,"enemies":"Orb Walker","floor":35,"turns":1},{"damage":0,"enemies":"3 Darklings","floor":36,"turns":2},{"damage":0,"enemies":"Transient","floor":37,"turns":3},{"damage":0,"enemies":"Maw","floor":38,"turns":2},{"damage":0,"enemies":"Flame Bruiser 2 Orb","floor":39,"turns":1},{"damage":0,"enemies":"Giant Head","floor":40,"turns":1},{"damage":0,"enemies":"2 Orb Walkers","floor":42,"turns":1},{"damage":0,"enemies":"Nemesis","floor":45,"turns":1},{"damage":3,"enemies":"4 Shapes","floor":47,"turns":1},{"damage":0,"enemies":"Spire Growth","floor":48,"turns":1},{"damage":0,"enemies":"Time Eater","floor":50,"turns":1}],"seed_played":"8695141464253115983","potions_obtained":[{"floor":3,"key":"EssenceOfSteel"},{"floor":7,"key":"Fire Potion"},{"floor":12,"key":"Fire Potion"},{"floor":13,"key":"Regen Potion"},{"floor":21,"key":"Energy Potion"},{"floor":24,"key":"Swift Potion"},{"floor":30,"key":"Swift Potion"}],"is_trial":true,"path_per_floor":["M","M","M","?","M","R","E","R","T","R","E","M","E","M","R","B",null,"M","M","?","M","M","R","E","R","T","R","T","M","E","M","R","B",null,"M","M","M","M","M","E","$","E","T","?","E","R","M","M","R","B"],"character_chosen":"IRONCLAD","items_purchased":["Secret Weapon","Sundial","Incense Burner","Secret Weapon","Happy Flower","Inflame"],"campfire_rested":0,"item_purchase_floors":[41,41,41,41,41,41],"current_hp_per_floor":[80,80,80,80,80,80,80,80,80,80,80,87,87,87,87,87,87,87,87,71,71,71,71,71,71,71,71,71,74,74,74,74,90,90,90,90,90,90,90,90,90,90,90,90,90,90,90,93,93,93],"gold":62,"neow_bonus":"","is_prod":false,"is_daily":false,"chose_seed":false,"campfire_upgraded":7,"win_rate":0,"timestamp":1532945717,"path_taken":["M","M","M","?","M","R","E","R","T","R","E","M","E","M","R","BOSS","M","M","?","M","M","R","E","R","T","R","?","M","E","M","R","BOSS","M","M","M","M","M","E","$","E","T","?","E","R","?","M","R","BOSS"],"build_version":"2018-07-26","purchased_purges":1,"victory":true,"max_hp_per_floor":[80,80,80,80,80,80,80,80,80,80,80,87,87,87,87,87,87,87,87,87,87,87,87,87,87,87,87,87,90,90,90,90,90,90,90,90,90,90,90,90,90,90,90,90,90,90,93,93,93,93],"card_choices":[{"not_picked":["Anger","Clash"],"picked":"True Grit","floor":0},{"not_picked":["Cleave","Anger"],"picked":"Heavy Blade","floor":0},{"not_picked":["Bloodletting","Body Slam"],"picked":"Iron Wave","floor":0},{"not_picked":["Cleave","Fire Breathing"],"picked":"Shrug It Off","floor":0},{"not_picked":["Fire Breathing","Perfected Strike"],"picked":"Flame Barrier","floor":0},{"not_picked":["Flex","Wild Strike"],"picked":"Body Slam","floor":0},{"not_picked":["Second Wind","Infernal Blade"],"picked":"Clothesline","floor":0},{"not_picked":["True Grit","Bloodletting"],"picked":"Armaments","floor":0},{"not_picked":["Body Slam","Pommel Strike"],"picked":"Entrench","floor":0},{"not_picked":["Clash","Cleave"],"picked":"Shrug It Off","floor":0},{"not_picked":["Twin Strike","Ghostly Armor"],"picked":"Cleave","floor":0},{"not_picked":["Headbutt","Armaments"],"picked":"Uppercut","floor":0},{"not_picked":["Clash","Headbutt"],"picked":"Disarm","floor":0},{"not_picked":["Entrench","Ghostly Armor"],"picked":"Corruption","floor":0},{"not_picked":["Anger","Entrench"],"picked":"Wild Strike","floor":0},{"not_picked":["Brutality","Barricade"],"picked":"Limit Break","floor":7},{"not_picked":["Reaper","Brutality"],"picked":"Double Tap","floor":11},{"not_picked":["Impervious","Fiend Fire"],"picked":"Limit Break","floor":13},{"not_picked":["Exhume","Brutality"],"picked":"Barricade","floor":16},{"not_picked":["True Grit","Flex"],"picked":"Shrug It Off","floor":17},{"not_picked":["Thunderclap","Body Slam"],"picked":"Impervious","floor":17},{"not_picked":["Feed","Brutality"],"picked":"Double Tap","floor":24},{"not_picked":["Immolate","Limit Break","Brutality"],"picked":"Exhume","floor":30},{"not_picked":["Berserk","Exhume","Juggernaut"],"picked":"Dark Embrace","floor":33},{"not_picked":["Fiend Fire","Barricade","Juggernaut"],"picked":"Exhume","floor":40},{"not_picked":["Immolate","Offering","Impervious"],"picked":"Demon Form","floor":42},{"not_picked":["Feed+1","Juggernaut","Berserk"],"picked":"Impervious","floor":45}],"player_experience":568316,"relics_obtained":[{"floor":1,"key":"Lantern"},{"floor":2,"key":"Bag of Preparation"},{"floor":3,"key":"Ornamental Fan"},{"floor":5,"key":"Nunchaku"},{"floor":7,"key":"Kunai"},{"floor":9,"key":"Centennial Puzzle"},{"floor":11,"key":"Shovel"},{"floor":12,"key":"Strawberry"},{"floor":13,"key":"Omamori"},{"floor":14,"key":"Anchor"},{"floor":16,"key":"Blue Candle"},{"floor":18,"key":"Dodecahedron"},{"floor":19,"key":"Paper Frog"},{"floor":20,"key":"Nilry\u0027s Codex"},{"floor":21,"key":"Oddly Smooth Stone"},{"floor":22,"key":"MawBank"},{"floor":24,"key":"Mercury Hourglass"},{"floor":26,"key":"Art of War"},{"floor":28,"key":"Question Card"},{"floor":29,"key":"Regal Pillow"},{"floor":30,"key":"Charon\u0027s Ashes"},{"floor":31,"key":"Pantograph"},{"floor":32,"key":"Ancient Tea Set"},{"floor":33,"key":"Bottled Tornado"},{"floor":35,"key":"Orichalcum"},{"floor":36,"key":"Bird Faced Urn"},{"floor":37,"key":"Letter Opener"},{"floor":38,"key":"Self Forming Clay"},{"floor":39,"key":"The Courier"},{"floor":40,"key":"Magic Flower"},{"floor":40,"key":"Dead Branch"},{"floor":42,"key":"Molten Egg 2"},{"floor":42,"key":"Meat on the Bone"},{"floor":43,"key":"Pen Nib"},{"floor":45,"key":"Vajra"},{"floor":45,"key":"Whetstone"},{"floor":46,"key":"War Paint"},{"floor":47,"key":"Bottled Flame"},{"floor":48,"key":"Blood Vial"},{"floor":49,"key":"Potion Belt"}],"event_choices":[{"event_name":"Liars Game","player_choice":"disagreed","floor":4,"damage_taken":0},{"event_name":"Cursed Tome","player_choice":"Obtained Book","floor":20,"damage_taken":0},{"event_name":"Tomb of Lord Red Mask","player_choice":"Paid","floor":44,"damage_taken":0}],"is_beta":false,"boss_relics":[{"not_picked":["Velvet Choker","Runic Cube"],"picked":"Orrery"},{"not_picked":["Pandora\u0027s Box","Tiny House"],"picked":"Black Star"}],"items_purged_floors":[41],"is_endless":false,"potions_floor_spawned":[3,7,12,13,14,21,22,24,30,36,37,39,48],"ascension_level":0}