{"gold_per_floor":[99,99,24,43,68,99,99,99,172,172],"floor_reached":10,"playtime":281,"items_purged":["Injury"],"score":73,"play_id":"b382ae26-667f-4cdd-b65e-f93856db0ac1","local_time":"20190717040842","is_ascension_mode":true,"campfire_choices":[{"floor":7,"key":"REST"}],"neow_cost":"NONE","seed_source_timestamp":42680778048799,"circlet_count":0,"master_deck":["Strike_G","Strike_G","Strike_G","Defend_G","Defend_G","Defend_G","Defend_G","Defend_G","Survivor","Neutralize","Sucker Punch","Outmaneuver","Backflip","Backflip"],"relics":["Ring of the Snake","Golden Idol","Omamori","Bottled Lightning"],"potions_floor_usage":[6],"damage_taken":[{"damage":6,"enemies":"2 Louse","floor":1,"turns":3},{"damage":0,"enemies":"Small Slimes","floor":4,"turns":4},{"damage":0,"enemies":"Cultist","floor":5,"turns":4},{"damage":63,"enemies":"Lagavulin","floor":6,"turns":13},{"damage":0,"enemies":"Looter","floor":10,"turns":1}],"seed_played":"6396733208465442678","potions_obtained":[{"floor":4,"key":"EssenceOfSteel"},{"floor":5,"key":"FearPotion"}],"is_trial":false,"path_per_floor":["M","?","$","M","M","E","R","?","T","M"],"character_chosen":"THE_SILENT","items_purchased":[],"campfire_rested":1,"item_purchase_floors":[],"current_hp_per_floor":[64,64,64,64,64,1,22,22,22,22],"gold":172,"neow_bonus":"REMOVE_CARD","is_prod":false,"is_daily":false,"chose_seed":false,"campfire_upgraded":0,"win_rate":0,"timestamp":1563354522,"path_taken":["M","?","$","M","M","E","R","?","T","M"],"build_version":"2019-07-05","purchased_purges":1,"victory":false,"max_hp_per_floor":[70,70,70,70,70,70,70,70,70,70],"card_choices":[{"not_picked":["Dagger Throw","Bane"],"picked":"Sucker Punch","floor":1},{"not_picked":["Accuracy","Cloak And Dagger"],"picked":"Outmaneuver","floor":4},{"not_picked":["Poisoned Stab","Dagger Spray"],"picked":"Backflip","floor":5},{"not_picked":["Masterful Stab","Escape Plan"],"picked":"Backflip","floor":6}],"player_experience":118784,"relics_obtained":[{"floor":6,"key":"Omamori"},{"floor":9,"key":"Bottled Lightning"}],"event_choices":[{"damage_healed":0,"gold_gain":0,"player_choice":"Take Wound","damage_taken":0,"relics_obtained":["Golden Idol"],"max_hp_gain":0,"max_hp_loss":0,"event_name":"Golden Idol","floor":2,"gold_loss":0,"cards_obtained":["Injury"]},{"cards_removed":["Strike_G"],"damage_healed":0,"gold_gain":0,"player_choice":"Forget","damage_taken":0,"max_hp_gain":0,"max_hp_loss":0,"event_name":"Living Wall","floor":8,"gold_loss":0}],"is_beta":false,"boss_relics":[],"items_purged_floors":[3],"is_endless":false,"potions_floor_spawned":[4,5],"killed_by":"Looter","ascension_level":2}