{"gold_per_floor":[113,113,133,144,155,184,199,228,298,311,323,323,39,68,68,141,141,161,161,211,87,97,156,156,186,186,186,199,199,212,238,238,316,316,333,333,333,41,41,41,70,84,161,161,194,88,119,132,132,132,132,132,10,40,40],"floor_reached":56,"playtime":3419,"items_purged":["Cleave","Writhe","Strike_R"],"score":2323,"play_id":"37f3e23f-c0c9-49b6-8cfa-369a093611d7","local_time":"20190707143135","is_ascension_mode":true,"campfire_choices":[{"data":"Body Slam","floor":12,"key":"SMITH"},{"data":"Entrench","floor":15,"key":"SMITH"},{"data":"Body Slam","floor":24,"key":"SMITH"},{"data":"Doubt","floor":27,"key":"PURGE"},{"data":"Strike_R","floor":29,"key":"PURGE"},{"data":"Strike_R","floor":32,"key":"PURGE"},{"data":"Barricade","floor":40,"key":"SMITH"},{"data":"Shame","floor":44,"key":"PURGE"},{"floor":49,"key":"RECALL"},{"data":"Twin Strike","floor":52,"key":"PURGE"}],"neow_cost":"NONE","seed_source_timestamp":4701828948357,"circlet_count":0,"master_deck":["AscendersBane","Defend_R+1","Defend_R+1","Defend_R","Defend_R","Bash","Body Slam+1","Feed","Shockwave","Ghostly Armor","Entrench+1","Barricade+1","Impervious","Warcry+1","Body Slam+1","Metallicize","Disarm","Ghostly Armor","Forethought+1","PanicButton+1","Impervious+1","Panacea+1","Battle Trance+1","Flame Barrier+1","Disarm+1"],"relics":["Burning Blood","War Paint","Bronze Scales","Unceasing Top","Peace Pipe","Meat on the Bone","Lantern","Happy Flower","Cursed Key","Magic Flower","Tiny Chest","Paper Frog","Sundial","Toxic Egg 2","Empty Cage","PreservedInsect","Question Card","Dodecahedron","Bag of Marbles","Gremlin Horn"],"potions_floor_usage":[6,8,14,16,22,22,22,30,31,33,50,55],"damage_taken":[{"damage":7,"enemies":"Jaw Worm","floor":1,"turns":3},{"damage":6,"enemies":"Cultist","floor":3,"turns":3},{"damage":8,"enemies":"Small Slimes","floor":4,"turns":4},{"damage":5,"enemies":"Blue Slaver","floor":5,"turns":4},{"damage":32,"enemies":"Lagavulin","floor":6,"turns":6},{"damage":13,"enemies":"Exordium Thugs","floor":7,"turns":5},{"damage":18,"enemies":"Gremlin Nob","floor":8,"turns":4},{"damage":16,"enemies":"Large Slime","floor":10,"turns":6},{"damage":5,"enemies":"2 Fungi Beasts","floor":11,"turns":6},{"damage":27,"enemies":"3 Sentries","floor":14,"turns":8},{"damage":10,"enemies":"The Guardian","floor":16,"turns":12},{"damage":0,"enemies":"Spheric Guardian","floor":18,"turns":2},{"damage":1,"enemies":"Shell Parasite","floor":22,"turns":6},{"damage":1,"enemies":"Gremlin Leader","floor":23,"turns":11},{"damage":23,"enemies":"Book of Stabbing","floor":25,"turns":6},{"damage":18,"enemies":"Snake Plant","floor":28,"turns":3},{"damage":0,"enemies":"Snecko","floor":30,"turns":7},{"damage":6,"enemies":"Gremlin Leader","floor":31,"turns":5},{"damage":23,"enemies":"Automaton","floor":33,"turns":11},{"damage":0,"enemies":"3 Shapes","floor":35,"turns":8},{"damage":0,"enemies":"Nemesis","floor":41,"turns":15},{"damage":0,"enemies":"3 Darklings","floor":42,"turns":16},{"damage":0,"enemies":"Giant Head","floor":45,"turns":9},{"damage":28,"enemies":"Nemesis","floor":47,"turns":5},{"damage":33,"enemies":"Transient","floor":48,"turns":5},{"damage":0,"enemies":"Time Eater","floor":50,"turns":5},{"damage":40,"enemies":"Shield and Spear","floor":54,"turns":7},{"damage":27,"enemies":"The Heart","floor":55,"turns":9}],"seed_played":"-8578234132159209797","potions_obtained":[{"floor":3,"key":"Regen Potion"},{"floor":7,"key":"GamblersBrew"},{"floor":8,"key":"BloodPotion"},{"floor":14,"key":"Poison Potion"},{"floor":16,"key":"SkillPotion"},{"floor":18,"key":"EntropicBrew"},{"floor":23,"key":"Dexterity Potion"},{"floor":30,"key":"SkillPotion"},{"floor":35,"key":"Energy Potion"},{"floor":42,"key":"Explosive Potion"},{"floor":48,"key":"LiquidBronze"}],"is_trial":false,"path_per_floor":["M","?","M","M","M","E","M","E","T","M","M","R","$","E","R","B",null,"M","?","?","$","M","E","R","E","T","R","M","R","M","E","R","B",null,"M","?","?","$","?","R","E","M","T","R","E","$","E","M","R","B",null,"R","$","E","B",null],"character_chosen":"IRONCLAD","items_purchased":["Entrench","Lantern","Body Slam","PreservedInsect","Panacea+1","Flame Barrier+1","Disarm+1"],"campfire_rested":0,"item_purchase_floors":[13,13,21,38,46,53,53],"current_hp_per_floor":[67,67,67,65,66,52,45,33,33,38,54,54,54,56,56,52,76,82,82,82,82,84,84,84,70,70,70,61,61,70,73,73,59,78,87,77,77,77,77,77,83,86,86,86,89,89,70,64,64,73,85,85,85,54,54],"gold":40,"neow_bonus":"RANDOM_COMMON_RELIC","is_prod":false,"is_daily":false,"chose_seed":false,"campfire_upgraded":4,"win_rate":0,"timestamp":1562524295,"path_taken":["M","?","M","M","M","E","M","E","T","M","?","R","$","E","R","BOSS","M","?","?","$","M","E","R","E","T","R","M","R","?","E","R","BOSS","M","?","?","$","?","R","E","?","T","R","E","?","E","M","R","BOSS","R","$","E","BOSS"],"build_version":"2019-07-05","purchased_purges":3,"victory":true,"max_hp_per_floor":[75,75,75,75,75,75,75,75,75,78,81,81,81,84,84,84,84,84,84,84,84,84,84,84,84,84,84,84,84,84,84,84,84,84,87,87,83,83,83,83,83,86,86,86,89,89,89,89,89,89,89,89,89,89,89],"card_choices":[{"not_picked":["Clash","Feel No Pain"],"picked":"Twin Strike","floor":1},{"not_picked":["Cleave","Headbutt"],"picked":"Body Slam","floor":3},{"not_picked":["Thunderclap","Infernal Blade","Wild Strike"],"picked":"SKIP","floor":4},{"not_picked":["Warcry","Rampage"],"picked":"Cleave","floor":5},{"not_picked":["Feel No Pain","Reckless Charge","Searing Blow"],"picked":"SKIP","floor":6},{"not_picked":["Warcry","Rampage"],"picked":"Perfected Strike","floor":7},{"not_picked":["Cleave","Thunderclap"],"picked":"Feed","floor":8},{"not_picked":["Wild Strike","Sword Boomerang"],"picked":"Shockwave","floor":10},{"not_picked":["Body Slam","Rampage"],"picked":"Ghostly Armor","floor":11},{"not_picked":["Spot Weakness","Brutality"],"picked":"Barricade","floor":14},{"not_picked":["Berserk","Double Tap"],"picked":"Impervious","floor":16},{"not_picked":["Iron Wave+1","Flex"],"picked":"Warcry+1","floor":18},{"not_picked":["Second Wind","Clash"],"picked":"Metallicize","floor":22},{"not_picked":["Corruption","Cleave","Anger"],"picked":"SKIP","floor":23},{"not_picked":["Seeing Red","Sentinel"],"picked":"Disarm","floor":25},{"not_picked":["Inflame+1","Blood for Blood"],"picked":"Ghostly Armor","floor":28},{"not_picked":["Pommel Strike","Heavy Blade","Barricade"],"picked":"SKIP","floor":30},{"not_picked":["Feel No Pain","Burning Pact","Flex"],"picked":"SKIP","floor":31},{"not_picked":["Armaments+1","Headbutt","Body Slam"],"picked":"SKIP","floor":35},{"not_picked":["Thinking Ahead+1","Mind Blast"],"picked":"Forethought+1","floor":36},{"not_picked":["Dramatic Entrance","Purity+1"],"picked":"PanicButton+1","floor":36},{"not_picked":["Headbutt","Heavy Blade","Blood for Blood+1"],"picked":"SKIP","floor":41},{"not_picked":["Blood for Blood","Twin Strike","Body Slam","Flex+1"],"picked":"SKIP","floor":42},{"not_picked":["Warcry+1","Pommel Strike","Cleave"],"picked":"Impervious+1","floor":45},{"not_picked":["Clothesline+1","Hemokinesis","Feel No Pain","Heavy Blade"],"picked":"SKIP","floor":47},{"not_picked":["Brutality","Armaments+1","Anger"],"picked":"Battle Trance+1","floor":48},{"not_picked":["Infernal Blade+1","Searing Blow","Bloodletting+1","Body Slam"],"picked":"SKIP","floor":54}],"player_experience":467693,"relics_obtained":[{"floor":2,"key":"Bronze Scales"},{"floor":6,"key":"Unceasing Top"},{"floor":8,"key":"Peace Pipe"},{"floor":9,"key":"Meat on the Bone"},{"floor":14,"key":"Happy Flower"},{"floor":23,"key":"Tiny Chest"},{"floor":25,"key":"Paper Frog"},{"floor":26,"key":"Sundial"},{"floor":31,"key":"Toxic Egg 2"},{"floor":41,"key":"Question Card"},{"floor":45,"key":"Dodecahedron"},{"floor":47,"key":"Bag of Marbles"},{"floor":54,"key":"Gremlin Horn"}],"event_choices":[{"damage_healed":0,"gold_gain":0,"player_choice":"Relic","damage_taken":0,"max_hp_gain":0,"max_hp_loss":0,"event_name":"Wheel of Change","floor":2,"gold_loss":0},{"damage_healed":0,"gold_gain":0,"player_choice":"Opened","damage_taken":0,"relics_obtained":["Magic Flower"],"max_hp_gain":0,"max_hp_loss":0,"event_name":"The Mausoleum","floor":19,"gold_loss":0,"cards_obtained":["Writhe"]},{"damage_healed":0,"gold_gain":50,"player_choice":"Pray","damage_taken":0,"max_hp_gain":0,"max_hp_loss":0,"event_name":"Golden Shrine","floor":20,"gold_loss":0},{"damage_healed":0,"gold_gain":0,"player_choice":"Memory 3","damage_taken":10,"max_hp_gain":0,"max_hp_loss":0,"event_name":"SensoryStone","floor":36,"gold_loss":0},{"damage_healed":0,"gold_gain":0,"player_choice":"Max HP","damage_taken":0,"max_hp_gain":0,"max_hp_loss":4,"event_name":"Winding Halls","floor":37,"gold_loss":0},{"cards_removed":["Strike_R"],"damage_healed":0,"gold_gain":0,"player_choice":"Purged","damage_taken":0,"max_hp_gain":0,"max_hp_loss":0,"event_name":"Purifier","floor":39,"gold_loss":0}],"is_beta":false,"boss_relics":[{"not_picked":["Astrolabe","Runic Cube"],"picked":"Cursed Key"},{"not_picked":["Sozu","Mark of Pain"],"picked":"Empty Cage"}],"items_purged_floors":[13,21,38],"is_endless":false,"potions_floor_spawned":[3,7,8,14,16,18,23,30,35,42,48],"ascension_level":16}