{"gold_per_floor":[112,126,139,115,132,132,45,45,68,68,68,79,79,89,89,89],"floor_reached":16,"playtime":560,"items_purged":[],"score":175,"play_id":"3b77cd71-329d-402e-8456-e2fdf74c75fc","local_time":"20190723073215","is_ascension_mode":true,"campfire_choices":[{"data":"Searing Blow","floor":6,"key":"SMITH"},{"data":"Searing Blow+1","floor":8,"key":"SMITH"},{"data":"Searing Blow+2","floor":11,"key":"SMITH"},{"data":"Searing Blow+4","floor":15,"key":"SMITH"}],"neow_cost":"NONE","seed_source_timestamp":22800913708040,"circlet_count":0,"master_deck":["AscendersBane","Strike_R","Strike_R","Strike_R","Strike_R","Strike_R","Defend_R","Defend_R","Defend_R","Defend_R","Bash","Shrug It Off","Sword Boomerang","Body Slam","Searing Blow+5","Battle Trance","True Grit"],"relics":["Burning Blood","Anchor","Letter Opener"],"potions_floor_usage":[16],"damage_taken":[{"damage":13,"enemies":"Cultist","floor":1,"turns":5},{"damage":4,"enemies":"2 Louse","floor":2,"turns":4},{"damage":2,"enemies":"Small Slimes","floor":3,"turns":4},{"damage":6,"enemies":"2 Fungi Beasts","floor":5,"turns":4},{"damage":0,"enemies":"Looter","floor":12,"turns":2},{"damage":0,"enemies":"Large Slime","floor":14,"turns":2},{"damage":84,"enemies":"Hexaghost","floor":16,"turns":14}],"seed_played":"-429149767132876554","potions_obtained":[{"floor":2,"key":"Regen Potion"},{"floor":3,"key":"Ancient Potion"},{"floor":12,"key":"Dexterity Potion"}],"is_trial":false,"path_per_floor":["M","M","M","$","M","R","$","R","T","T","R","M","?","M","R","B"],"character_chosen":"IRONCLAD","items_purchased":["Body Slam","Battle Trance"],"campfire_rested":0,"item_purchase_floors":[4,7],"current_hp_per_floor":[68,70,74,74,74,74,74,74,74,74,74,80,80,82,82,0],"gold":89,"neow_bonus":"TEN_PERCENT_HP_BONUS","is_prod":false,"is_daily":false,"chose_seed":false,"campfire_upgraded":4,"win_rate":0,"timestamp":1563881535,"path_taken":["M","M","M","$","M","R","$","R","T","?","R","?","?","M","R","BOSS"],"build_version":"2019-07-17","purchased_purges":0,"victory":false,"max_hp_per_floor":[82,82,82,82,82,82,82,82,82,82,82,82,82,82,82,82],"card_choices":[{"not_picked":["Heavy Blade","Clothesline"],"picked":"Shrug It Off","floor":1},{"not_picked":["Havoc","Warcry","Flex"],"picked":"SKIP","floor":2},{"not_picked":["Armaments","Headbutt"],"picked":"Sword Boomerang","floor":3},{"not_picked":["Bludgeon","Warcry"],"picked":"Searing Blow","floor":5},{"not_picked":["Second Wind","Body Slam","Power Through"],"picked":"SKIP","floor":12},{"not_picked":["Cleave","Carnage"],"picked":"True Grit","floor":14}],"player_experience":588645,"relics_obtained":[{"floor":9,"key":"Anchor"},{"floor":10,"key":"Letter Opener"}],"event_choices":[{"damage_healed":0,"gold_gain":0,"player_choice":"Grow","damage_taken":0,"max_hp_gain":0,"max_hp_loss":0,"event_name":"Living Wall","floor":13,"gold_loss":0,"cards_upgraded":["Searing Blow"]}],"is_beta":false,"boss_relics":[],"items_purged_floors":[],"is_endless":false,"potions_floor_spawned":[2,3,12,14],"killed_by":"Hexaghost","ascension_level":18}