{"gold_per_floor":[112,187,202,202,103,103,137,167,192,192,203,26,43,74,74,146,146,159,159,176,176,21,54,54,85,85,85],"floor_reached":27,"playtime":1084,"items_purged":["Strike_B"],"score":450,"play_id":"b2fa551d-7648-4854-ac3a-b612ca1a9e21","local_time":"20181230175640","is_ascension_mode":true,"campfire_choices":[{"floor":6,"key":"REST"},{"floor":10,"key":"REST"},{"floor":15,"key":"REST"},{"floor":24,"key":"REST"}],"neow_cost":"NONE","seed_source_timestamp":22989519738124,"circlet_count":0,"master_deck":["AscendersBane","Strike_B","Strike_B+1","Defend_B","Defend_B","Defend_B","Defend_B","Dualcast","Sunder","White Noise","Turbo","Sweeping Beam+1","Auto Shields","Chill","Static Discharge","Reinforced Body","Rainbow","Rainbow","Ball Lightning","Multi-Cast","Loop","Compile Driver","Hologram"],"relics":["Cracked Core","Pantograph","Juzu Bracelet","Odd Mushroom","Omamori","Bronze Scales","Turnip","Fusion Hammer","Nilry\u0027s Codex","Centennial Puzzle","Potion Belt","Bag of Preparation","Whetstone"],"potions_floor_usage":[14,14,23,23],"damage_taken":[{"damage":11,"enemies":"Jaw Worm","floor":1,"turns":4},{"damage":6,"enemies":"Small Slimes","floor":3,"turns":4},{"damage":23,"enemies":"3 Sentries","floor":7,"turns":13},{"damage":1,"enemies":"The Mushroom Lair","floor":8,"turns":3},{"damage":0,"enemies":"2 Louse","floor":11,"turns":2},{"damage":20,"enemies":"Large Slime","floor":13,"turns":4},{"damage":20,"enemies":"Gremlin Nob","floor":14,"turns":5},{"damage":35,"enemies":"Hexaghost","floor":16,"turns":10},{"damage":5,"enemies":"Chosen","floor":18,"turns":5},{"damage":0,"enemies":"Spheric Guardian","floor":20,"turns":4},{"damage":32,"enemies":"Slavers","floor":23,"turns":6},{"damage":22,"enemies":"Book of Stabbing","floor":25,"turns":6},{"damage":9,"enemies":"Masked Bandits","floor":27,"turns":2}],"seed_played":"-3140589754766707652","potions_obtained":[{"floor":11,"key":"SteroidPotion"},{"floor":13,"key":"Regen Potion"},{"floor":14,"key":"Explosive Potion"},{"floor":16,"key":"Dexterity Potion"}],"is_trial":false,"path_per_floor":["M","?","M","?","$","R","E","?","T","R","M","$","M","E","R","B",null,"M","?","M","?","$","E","R","E","T","?"],"character_chosen":"DEFECT","items_purchased":["Turbo","Bronze Scales","Static Discharge","Centennial Puzzle"],"campfire_rested":4,"item_purchase_floors":[5,12,12,22],"current_hp_per_floor":[60,49,43,8,8,31,8,7,7,30,30,30,10,4,27,17,63,58,58,58,37,37,5,28,6,6,0],"gold":85,"neow_bonus":"TEN_PERCENT_HP_BONUS","is_prod":false,"is_daily":false,"chose_seed":false,"campfire_upgraded":0,"win_rate":0,"timestamp":1546210600,"path_taken":["M","?","M","?","$","R","E","?","T","R","M","?","M","E","R","BOSS","M","?","M","?","$","E","R","E","T","?"],"build_version":"2018-12-20","purchased_purges":1,"victory":false,"max_hp_per_floor":[78,78,78,78,78,78,78,78,78,78,78,78,78,78,78,78,78,78,78,78,78,78,78,78,78,78,78],"card_choices":[{"not_picked":["Leap","Beam Cell"],"picked":"Sunder","floor":1},{"not_picked":["Beam Cell","Rip and Tear"],"picked":"White Noise","floor":3},{"not_picked":["Scrape","Chill"],"picked":"Sweeping Beam","floor":7},{"not_picked":["Rebound","Undo"],"picked":"Auto Shields","floor":8},{"not_picked":["Aggregate","Turbo"],"picked":"Chill","floor":11},{"not_picked":["Ball Lightning","Sunder"],"picked":"Reinforced Body","floor":13},{"not_picked":["Reprogram","Leap"],"picked":"Rainbow","floor":14},{"not_picked":["Hyperbeam","Machine Learning"],"picked":"Rainbow","floor":16},{"not_picked":["Redo","Streamline"],"picked":"Ball Lightning","floor":18},{"not_picked":["Leap","Streamline","Aggregate"],"picked":"SKIP","floor":20},{"not_picked":["BootSequence","Ball Lightning"],"picked":"Compile Driver","floor":23},{"not_picked":["Barrage","Go for the Eyes"],"picked":"Hologram","floor":25}],"player_experience":1313713,"relics_obtained":[{"floor":7,"key":"Juzu Bracelet"},{"floor":8,"key":"Odd Mushroom"},{"floor":9,"key":"Omamori"},{"floor":14,"key":"Turnip"},{"floor":21,"key":"Nilry\u0027s Codex"},{"floor":23,"key":"Potion Belt"},{"floor":25,"key":"Bag of Preparation"},{"floor":26,"key":"Whetstone"}],"event_choices":[{"damage_healed":0,"gold_gain":75,"player_choice":"Gather Gold","damage_taken":11,"max_hp_gain":0,"max_hp_loss":0,"event_name":"World of Goop","floor":2,"gold_loss":0},{"damage_healed":0,"gold_gain":0,"player_choice":"Success","damage_taken":35,"relics_obtained":["Pantograph"],"max_hp_gain":0,"max_hp_loss":0,"event_name":"Scrap Ooze","floor":4,"gold_loss":0},{"damage_healed":0,"gold_gain":0,"player_choice":"Fought Mushrooms","damage_taken":0,"max_hp_gain":0,"max_hp_loss":0,"event_name":"Mushrooms","floor":8,"gold_loss":0},{"damage_healed":0,"gold_gain":0,"cards_transformed":["Strike_B","Zap"],"player_choice":"Became Test Subject","damage_taken":0,"max_hp_gain":0,"max_hp_loss":0,"event_name":"Drug Dealer","floor":19,"gold_loss":0,"cards_obtained":["Multi-Cast","Loop"]},{"damage_healed":0,"gold_gain":0,"player_choice":"Obtained Book","damage_taken":21,"max_hp_gain":0,"max_hp_loss":0,"event_name":"Cursed Tome","floor":21,"gold_loss":0},{"damage_healed":0,"gold_gain":0,"player_choice":"Fought Bandits","damage_taken":0,"max_hp_gain":0,"max_hp_loss":0,"event_name":"Masked Bandits","floor":27,"gold_loss":0}],"is_beta":false,"boss_relics":[{"not_picked":["Eternal Feather","Lizard Tail"],"picked":"Fusion Hammer"}],"items_purged_floors":[5],"is_endless":false,"potions_floor_spawned":[11,13,14,16],"killed_by":"Masked Bandits","ascension_level":15}