{"gold_per_floor":[117,135,151,169,188,222,36,36,36,36,36],"floor_reached":11,"playtime":508,"items_purged":[],"score":150,"play_id":"382ef4e4-623c-4e21-9752-a1a03a9a9ab4","local_time":"20181122133142","is_ascension_mode":true,"campfire_choices":[{"data":"Noxious Fumes","floor":8,"key":"SMITH"},{"floor":10,"key":"REST"}],"neow_cost":"NONE","seed_source_timestamp":138181461117213,"circlet_count":0,"master_deck":["AscendersBane","Defend_G","Defend_G","Defend_G","Defend_G","Defend_G","Strike_G","Strike_G","Strike_G","Strike_G","Strike_G","Survivor","Neutralize","Deadly Poison","Footwork","Quick Slash","Noxious Fumes+1","Dagger Spray","Deflect","Flash of Steel","Footwork"],"relics":["Ring of the Snake","NeowsBlessing","Shuriken","Bag of Preparation"],"potions_floor_usage":[6],"damage_taken":[{"damage":0,"enemies":"Cultist","floor":1,"turns":1},{"damage":0,"enemies":"2 Louse","floor":2,"turns":1},{"damage":0,"enemies":"Small Slimes","floor":3,"turns":1},{"damage":11,"enemies":"Exordium Wildlife","floor":4,"turns":4},{"damage":13,"enemies":"Looter","floor":5,"turns":4},{"damage":23,"enemies":"Lagavulin","floor":6,"turns":7},{"damage":33,"enemies":"3 Sentries","floor":11,"turns":5}],"seed_played":"5452731776070657167","potions_obtained":[{"floor":1,"key":"SkillPotion"},{"floor":3,"key":"LiquidBronze"}],"is_trial":false,"path_per_floor":["M","M","M","M","M","E","$","R","T","R","E"],"character_chosen":"THE_SILENT","items_purchased":["Flash of Steel","Footwork"],"campfire_rested":1,"item_purchase_floors":[7,7],"current_hp_per_floor":[59,59,59,48,35,12,12,12,12,31,0],"gold":36,"neow_bonus":"THREE_ENEMY_KILL","is_prod":false,"is_daily":false,"chose_seed":false,"campfire_upgraded":1,"win_rate":0,"timestamp":1542911502,"path_taken":["M","M","?","M","M","E","$","R","T","R","E"],"build_version":"2018-11-15","purchased_purges":0,"victory":false,"max_hp_per_floor":[66,66,66,66,66,66,66,66,66,66,66],"card_choices":[{"not_picked":["Distraction","Reflex"],"picked":"Deadly Poison","floor":1},{"not_picked":["Quick Slash","Bouncing Flask"],"picked":"Footwork","floor":2},{"not_picked":["Choke","Cloak And Dagger"],"picked":"Quick Slash","floor":3},{"not_picked":["Deflect","Distraction"],"picked":"Noxious Fumes","floor":4},{"not_picked":["Backflip","Underhanded Strike"],"picked":"Dagger Spray","floor":5},{"not_picked":["Reflex","Underhanded Strike"],"picked":"Deflect","floor":6}],"player_experience":1138216,"relics_obtained":[{"floor":6,"key":"Shuriken"},{"floor":9,"key":"Bag of Preparation"}],"event_choices":[],"is_beta":false,"boss_relics":[],"items_purged_floors":[],"is_endless":false,"potions_floor_spawned":[1,3],"killed_by":"3 Sentries","ascension_level":20}