{"gold_per_floor":[111,130,55,69,69,69,86,121,201,211,211,21,21,33,33,137,137,150,163,38,38,53,53,68,68,68,88,88,178,178,28,28,129,159,170,182,182,202,202,202,212,231,231,56,56,72,83,94,94,94],"floor_reached":51,"playtime":4008,"items_purged":["Strike_B","Strike_B","Strike_B","Strike_B","Injury"],"score":603,"play_id":"aeaaf915-0f79-4bdf-9cd5-be1a4a08110e","local_time":"20180625194606","is_ascension_mode":false,"campfire_choices":[{"data":"Defragment","floor":6,"key":"SMITH"},{"data":"Genetic Algorithm","floor":11,"key":"SMITH"},{"data":"Static Discharge","floor":13,"key":"SMITH"},{"data":"Hologram","floor":15,"key":"SMITH"},{"data":"Seek","floor":23,"key":"SMITH"},{"data":"Jack Of All Trades","floor":25,"key":"SMITH"},{"data":"Jack Of All Trades","floor":30,"key":"SMITH"},{"floor":32,"key":"REST"},{"data":"Rainbow","floor":40,"key":"SMITH"},{"data":"Secret Technique","floor":45,"key":"SMITH"},{"data":"Finesse","floor":49,"key":"SMITH"}],"neow_cost":"NONE","seed_source_timestamp":667699102649845,"circlet_count":0,"master_deck":["Defend_B","Defend_B","Defend_B","Defend_B","Zap","Dualcast+1","Defragment+1","Conserve Battery","Genetic Algorithm+1","Static Discharge+1","Sweeping Beam","Hologram+1","Jack Of All Trades+1","White Noise","Seek+1","Reinforced Body+1","White Noise+1","Rainbow+1","Lockon+1","Finesse+1","Jack Of All Trades+1","Fission","Ball Lightning","Seek+1","Secret Technique+1","Coolheaded+1"],"relics":["Cracked Core","Vajra","Bird Faced Urn","Mummified Hand","Sozu","Bottled Flame","Tiny House","Blood Vial"],"potions_floor_usage":[8,8,10,50],"damage_taken":[{"damage":1,"enemies":"Jaw Worm","floor":1,"turns":4},{"damage":0,"enemies":"Small Slimes","floor":2,"turns":3},{"damage":0,"enemies":"Cultist","floor":4,"turns":4},{"damage":5,"enemies":"Blue Slaver","floor":7,"turns":5},{"damage":22,"enemies":"Gremlin Nob","floor":8,"turns":4},{"damage":0,"enemies":"Gremlin Gang","floor":10,"turns":3},{"damage":3,"enemies":"3 Louse","floor":14,"turns":3},{"damage":31,"enemies":"The Guardian","floor":16,"turns":9},{"damage":16,"enemies":"Shell Parasite","floor":18,"turns":4},{"damage":2,"enemies":"Spheric Guardian","floor":19,"turns":5},{"damage":3,"enemies":"Snake Plant","floor":22,"turns":4},{"damage":4,"enemies":"Centurion and Healer","floor":24,"turns":4},{"damage":0,"enemies":"3 Cultists","floor":27,"turns":3},{"damage":47,"enemies":"Automaton","floor":33,"turns":11},{"damage":11,"enemies":"Orb Walker","floor":35,"turns":3},{"damage":13,"enemies":"3 Darklings","floor":36,"turns":3},{"damage":14,"enemies":"4 Shapes","floor":38,"turns":4},{"damage":0,"enemies":"Maw","floor":41,"turns":9},{"damage":9,"enemies":"Sphere and 2 Shapes","floor":42,"turns":4},{"damage":6,"enemies":"4 Shapes","floor":46,"turns":6},{"damage":0,"enemies":"3 Darklings","floor":47,"turns":4},{"damage":0,"enemies":"Maw","floor":48,"turns":9},{"damage":76,"enemies":"Time Eater","floor":50,"turns":12}],"seed_played":"-311611903920047548","potions_obtained":[{"floor":1,"key":"EssenceOfSteel"},{"floor":4,"key":"LiquidBronze"},{"floor":7,"key":"Explosive Potion"},{"floor":16,"key":"Fire Potion"}],"is_trial":false,"path_per_floor":["M","M","$","M","?","R","M","E","T","M","R","$","R","M","R","B",null,"M","M","$","?","M","R","M","R","T","M","?","?","R","$","R","B",null,"M","M","?","M","?","R","M","M","T","$","R","M","M","M","R","B"],"character_chosen":"DEFECT","items_purchased":["Jack Of All Trades"],"campfire_rested":1,"item_purchase_floors":[12],"current_hp_per_floor":[74,74,74,74,74,74,69,47,47,49,49,49,49,48,48,23,75,68,70,70,70,74,74,71,71,71,75,75,47,47,47,69,32,80,69,62,62,58,58,58,68,67,67,67,67,71,80,80,80,13],"gold":94,"neow_bonus":"RANDOM_COMMON_RELIC","is_prod":false,"is_daily":false,"chose_seed":false,"campfire_upgraded":10,"win_rate":0,"timestamp":1529970366,"path_taken":["M","M","$","M","?","R","M","E","T","M","R","$","R","M","R","BOSS","M","M","$","?","M","R","M","R","T","M","?","?","R","$","R","BOSS","M","M","?","M","?","R","M","M","T","$","R","M","M","M","R","BOSS"],"build_version":"2018-06-21v2","purchased_purges":5,"victory":true,"max_hp_per_floor":[75,75,75,75,75,75,75,75,75,75,75,75,75,75,75,75,75,75,75,75,75,75,75,75,75,75,75,75,75,75,75,75,75,80,80,80,80,80,80,80,80,80,80,80,80,80,80,80,80,80],"card_choices":[{"not_picked":["White Noise","Self Repair"],"picked":"Defragment","floor":1},{"not_picked":["Skim","Chaos"],"picked":"Conserve Battery","floor":2},{"not_picked":["Darkness","Barrage"],"picked":"Genetic Algorithm","floor":4},{"not_picked":["Auto Shields","Redo"],"picked":"Static Discharge","floor":7},{"not_picked":["Stack","Auto Shields"],"picked":"Sweeping Beam","floor":8},{"not_picked":["Stack","Fusion"],"picked":"Hologram","floor":10},{"not_picked":["Coolheaded","Cold Snap"],"picked":"White Noise","floor":14},{"not_picked":["Buffer","Rainbow"],"picked":"Seek","floor":16},{"not_picked":["Chaos","Doom and Gloom"],"picked":"Reinforced Body+1","floor":18},{"not_picked":["Steam","Beam Cell+1"],"picked":"White Noise+1","floor":19},{"not_picked":["Heatsinks+1","Hologram"],"picked":"Lockon+1","floor":22},{"not_picked":["Genetic Algorithm+1","Rebound+1","Force Field"],"picked":"SKIP","floor":24},{"not_picked":["Double Energy","Streamline+1","Genetic Algorithm"],"picked":"SKIP","floor":27},{"not_picked":["Seek","Thunder Strike"],"picked":"Fission","floor":33},{"not_picked":["FTL+1","Go for the Eyes"],"picked":"Ball Lightning","floor":35},{"not_picked":["Auto Shields+1","Steam+1"],"picked":"Seek","floor":36},{"not_picked":["Thinking Ahead","Deep Breath"],"picked":"Secret Technique","floor":37},{"not_picked":["Leap","Hologram"],"picked":"Coolheaded+1","floor":38},{"not_picked":["Sweeping Beam","Hologram","Self Repair"],"picked":"SKIP","floor":41},{"not_picked":["Streamline+1","Fusion+1","Cold Snap+1"],"picked":"SKIP","floor":42},{"not_picked":["Melter","Stack+1","Heatsinks+1"],"picked":"SKIP","floor":46},{"not_picked":["Streamline","Barrage+1","Sweeping Beam+1"],"picked":"SKIP","floor":47},{"not_picked":["Rainbow","Barrage+1","Streamline"],"picked":"SKIP","floor":48}],"player_experience":65173,"relics_obtained":[{"floor":8,"key":"Bird Faced Urn"},{"floor":9,"key":"Mummified Hand"},{"floor":26,"key":"Bottled Flame"},{"floor":43,"key":"Blood Vial"}],"event_choices":[{"event_name":"Liars Game","player_choice":"disagreed","floor":5,"damage_taken":0},{"event_name":"Match and Keep!","player_choice":"2 cards matched","floor":21,"damage_taken":0},{"event_name":"Ghosts","player_choice":"Ignored","floor":28,"damage_taken":0},{"event_name":"Knowing Skull","player_choice":"CARD CARD GOLD ","floor":29,"damage_taken":0},{"event_name":"SensoryStone","player_choice":"Memory 1","floor":37,"damage_taken":0},{"event_name":"Upgrade Shrine","player_choice":"Upgraded","floor":39,"damage_taken":0}],"boss_relics":[{"not_picked":["Orrery","Fusion Hammer"],"picked":"Sozu"},{"not_picked":["Runic Pyramid","Philosopher\u0027s Stone"],"picked":"Tiny House"}],"items_purged_floors":[3,12,20,31,44],"is_endless":false,"potions_floor_spawned":[1,4,7,16,18,27,35,38,42],"ascension_level":0}