{"gold_per_floor":[112,124,84,97,117,117,148,167,167,167,107,133,145,145],"floor_reached":14,"playtime":689,"items_purged":["Strike_R"],"score":97,"play_id":"82e4559c-5f71-47ee-ab3a-51562796d7dc","local_time":"20190624022338","is_ascension_mode":true,"campfire_choices":[{"data":"Demon Form","floor":6,"key":"SMITH"}],"neow_cost":"NONE","seed_source_timestamp":376710473122290,"circlet_count":0,"master_deck":["Strike_R","Strike_R","Strike_R","Strike_R","Defend_R","Defend_R","Defend_R","Defend_R","Bash","Demon Form+1","Flex","Heavy Blade","Perfected Strike","True Grit","Bludgeon"],"relics":["Burning Blood","NeowsBlessing","The Courier","Girya","Odd Mushroom"],"potions_floor_usage":[4,7,7,7],"damage_taken":[{"damage":0,"enemies":"2 Louse","floor":1,"turns":1},{"damage":0,"enemies":"Cultist","floor":2,"turns":1},{"damage":0,"enemies":"Jaw Worm","floor":4,"turns":1},{"damage":5,"enemies":"Looter","floor":5,"turns":4},{"damage":51,"enemies":"3 Sentries","floor":7,"turns":18},{"damage":13,"enemies":"3 Louse","floor":8,"turns":4},{"damage":34,"enemies":"The Mushroom Lair","floor":12,"turns":5},{"damage":10,"enemies":"Gremlin Gang","floor":13,"turns":8},{"damage":9,"enemies":"Blue Slaver","floor":14,"turns":2}],"seed_played":"7182907886531511912","potions_obtained":[{"floor":3,"key":"PowerPotion"},{"floor":3,"key":"Fruit Juice"},{"floor":3,"key":"Energy Potion"},{"floor":4,"key":"BloodPotion"}],"is_trial":false,"path_per_floor":["M","M","?","M","M","R","E","M","T","?","$","?","M","M"],"character_chosen":"IRONCLAD","items_purchased":[],"campfire_rested":0,"item_purchase_floors":[],"current_hp_per_floor":[80,80,80,85,85,85,48,41,41,41,41,13,9,0],"gold":145,"neow_bonus":"THREE_ENEMY_KILL","is_prod":false,"is_daily":false,"chose_seed":false,"campfire_upgraded":1,"win_rate":0,"timestamp":1561335818,"path_taken":["M","M","?","M","M","R","E","?","T","?","$","?","M","M"],"build_version":"2019-01-23","purchased_purges":1,"victory":false,"max_hp_per_floor":[80,80,80,85,85,85,85,85,85,85,85,85,85,85],"card_choices":[{"not_picked":["Flex","Shrug It Off","Heavy Blade"],"picked":"SKIP","floor":1},{"not_picked":["Flex","Clash","Havoc"],"picked":"SKIP","floor":2},{"not_picked":["Burning Pact","Clothesline"],"picked":"Demon Form","floor":4},{"not_picked":["Anger","Shrug It Off"],"picked":"Flex","floor":5},{"not_picked":["Twin Strike","Body Slam"],"picked":"Heavy Blade","floor":7},{"not_picked":["Corruption","Flex"],"picked":"Perfected Strike","floor":8},{"not_picked":["Headbutt","Havoc"],"picked":"True Grit","floor":12},{"not_picked":["Havoc","Iron Wave"],"picked":"Bludgeon","floor":13}],"player_experience":107794,"relics_obtained":[{"floor":7,"key":"The Courier"},{"floor":9,"key":"Girya"},{"floor":12,"key":"Odd Mushroom"}],"event_choices":[{"damage_healed":0,"gold_gain":0,"player_choice":"Bought 3 Potions","damage_taken":0,"max_hp_gain":0,"max_hp_loss":0,"event_name":"The Woman in Blue","floor":3,"gold_loss":0},{"damage_healed":0,"gold_gain":0,"player_choice":"Ignored","damage_taken":0,"max_hp_gain":0,"max_hp_loss":0,"event_name":"Liars Game","floor":10,"gold_loss":0},{"damage_healed":0,"gold_gain":0,"player_choice":"Fought Mushrooms","damage_taken":0,"max_hp_gain":0,"max_hp_loss":0,"event_name":"Mushrooms","floor":12,"gold_loss":0}],"is_beta":false,"boss_relics":[],"items_purged_floors":[11],"is_endless":false,"potions_floor_spawned":[4,5],"killed_by":"Blue Slaver","ascension_level":1}