{"gold_per_floor":[115,130,54,68,10,10,35,35,35,35,45,45,64,64,64,135,135,150,425,53,53,72,72,72],"floor_reached":24,"playtime":975,"items_purged":["Regret"],"score":388,"play_id":"a7206bf5-e1e9-488e-b977-cb49576e31d8","local_time":"20181023125436","is_ascension_mode":true,"campfire_choices":[{"data":"Entrench","floor":6,"key":"SMITH"},{"data":"Body Slam","floor":8,"key":"SMITH"},{"data":"Havoc","floor":10,"key":"SMITH"},{"data":"True Grit","floor":15,"key":"SMITH"},{"data":"Seeing Red","floor":23,"key":"SMITH"}],"neow_cost":"NONE","seed_source_timestamp":405643143531319,"circlet_count":0,"master_deck":["Strike_R","Strike_R","Strike_R","Strike_R","Defend_R","Defend_R","Defend_R","Defend_R","Bash","AscendersBane","Entrench+1","Body Slam+1","Inflame","Twin Strike","Shrug It Off","Havoc+1","True Grit+1","Impervious","Exhume","Headbutt","True Grit","Seeing Red+1"],"relics":["Burning Blood","Vajra","Unceasing Top","FossilizedHelix","Mark of Pain","Sundial"],"potions_floor_usage":[2,16,16,21,24],"damage_taken":[{"damage":1,"enemies":"Cultist","floor":1,"turns":3},{"damage":4,"enemies":"Jaw Worm","floor":2,"turns":3},{"damage":9,"enemies":"2 Louse","floor":4,"turns":2},{"damage":40,"enemies":"Lagavulin","floor":7,"turns":5},{"damage":0,"enemies":"Large Slime","floor":11,"turns":5},{"damage":12,"enemies":"Lots of Slimes","floor":13,"turns":5},{"damage":25,"enemies":"Hexaghost","floor":16,"turns":8},{"damage":9,"enemies":"Shell Parasite","floor":18,"turns":7},{"damage":27,"enemies":"Colosseum Slavers","floor":21,"turns":7},{"damage":10,"enemies":"3 Byrds","floor":22,"turns":7},{"damage":51,"enemies":"Gremlin Leader","floor":24,"turns":5}],"seed_played":"-7136045481931989892","potions_obtained":[{"floor":1,"key":"Weak Potion"},{"floor":4,"key":"LiquidBronze"},{"floor":7,"key":"LiquidBronze"},{"floor":18,"key":"PowerPotion"},{"floor":22,"key":"LiquidBronze"}],"is_trial":false,"path_per_floor":["M","M","$","M","$","R","E","R","T","R","M","?","M","?","R","B",null,"M","?","$","?","M","R"],"character_chosen":"IRONCLAD","items_purchased":["Inflame","Shrug It Off","Sundial","True Grit"],"campfire_rested":0,"item_purchase_floors":[3,5,20,20],"current_hp_per_floor":[73,75,75,72,72,72,38,38,38,38,44,49,43,43,43,24,66,63,63,63,42,38,38,0],"gold":72,"neow_bonus":"RANDOM_COMMON_RELIC","is_prod":false,"is_daily":false,"chose_seed":false,"campfire_upgraded":5,"win_rate":0,"timestamp":1540313676,"path_taken":["M","M","$","M","?","R","E","R","T","R","M","?","?","?","R","BOSS","M","?","$","?","M","R","E"],"build_version":"2018-10-18","purchased_purges":1,"victory":false,"max_hp_per_floor":[75,75,75,75,75,75,75,75,75,75,75,80,80,80,80,80,80,80,80,80,80,80,80,80],"card_choices":[{"not_picked":["Clash","Twin Strike"],"picked":"Entrench","floor":1},{"not_picked":["Perfected Strike","Ghostly Armor"],"picked":"Body Slam","floor":2},{"not_picked":["Sever Soul","Heavy Blade"],"picked":"Twin Strike","floor":4},{"not_picked":["Armaments","Combust"],"picked":"Havoc","floor":7},{"not_picked":["Warcry","Reckless Charge"],"picked":"True Grit","floor":11},{"not_picked":["Flex","Second Wind"],"picked":"Impervious","floor":13},{"not_picked":["Double Tap","Juggernaut"],"picked":"Exhume","floor":16},{"not_picked":["Perfected Strike+1","Disarm"],"picked":"Headbutt","floor":18},{"not_picked":["Flex+1","Bloodletting"],"picked":"Seeing Red","floor":22}],"player_experience":955247,"relics_obtained":[{"floor":7,"key":"Unceasing Top"},{"floor":9,"key":"FossilizedHelix"}],"event_choices":[{"damage_healed":0,"gold_gain":0,"player_choice":"Donut","damage_taken":0,"max_hp_gain":5,"max_hp_loss":0,"event_name":"Big Fish","floor":12,"gold_loss":0},{"cards_removed":["Strike_R"],"damage_healed":0,"gold_gain":0,"player_choice":"Purged","damage_taken":0,"max_hp_gain":0,"max_hp_loss":0,"event_name":"Purifier","floor":14,"gold_loss":0},{"damage_healed":0,"gold_gain":275,"player_choice":"Desecrate","damage_taken":0,"max_hp_gain":0,"max_hp_loss":0,"event_name":"Golden Shrine","floor":19,"gold_loss":0,"cards_obtained":["Regret"]},{"damage_healed":0,"gold_gain":0,"player_choice":"Fight","damage_taken":0,"max_hp_gain":0,"max_hp_loss":0,"event_name":"Colosseum","floor":21,"gold_loss":0},{"damage_healed":0,"gold_gain":0,"player_choice":"Fled From Nobs","damage_taken":0,"max_hp_gain":0,"max_hp_loss":0,"event_name":"Colosseum","floor":21,"gold_loss":0}],"is_beta":false,"boss_relics":[{"not_picked":["Snecko Eye","White Beast Statue"],"picked":"Mark of Pain"}],"items_purged_floors":[20],"is_endless":false,"potions_floor_spawned":[1,4,7,18,21,22],"killed_by":"Gremlin Leader","ascension_level":20}