{"gold_per_floor":[115,125,125,125,142,171,171,202,202,216,216,216,249,265,265,339,339,359,40,72,83,83],"floor_reached":22,"playtime":790,"items_purged":[],"score":508,"play_id":"d877c811-5b7b-4def-8b89-590bceeb1aab","local_time":"20190119221242","is_ascension_mode":true,"campfire_choices":[{"data":"Zap","floor":7,"key":"SMITH"},{"floor":11,"key":"REST"},{"floor":15,"key":"REST"}],"neow_cost":"NONE","seed_source_timestamp":37669258802180,"circlet_count":0,"master_deck":["AscendersBane","Strike_B","Strike_B","Strike_B","Strike_B","Defend_B","Defend_B","Defend_B","Defend_B","Zap+1","Dualcast","Coolheaded+1","Coolheaded+1","Glacier+1","Darkness+1","Electrodynamics+1","Steam+1","Cold Snap","Rainbow+1","Cold Snap","Compile Driver"],"relics":["Cracked Core","NeowsBlessing","Bag of Marbles","Toxic Egg 2","War Paint","Ancient Tea Set","Cursed Key","Omamori","Bag of Preparation","Red Mask"],"potions_floor_usage":[6,8,13,16,22],"damage_taken":[{"damage":0,"enemies":"Cultist","floor":1,"turns":1},{"damage":0,"enemies":"2 Louse","floor":2,"turns":1},{"damage":0,"enemies":"Small Slimes","floor":5,"turns":1},{"damage":28,"enemies":"Lagavulin","floor":6,"turns":10},{"damage":11,"enemies":"3 Sentries","floor":8,"turns":11},{"damage":0,"enemies":"Red Slaver","floor":10,"turns":5},{"damage":24,"enemies":"Gremlin Nob","floor":13,"turns":4},{"damage":0,"enemies":"3 Louse","floor":14,"turns":3},{"damage":0,"enemies":"Hexaghost","floor":16,"turns":9},{"damage":13,"enemies":"Shell Parasite","floor":18,"turns":5},{"damage":33,"enemies":"Masked Bandits","floor":20,"turns":4},{"damage":0,"enemies":"3 Byrds","floor":21,"turns":1},{"damage":24,"enemies":"Snake Plant","floor":22,"turns":2}],"seed_played":"4503338872196203904","potions_obtained":[{"floor":2,"key":"Block Potion"},{"floor":6,"key":"PowerPotion"},{"floor":8,"key":"Swift Potion"},{"floor":14,"key":"FocusPotion"},{"floor":20,"key":"SteroidPotion"}],"is_trial":false,"path_per_floor":["M","M","?","?","M","E","R","E","T","M","R","?","E","M","R","B",null,"M","$","?","M","M"],"character_chosen":"DEFECT","items_purchased":["Omamori","Bag of Preparation"],"campfire_rested":2,"item_purchase_floors":[19,19],"current_hp_per_floor":[64,64,69,51,51,23,23,12,12,12,34,34,10,10,32,32,65,52,52,19,19,0],"gold":83,"neow_bonus":"THREE_ENEMY_KILL","is_prod":false,"is_daily":false,"chose_seed":false,"campfire_upgraded":1,"win_rate":0,"timestamp":1547953962,"path_taken":["M","?","?","?","M","E","R","E","T","M","R","?","E","M","R","BOSS","M","$","?","M","M"],"build_version":"2019-01-17v2","purchased_purges":0,"victory":false,"max_hp_per_floor":[71,71,76,76,76,76,76,76,76,76,76,76,76,76,76,76,76,76,76,76,76,76],"card_choices":[{"not_picked":["Conserve Battery","Go for the Eyes"],"picked":"Coolheaded","floor":1},{"not_picked":["Lockon","Melter","Steam"],"picked":"SKIP","floor":2},{"not_picked":["Barrage","Go for the Eyes"],"picked":"Coolheaded","floor":5},{"not_picked":["Sunder","Ball Lightning"],"picked":"Glacier","floor":6},{"not_picked":["Heatsinks","Force Field+1"],"picked":"Darkness+1","floor":8},{"not_picked":["Leap+1","Glacier+1"],"picked":"Electrodynamics","floor":10},{"not_picked":["Rebound","Skim+1"],"picked":"Steam+1","floor":13},{"not_picked":["Genetic Algorithm+1","Melter"],"picked":"Cold Snap","floor":14},{"not_picked":["Electrodynamics","Hyperbeam"],"picked":"Rainbow+1","floor":16},{"not_picked":["Heatsinks","Stack+1"],"picked":"Cold Snap","floor":18},{"not_picked":["Rebound","Steam+1"],"picked":"Compile Driver","floor":21}],"player_experience":1344825,"relics_obtained":[{"floor":6,"key":"Toxic Egg 2"},{"floor":8,"key":"War Paint"},{"floor":13,"key":"Ancient Tea Set"},{"floor":20,"key":"Red Mask"}],"event_choices":[{"damage_healed":0,"gold_gain":0,"player_choice":"Donut","damage_taken":0,"max_hp_gain":5,"max_hp_loss":0,"event_name":"Big Fish","floor":3,"gold_loss":0},{"damage_healed":0,"gold_gain":0,"player_choice":"Success","damage_taken":18,"relics_obtained":["Bag of Marbles"],"max_hp_gain":0,"max_hp_loss":0,"event_name":"Scrap Ooze","floor":4,"gold_loss":0},{"damage_healed":0,"gold_gain":0,"player_choice":"Forge","damage_taken":0,"max_hp_gain":0,"max_hp_loss":0,"event_name":"Accursed Blacksmith","floor":12,"gold_loss":0,"cards_upgraded":["Electrodynamics"]},{"damage_healed":0,"gold_gain":0,"player_choice":"Fought Bandits","damage_taken":0,"max_hp_gain":0,"max_hp_loss":0,"event_name":"Masked Bandits","floor":20,"gold_loss":0}],"is_beta":false,"boss_relics":[{"not_picked":["Pandora\u0027s Box","FrozenCore"],"picked":"Cursed Key"}],"items_purged_floors":[],"is_endless":false,"potions_floor_spawned":[2,6,8,14,20],"killed_by":"Snake Plant","ascension_level":20}