{"gold_per_floor":[116,136,136,136,311,336,336,77,123,140,140,170,170,186,186,291,291,306,133,150,166,184,184,197,213,213,213,228,259,259,270,270,270],"floor_reached":33,"playtime":2771,"items_purged":["Strike_B","Strike_B+1"],"score":304,"play_id":"62dd5e7e-474a-4723-889f-7bee101fccb8","local_time":"20180626082559","is_ascension_mode":false,"campfire_choices":[{"data":"Hologram","floor":7,"key":"SMITH"},{"floor":11,"key":"REST"},{"floor":13,"key":"REST"},{"data":"Zap","floor":15,"key":"SMITH"},{"data":"Storm","floor":23,"key":"SMITH"},{"floor":27,"key":"REST"},{"data":"Apotheosis","floor":32,"key":"SMITH"}],"neow_cost":"NONE","seed_source_timestamp":683372195643305,"circlet_count":0,"master_deck":["Defend_B","Defend_B+1","Defend_B","Defend_B","Zap+1","Dualcast","Ball Lightning","Sunder","Hologram+1","Apotheosis+1","Echo Form","Creative AI","Leap","Storm+1","Self Repair+1","Hologram+1","Ball Lightning","Loop+1","Ghostly","Ghostly","Ghostly","Ghostly","Ghostly"],"relics":["Cracked Core","Torii","Mercury Hourglass","Blood Vial","Strawberry","Empty Cage","Bottled Flame","Orichalcum"],"potions_floor_usage":[16,21,22,24,29,33],"damage_taken":[{"damage":5,"enemies":"Small Slimes","floor":1,"turns":4},{"damage":1,"enemies":"Jaw Worm","floor":2,"turns":4},{"damage":31,"enemies":"Lagavulin","floor":6,"turns":5},{"damage":1,"enemies":"2 Louse","floor":10,"turns":2},{"damage":28,"enemies":"Gremlin Nob","floor":12,"turns":4},{"damage":1,"enemies":"Blue Slaver","floor":14,"turns":4},{"damage":16,"enemies":"Slime Boss","floor":16,"turns":7},{"damage":28,"enemies":"2 Thieves","floor":18,"turns":4},{"damage":13,"enemies":"Chosen","floor":20,"turns":4},{"damage":12,"enemies":"Centurion and Healer","floor":21,"turns":4},{"damage":19,"enemies":"Chosen and Byrds","floor":22,"turns":6},{"damage":17,"enemies":"3 Cultists","floor":24,"turns":4},{"damage":7,"enemies":"Snecko","floor":25,"turns":8},{"damage":29,"enemies":"Cultist and Chosen","floor":28,"turns":6},{"damage":1,"enemies":"Gremlin Leader","floor":29,"turns":8},{"damage":15,"enemies":"Snake Plant","floor":31,"turns":5},{"damage":42,"enemies":"Collector","floor":33,"turns":10}],"seed_played":"3138952586792639261","potions_obtained":[{"floor":1,"key":"Fire Potion"},{"floor":16,"key":"Explosive Potion"},{"floor":18,"key":"Energy Potion"},{"floor":21,"key":"Weak Potion"},{"floor":25,"key":"LiquidBronze"},{"floor":28,"key":"Energy Potion"}],"is_trial":false,"path_per_floor":["M","M","?","T","?","E","R","$","T","M","R","E","R","M","R","B",null,"M","$","M","M","M","R","M","M","T","R","M","E","?","M","R"],"character_chosen":"DEFECT","items_purchased":["Apotheosis","Storm"],"campfire_rested":3,"item_purchase_floors":[8,19],"current_hp_per_floor":[70,69,54,54,54,23,23,23,23,24,46,27,51,52,52,38,82,54,54,43,33,16,16,11,26,26,50,33,54,41,36,36,0],"gold":270,"neow_bonus":"REMOVE_CARD","is_prod":false,"is_daily":false,"chose_seed":false,"campfire_upgraded":4,"win_rate":0,"timestamp":1530015959,"path_taken":["M","M","?","?","?","E","R","$","T","M","R","E","R","M","R","BOSS","M","$","M","M","M","R","M","?","T","R","M","E","?","M","R","BOSS"],"build_version":"2018-06-21v2","purchased_purges":2,"victory":false,"max_hp_per_floor":[75,75,75,75,75,75,75,75,75,75,75,82,82,82,82,82,82,82,82,82,82,82,82,82,82,82,82,82,82,41,41,41,41],"card_choices":[{"not_picked":["Doom and Gloom","Streamline"],"picked":"Ball Lightning","floor":1},{"not_picked":["Conserve Battery","Compile Driver"],"picked":"Sunder","floor":2},{"not_picked":["Beam Cell","Consume"],"picked":"Hologram","floor":6},{"not_picked":["Blizzard","Compile Driver","Rip and Tear"],"picked":"SKIP","floor":10},{"not_picked":["Melter","Steam"],"picked":"Echo Form","floor":12},{"not_picked":["Stack","Redo","Rebound"],"picked":"SKIP","floor":14},{"not_picked":["Echo Form","Core Surge"],"picked":"Creative AI","floor":16},{"not_picked":["Recycle","Barrage"],"picked":"Leap","floor":18},{"not_picked":["Go for the Eyes","Gash","Hello World"],"picked":"SKIP","floor":20},{"not_picked":["Reinforced Body","Sweeping Beam"],"picked":"Self Repair+1","floor":21},{"not_picked":["Beam Cell","Steam"],"picked":"Hologram+1","floor":22},{"not_picked":["Streamline","Go for the Eyes","Rip and Tear"],"picked":"SKIP","floor":24},{"not_picked":["Redo","Leap"],"picked":"Ball Lightning","floor":25},{"not_picked":["Coolheaded","Darkness","Aggregate"],"picked":"SKIP","floor":28},{"not_picked":["Ball Lightning","Capacitor"],"picked":"Loop+1","floor":29},{"not_picked":["Gash+1","Reprogram+1","Go for the Eyes"],"picked":"SKIP","floor":31}],"player_experience":79020,"relics_obtained":[{"floor":4,"key":"Torii"},{"floor":6,"key":"Mercury Hourglass"},{"floor":9,"key":"Blood Vial"},{"floor":12,"key":"Strawberry"},{"floor":26,"key":"Bottled Flame"},{"floor":29,"key":"Orichalcum"}],"event_choices":[{"event_name":"Shining Light","player_choice":"Entered Light","floor":3,"damage_taken":0},{"event_name":"Liars Game","player_choice":"agreed","floor":5,"damage_taken":0},{"event_name":"Ghosts","player_choice":"Became a Ghost","floor":30,"damage_taken":0}],"boss_relics":[{"not_picked":["Ectoplasm","Orrery"],"picked":"Empty Cage"}],"items_purged_floors":[8,19],"is_endless":false,"potions_floor_spawned":[1,16,18,21,25,28],"killed_by":"Collector","ascension_level":0}