{"gold_per_floor":[112,112,112,124,138,138,166,166,191,225,236,22,22,41,41,116,116,127,151,182,211,223,235,276,288,300,312,351,379,391,403,415,427],"floor_reached":33,"playtime":1338,"items_purged":["Strike_G"],"score":582,"play_id":"edede60a-7be7-42af-b4e3-e6558a4b8094","local_time":"20190717235915","is_ascension_mode":true,"campfire_choices":[{"data":"Leg Sweep","floor":6,"key":"SMITH"},{"data":"Caltrops","floor":8,"key":"SMITH"},{"floor":13,"key":"REST"},{"data":"Corpse Explosion","floor":15,"key":"SMITH"},{"data":"Adrenaline","floor":23,"key":"SMITH"},{"floor":25,"key":"RECALL"},{"data":"Deadly Poison","floor":27,"key":"SMITH"},{"data":"Skewer","floor":32,"key":"SMITH"}],"neow_cost":"NONE","seed_source_timestamp":12347002322813,"circlet_count":0,"master_deck":["AscendersBane","Defend_G","Defend_G","Defend_G","Defend_G","Defend_G","Survivor","Neutralize","Deadly Poison+1","Bane","Leg Sweep+1","Caltrops+1","PiercingWail","Deflect","Corpse Explosion+1","Adrenaline+1","Quick Slash","Deadly Poison+1","Skewer+1","Bite","Bite","Bite","Bite"],"relics":["Ring of the Snake","NeowsBlessing","Boot","Bag of Preparation","Dodecahedron","Busted Crown","MawBank","CultistMask","Bag of Marbles","Ice Cream","Smiling Mask"],"potions_floor_usage":[21,28,33],"damage_taken":[{"damage":0,"enemies":"2 Louse","floor":1,"turns":1},{"damage":0,"enemies":"Cultist","floor":4,"turns":1},{"damage":0,"enemies":"Small Slimes","floor":5,"turns":1},{"damage":27,"enemies":"Lagavulin","floor":7,"turns":8},{"damage":18,"enemies":"Gremlin Nob","floor":10,"turns":5},{"damage":0,"enemies":"3 Louse","floor":11,"turns":4},{"damage":4,"enemies":"Large Slime","floor":14,"turns":8},{"damage":2,"enemies":"The Guardian","floor":16,"turns":12},{"damage":6,"enemies":"3 Byrds","floor":18,"turns":4},{"damage":1,"enemies":"Shell Parasite","floor":20,"turns":5},{"damage":5,"enemies":"Centurion and Healer","floor":21,"turns":6},{"damage":11,"enemies":"Slavers","floor":24,"turns":4},{"damage":7,"enemies":"Book of Stabbing","floor":28,"turns":5},{"damage":0,"enemies":"Snake Plant","floor":29,"turns":4},{"damage":81,"enemies":"Champ","floor":33,"turns":12}],"seed_played":"8737014208731945727","potions_obtained":[{"floor":7,"key":"SpeedPotion"},{"floor":11,"key":"FearPotion"},{"floor":16,"key":"LiquidBronze"},{"floor":20,"key":"Regen Potion"},{"floor":28,"key":"Swift Potion"},{"floor":29,"key":"SteroidPotion"}],"is_trial":false,"path_per_floor":["M","?","?","M","M","R","E","R","T","E","M","$","R","M","R","B",null,"M","T","M","M","?","R","E","R","T","R","E","M","?","?","R","B"],"character_chosen":"THE_SILENT","items_purchased":["Corpse Explosion"],"campfire_rested":1,"item_purchase_floors":[12],"current_hp_per_floor":[59,59,59,59,59,59,32,32,32,14,14,14,33,29,29,27,56,50,50,49,59,59,59,48,48,48,48,41,41,41,41,41,0],"gold":427,"neow_bonus":"THREE_ENEMY_KILL","is_prod":false,"is_daily":false,"chose_seed":false,"campfire_upgraded":6,"win_rate":0,"timestamp":1563422355,"path_taken":["M","?","?","M","M","R","E","R","T","E","M","$","R","M","R","BOSS","M","?","M","M","?","R","E","R","T","R","E","?","?","?","R","BOSS"],"build_version":"2019-07-17","purchased_purges":1,"victory":false,"max_hp_per_floor":[66,66,66,66,66,66,66,66,66,66,66,66,66,66,66,66,66,66,66,66,66,66,66,66,66,66,66,66,66,46,46,46,46],"card_choices":[{"not_picked":["Prepared","Blur"],"picked":"Deadly Poison","floor":1},{"not_picked":["Calculated Gamble","Bouncing Flask"],"picked":"Bane","floor":4},{"not_picked":["Acrobatics","PiercingWail"],"picked":"Leg Sweep","floor":5},{"not_picked":["Flying Knee","Doppelganger"],"picked":"Caltrops","floor":7},{"not_picked":["Expertise","Dodge and Roll"],"picked":"PiercingWail","floor":10},{"not_picked":["Slice","Acrobatics"],"picked":"Deflect","floor":11},{"not_picked":["Poisoned Stab","Bane","Blade Dance"],"picked":"SKIP","floor":14},{"not_picked":["Night Terror","Envenom"],"picked":"Adrenaline","floor":16},{"not_picked":["Poisoned Stab"],"picked":"SKIP","floor":18},{"not_picked":["Deflect"],"picked":"SKIP","floor":20},{"not_picked":[],"picked":"Quick Slash","floor":21},{"not_picked":[],"picked":"Deadly Poison","floor":24},{"not_picked":["Deflect"],"picked":"SKIP","floor":28},{"not_picked":[],"picked":"Skewer","floor":29}],"player_experience":1511245,"relics_obtained":[{"floor":7,"key":"Boot"},{"floor":9,"key":"Bag of Preparation"},{"floor":10,"key":"Dodecahedron"},{"floor":19,"key":"MawBank"},{"floor":24,"key":"Bag of Marbles"},{"floor":26,"key":"Ice Cream"},{"floor":28,"key":"Smiling Mask"}],"event_choices":[{"damage_healed":0,"gold_gain":0,"player_choice":"Grow","damage_taken":0,"max_hp_gain":0,"max_hp_loss":0,"event_name":"Living Wall","floor":2,"gold_loss":0,"cards_upgraded":["Deadly Poison"]},{"cards_removed":["Strike_G"],"damage_healed":0,"gold_gain":0,"player_choice":"Offered Basic","damage_taken":0,"max_hp_gain":0,"max_hp_loss":0,"event_name":"Bonfire Elementals","floor":3,"gold_loss":0},{"damage_healed":0,"gold_gain":0,"player_choice":"Trade","damage_taken":0,"relics_obtained":["CultistMask"],"max_hp_gain":0,"max_hp_loss":0,"event_name":"FaceTrader","floor":22,"gold_loss":0},{"damage_healed":0,"gold_gain":0,"player_choice":"Became a vampire","damage_taken":0,"max_hp_gain":0,"max_hp_loss":20,"event_name":"Vampires","floor":30,"gold_loss":0,"cards_obtained":["Bite","Bite","Bite","Bite","Bite"]},{"cards_removed":["Bite"],"damage_healed":0,"gold_gain":0,"player_choice":"Purged","damage_taken":0,"max_hp_gain":0,"max_hp_loss":0,"event_name":"Purifier","floor":31,"gold_loss":0}],"is_beta":false,"boss_relics":[{"not_picked":["Tiny House","Ring of the Serpent"],"picked":"Busted Crown"}],"items_purged_floors":[12],"is_endless":false,"potions_floor_spawned":[7,11,16,18,20,28,29],"killed_by":"Champ","ascension_level":15}