{"gold_per_floor":[16,16,32,46,46,46,46,71,71,102,102,114,143,156,156,231,231,246,27,45,45,45,45,80,80,80,93,111,111],"floor_reached":29,"playtime":1202,"items_purged":[],"score":551,"play_id":"66c3f9cf-c630-4987-9545-c27f370924e2","local_time":"20181026204743","is_ascension_mode":true,"campfire_choices":[{"data":"Zap","floor":6.0,"key":"SMITH"},{"floor":11.0,"key":"REST"},{"floor":15,"key":"REST"},{"floor":23,"key":"DIG"},{"data":"Creative AI","floor":25,"key":"SMITH"}],"neow_cost":"NO_GOLD","seed_source_timestamp":692975645656743,"circlet_count":0,"master_deck":["Defend_B","Defend_B","Defend_B","Defend_B","Zap+1","Dualcast","AscendersBane","Electrodynamics","Hologram","Ball Lightning","Glacier","Core Surge","Hologram","Double Energy","Sweeping Beam","Creative AI+1","Cold Snap","Reprogram+1","Bite","Bite","Bite","Bite","Bite","Blizzard","Clumsy","Cold Snap"],"special_seed":0,"relics":["Cracked Core","Shovel","Darkstone Periapt","Peace Pipe","Centennial Puzzle","DataDisk","Cursed Key","Medical Kit","Bag of Preparation","Incense Burner","Shuriken"],"potions_floor_usage":[16,18,28,29],"damage_taken":[{"damage":4.0,"enemies":"Small Slimes","floor":1.0,"turns":3.0},{"damage":1.0,"enemies":"Cultist","floor":3.0,"turns":4.0},{"damage":0.0,"enemies":"2 Louse","floor":4.0,"turns":1.0},{"damage":34.0,"enemies":"Gremlin Nob","floor":8.0,"turns":4.0},{"damage":13.0,"enemies":"3 Sentries","floor":10.0,"turns":5.0},{"damage":0.0,"enemies":"Exordium Wildlife","floor":12.0,"turns":4.0},{"damage":10,"enemies":"Gremlin Nob","floor":13,"turns":4},{"damage":8,"enemies":"Blue Slaver","floor":14,"turns":3},{"damage":1,"enemies":"The Guardian","floor":16,"turns":12},{"damage":15,"enemies":"2 Thieves","floor":18,"turns":2},{"damage":0,"enemies":"Chosen","floor":20,"turns":4},{"damage":22,"enemies":"Gremlin Leader","floor":24,"turns":6},{"damage":10,"enemies":"Shelled Parasite and Fungi","floor":27,"turns":6},{"damage":7,"enemies":"Snecko","floor":28,"turns":5},{"damage":56,"enemies":"Book of Stabbing","floor":29,"turns":4}],"seed_played":"7179649875061338203","potions_obtained":[{"floor":8.0,"key":"Regen Potion"},{"floor":10.0,"key":"SteroidPotion"},{"floor":13,"key":"SteroidPotion"},{"floor":16,"key":"AttackPotion"},{"floor":20,"key":"Fire Potion"},{"floor":28,"key":"Ancient Potion"}],"is_trial":false,"path_per_floor":["M","?","M","M","?","R","?","E","T","E","R","M","E","M","R","B",null,"M","$","M","?","?","R","E","R","T","M","M"],"character_chosen":"DEFECT","items_purchased":["Medical Kit"],"campfire_rested":2,"item_purchase_floors":[19],"current_hp_per_floor":[60,53,52,52,41,41,41,7,7,8,29,29,19,11,32,31,61,46,46,46,46,46,46,37,37,43,47,46,0],"gold":111,"neow_bonus":"THREE_RARE_CARDS","is_prod":false,"is_daily":false,"chose_seed":false,"campfire_upgraded":2,"win_rate":0,"timestamp":1540601263,"path_taken":["M","?","M","M","?","R","?","E","T","E","R","M","E","?","R","BOSS","M","$","M","?","?","R","E","R","T","M","M","E"],"build_version":"2018-10-25v2","purchased_purges":0,"victory":false,"max_hp_per_floor":[71,71,71,71,71,71,71,71,71,71,71,71,71,71,71,71,71,71,71,71,49,49,49,49,49,55,55,55,55],"card_choices":[{"not_picked":["Meteor Strike","Machine Learning"],"picked":"Electrodynamics","floor":0.0},{"not_picked":["Gash","Leap"],"picked":"Hologram","floor":1.0},{"not_picked":["Gash","Steam"],"picked":"Ball Lightning","floor":3.0},{"not_picked":["Lockon","Genetic Algorithm"],"picked":"Glacier","floor":4.0},{"not_picked":["Turbo","Barrage"],"picked":"Core Surge","floor":8.0},{"not_picked":["Doom and Gloom","Reprogram","Aggregate"],"picked":"SKIP","floor":10.0},{"not_picked":["Streamline","Coolheaded"],"picked":"Hologram","floor":12.0},{"not_picked":["Multi-Cast","Redo"],"picked":"Double Energy","floor":13},{"not_picked":["Streamline","Storm"],"picked":"Sweeping Beam","floor":14},{"not_picked":["Fission","Multi-Cast"],"picked":"Creative AI","floor":16},{"not_picked":["Rebound","Chaos"],"picked":"Cold Snap","floor":18},{"not_picked":["Streamline","Capacitor"],"picked":"Reprogram+1","floor":20},{"not_picked":["Stack","Steam Power"],"picked":"Blizzard","floor":24},{"not_picked":["Rebound","Heatsinks","Doom and Gloom"],"picked":"SKIP","floor":27},{"not_picked":["Redo","Lockon"],"picked":"Cold Snap","floor":28}],"player_experience":993366,"relics_obtained":[{"floor":8.0,"key":"Darkstone Periapt"},{"floor":9.0,"key":"Peace Pipe"},{"floor":10.0,"key":"Centennial Puzzle"},{"floor":13,"key":"DataDisk"},{"floor":23,"key":"Bag of Preparation"},{"floor":24,"key":"Incense Burner"},{"floor":26,"key":"Shuriken"}],"event_choices":[{"cards_removed":["Strike_B"],"damage_healed":0.0,"max_hp_gain":0.0,"max_hp_loss":0.0,"gold_gain":0.0,"event_name":"Golden Wing","player_choice":"Card Removal","floor":2.0,"gold_loss":0.0,"damage_taken":7.0},{"damage_healed":0.0,"max_hp_gain":0.0,"max_hp_loss":0.0,"gold_gain":0.0,"event_name":"Scrap Ooze","player_choice":"Success","floor":5.0,"gold_loss":0.0,"damage_taken":11.0,"relics_obtained":["Shovel"]},{"cards_removed":["Strike_B"],"damage_healed":0.0,"max_hp_gain":0.0,"max_hp_loss":0.0,"gold_gain":0.0,"event_name":"Purifier","player_choice":"Purged","floor":7.0,"gold_loss":0.0,"damage_taken":0.0},{"damage_healed":0,"gold_gain":0,"player_choice":"Became a vampire","damage_taken":0,"max_hp_gain":0,"max_hp_loss":22,"event_name":"Vampires","floor":21,"gold_loss":0,"cards_obtained":["Bite","Bite","Bite","Bite","Bite"]},{"damage_healed":0,"gold_gain":0,"player_choice":"Ignored","damage_taken":0,"max_hp_gain":0,"max_hp_loss":0,"event_name":"Ghosts","floor":22,"gold_loss":0}],"is_beta":false,"boss_relics":[{"not_picked":["Empty Cage","Orrery"],"picked":"Cursed Key"}],"items_purged_floors":[],"is_endless":false,"potions_floor_spawned":[8,10,13,16,20,28],"killed_by":"Book of Stabbing","ascension_level":20}