{"gold_per_floor":[119,3,3,16,16,16,41,41,68,68,82,115,115,129,129,203,203,220,236,262,262,32,32,46,74,127,141,141],"floor_reached":28,"playtime":1288,"items_purged":["Strike_R"],"score":542,"play_id":"042a5e3f-1321-4233-ac3d-033a3bd343d1","local_time":"20181115160828","is_ascension_mode":true,"campfire_choices":[{"data":"Bash","floor":6,"key":"SMITH"},{"data":"Body Slam","floor":8,"key":"SMITH"},{"data":"Combust","floor":10,"key":"SMITH"},{"data":"Rupture","floor":15,"key":"SMITH"},{"floor":23,"key":"REST"}],"neow_cost":"NONE","seed_source_timestamp":100734914707043,"circlet_count":0,"master_deck":["AscendersBane","Strike_R","Strike_R","Strike_R","Defend_R","Defend_R","Defend_R","Defend_R","Bash+1","Power Through","Combust+1","Sword Boomerang","Body Slam+1","Battle Trance","Rupture+1","Brutality","Corruption","Power Through","Power Through","Body Slam","Intimidate","Limit Break","Rage"],"relics":["Burning Blood","NeowsBlessing","Pantograph","Strawberry","Art of War","Dream Catcher","Fusion Hammer","Red Mask","Lee\u0027s Waffle","Nunchaku","Anchor"],"potions_floor_usage":[16,19,19,25,28],"damage_taken":[{"damage":0,"enemies":"2 Louse","floor":1,"turns":1},{"damage":0,"enemies":"Cultist","floor":4,"turns":1},{"damage":0,"enemies":"3 Sentries","floor":7,"turns":2},{"damage":0,"enemies":"Small Slimes","floor":11,"turns":2},{"damage":38,"enemies":"Gremlin Nob","floor":12,"turns":4},{"damage":8,"enemies":"Blue Slaver","floor":14,"turns":3},{"damage":46,"enemies":"Hexaghost","floor":16,"turns":9},{"damage":14,"enemies":"Spheric Guardian","floor":18,"turns":5},{"damage":8,"enemies":"3 Byrds","floor":19,"turns":4},{"damage":58,"enemies":"Masked Bandits","floor":20,"turns":4},{"damage":11,"enemies":"Centurion and Healer","floor":24,"turns":7},{"damage":42,"enemies":"Gremlin Leader","floor":25,"turns":6},{"damage":19,"enemies":"3 Cultists","floor":27,"turns":5},{"damage":41,"enemies":"Book of Stabbing","floor":28,"turns":4}],"seed_played":"3347695864138313219","potions_obtained":[{"floor":1,"key":"SpeedPotion"},{"floor":4,"key":"Swift Potion"},{"floor":18,"key":"Explosive Potion"},{"floor":20,"key":"SteroidPotion"},{"floor":24,"key":"Strength Potion"},{"floor":27,"key":"AttackPotion"}],"is_trial":false,"path_per_floor":["M","$","?","M","?","R","E","R","T","R","M","E","?","M","R","B",null,"M","M","?","?","$","R","M","E","T","M","E"],"character_chosen":"IRONCLAD","items_purchased":["Combust","Lee\u0027s Waffle"],"campfire_rested":1,"item_purchase_floors":[2,22],"current_hp_per_floor":[74,74,74,75,70,70,82,82,82,82,82,50,55,53,53,38,75,67,65,13,13,94,94,89,53,53,40,0],"gold":141,"neow_bonus":"THREE_ENEMY_KILL","is_prod":false,"is_daily":false,"chose_seed":false,"campfire_upgraded":4,"win_rate":0,"timestamp":1542316108,"path_taken":["M","$","?","?","?","R","E","R","T","R","M","E","?","M","R","BOSS","M","M","?","?","$","R","M","E","T","M","E"],"build_version":"2018-11-08","purchased_purges":1,"victory":false,"max_hp_per_floor":[75,75,75,75,75,75,82,82,82,82,82,82,87,87,87,87,87,87,87,87,87,94,94,94,94,94,94,94],"card_choices":[{"not_picked":["Sever Soul","Metallicize"],"picked":"Power Through","floor":1},{"not_picked":["Clash","Perfected Strike","Heavy Blade"],"picked":"SKIP","floor":4},{"not_picked":["Sentinel","Ghostly Armor"],"picked":"Body Slam","floor":7},{"not_picked":["Pummel","Spot Weakness"],"picked":"Battle Trance","floor":11},{"not_picked":["Exhume","Second Wind"],"picked":"Rupture","floor":12},{"not_picked":["Cleave","Twin Strike","Infernal Blade"],"picked":"SKIP","floor":14},{"not_picked":["Juggernaut","Bludgeon"],"picked":"Brutality","floor":16},{"not_picked":["Clash","Cleave","Havoc"],"picked":"SKIP","floor":18},{"not_picked":["Metallicize","Body Slam"],"picked":"Corruption","floor":19},{"not_picked":["Anger","Juggernaut"],"picked":"Power Through","floor":20},{"not_picked":["Reckless Charge","Sword Boomerang"],"picked":"Body Slam","floor":23},{"not_picked":["Thunderclap","Cleave"],"picked":"Intimidate","floor":24},{"not_picked":["Clothesline+1","Flex"],"picked":"Limit Break","floor":25},{"not_picked":["Pommel Strike","Thunderclap"],"picked":"Rage","floor":27}],"player_experience":1051840,"relics_obtained":[{"floor":7,"key":"Strawberry"},{"floor":9,"key":"Art of War"},{"floor":12,"key":"Dream Catcher"},{"floor":20,"key":"Red Mask"},{"floor":25,"key":"Nunchaku"},{"floor":26,"key":"Anchor"}],"event_choices":[{"damage_healed":0,"gold_gain":0,"player_choice":"1 cards matched","damage_taken":0,"max_hp_gain":0,"max_hp_loss":0,"event_name":"Match and Keep!","floor":3,"gold_loss":0,"cards_obtained":["Sword Boomerang"]},{"damage_healed":0,"gold_gain":0,"player_choice":"Success","damage_taken":5,"relics_obtained":["Pantograph"],"max_hp_gain":0,"max_hp_loss":0,"event_name":"Scrap Ooze","floor":5,"gold_loss":0},{"damage_healed":0,"gold_gain":0,"player_choice":"Donut","damage_taken":0,"max_hp_gain":5,"max_hp_loss":0,"event_name":"Big Fish","floor":13,"gold_loss":0},{"damage_healed":0,"gold_gain":0,"player_choice":"Fought Bandits","damage_taken":0,"max_hp_gain":0,"max_hp_loss":0,"event_name":"Masked Bandits","floor":20,"gold_loss":0},{"damage_healed":0,"gold_gain":0,"cards_transformed":["Strike_R"],"player_choice":"Transformed","damage_taken":0,"max_hp_gain":0,"max_hp_loss":0,"event_name":"Transmorgrifier","floor":21,"gold_loss":0,"cards_obtained":["Power Through"]}],"is_beta":false,"boss_relics":[{"not_picked":["Runic Cube","Busted Crown"],"picked":"Fusion Hammer"}],"items_purged_floors":[2],"is_endless":false,"potions_floor_spawned":[1,4,7,18,20,24,27],"killed_by":"Book of Stabbing","ascension_level":20}