{"gold_per_floor":[116,126,146,159,159,159,174,186,186,202,72,90,104,104,104,104],"floor_reached":16,"playtime":394,"items_purged":[],"score":98,"play_id":"a0e67174-ebf2-44fd-8772-e8e06acbde0c","local_time":"20180814132711","is_ascension_mode":false,"campfire_choices":[{"data":"Bash","floor":6,"key":"SMITH"},{"floor":15,"key":"REST"}],"neow_cost":"NONE","seed_source_timestamp":217715766150074,"circlet_count":0,"master_deck":["Strike_R","Strike_R","Strike_R","Strike_R","Strike_R","Defend_R","Defend_R","Defend_R","Defend_R","Bash+1","Shrug It Off","Anger","Twin Strike","Clash","Impervious","Battle Trance","Twin Strike+1","Inflame","Clothesline+1","Body Slam+1","Body Slam+1","Feed+1"],"relics":["Lizard Tail","Molten Egg 2"],"potions_floor_usage":[],"damage_taken":[{"damage":7,"enemies":"Cultist","floor":1,"turns":5},{"damage":2,"enemies":"2 Louse","floor":2,"turns":4},{"damage":4,"enemies":"Small Slimes","floor":3,"turns":4},{"damage":5,"enemies":"Red Slaver","floor":4,"turns":2},{"damage":26,"enemies":"Exordium Thugs","floor":7,"turns":6},{"damage":8,"enemies":"Exordium Wildlife","floor":8,"turns":5},{"damage":2,"enemies":"3 Louse","floor":10,"turns":4},{"damage":2,"enemies":"Looter","floor":12,"turns":2},{"damage":3,"enemies":"Lots of Slimes","floor":13,"turns":3},{"damage":0,"enemies":"The Guardian","floor":16,"turns":1}],"seed_played":"-6353863714753621536","potions_obtained":[{"floor":1,"key":"LiquidBronze"},{"floor":2,"key":"Block Potion"},{"floor":10,"key":"AttackPotion"},{"floor":12,"key":"Regen Potion"}],"is_trial":false,"path_per_floor":["M","M","M","M","?","R","M","M","T","M","$","M","M","$","R"],"character_chosen":"IRONCLAD","items_purchased":["Inflame","Clothesline+1","Body Slam+1"],"campfire_rested":1,"item_purchase_floors":[11,11,11],"current_hp_per_floor":[73,71,67,62,80,80,54,46,46,44,44,42,39,39,63,63],"gold":104,"neow_bonus":"BOSS_RELIC","is_prod":false,"is_daily":false,"chose_seed":false,"campfire_upgraded":1,"win_rate":0,"timestamp":1534267631,"path_taken":["M","M","?","?","?","R","?","M","T","M","?","?","M","$","R","BOSS"],"build_version":"2018-08-09","purchased_purges":0,"victory":false,"max_hp_per_floor":[80,80,80,80,80,80,80,80,80,80,80,80,80,80,80,80],"card_choices":[{"not_picked":["Dropkick","Havoc"],"picked":"Shrug It Off","floor":1},{"not_picked":["Burning Pact","Thunderclap"],"picked":"Anger","floor":2},{"not_picked":["Searing Blow","Sentinel"],"picked":"Twin Strike","floor":3},{"not_picked":["Cleave","Perfected Strike"],"picked":"Clash","floor":4},{"not_picked":["Cleave","True Grit"],"picked":"Impervious","floor":7},{"not_picked":["Rupture","Warcry"],"picked":"Battle Trance","floor":8},{"not_picked":["Rupture","Cleave+1"],"picked":"Twin Strike+1","floor":10},{"not_picked":["Battle Trance","Carnage+1"],"picked":"Body Slam+1","floor":12},{"not_picked":["Cleave+1","Pommel Strike+1"],"picked":"Feed+1","floor":13}],"player_experience":499312,"relics_obtained":[{"floor":9,"key":"Molten Egg 2"}],"event_choices":[{"event_name":"Big Fish","player_choice":"Banana","floor":5,"damage_taken":0}],"is_beta":false,"boss_relics":[],"items_purged_floors":[],"is_endless":false,"potions_floor_spawned":[1,2,10,12,13],"killed_by":"The Guardian","ascension_level":0}