{"gold_per_floor":[16,29,44,58,78,78,88,148,200,200,230,247,247],"floor_reached":13,"playtime":1365,"items_purged":[],"score":124,"play_id":"549a783b-75dc-4002-a04e-3d666ddeabd2","local_time":"20180714114414","is_ascension_mode":false,"campfire_choices":[{"data":"Body Slam","floor":6,"key":"SMITH"},{"floor":10,"key":"REST"}],"neow_cost":"NO_GOLD","seed_source_timestamp":231555238170545,"circlet_count":0,"master_deck":["Strike_R","Strike_R","Strike_R","Strike_R","Strike_R","Defend_R","Defend_R","Defend_R","Defend_R","Bash","Body Slam+1","Shrug It Off","Sword Boomerang","Cleave","Burning Pact","Rupture","Headbutt","Carnage","Feed","Perfected Strike"],"relics":["Burning Blood","Tiny Chest","Dream Catcher","Shuriken"],"potions_floor_usage":[5,8,13,13],"damage_taken":[{"damage":12,"enemies":"Cultist","floor":1,"turns":5},{"damage":6,"enemies":"Jaw Worm","floor":2,"turns":4},{"damage":5,"enemies":"Small Slimes","floor":3,"turns":3},{"damage":23,"enemies":"2 Fungi Beasts","floor":4,"turns":5},{"damage":22,"enemies":"Exordium Thugs","floor":5,"turns":6},{"damage":25,"enemies":"Large Slime","floor":7,"turns":7},{"damage":38,"enemies":"Lagavulin","floor":8,"turns":7},{"damage":27,"enemies":"3 Sentries","floor":11,"turns":7},{"damage":5,"enemies":"Lots of Slimes","floor":12,"turns":3},{"damage":26,"enemies":"Lagavulin","floor":13,"turns":6}],"seed_played":"4953602320070155509","potions_obtained":[{"floor":3,"key":"PowerPotion"},{"floor":7,"key":"AttackPotion"},{"floor":11,"key":"Energy Potion"},{"floor":12,"key":"SpeedPotion"}],"is_trial":false,"path_per_floor":["M","M","M","M","M","R","M","E","T","R","E","M"],"character_chosen":"IRONCLAD","items_purchased":[],"campfire_rested":1,"item_purchase_floors":[],"current_hp_per_floor":[90,90,91,74,58,58,39,7,7,35,14,18,0],"gold":247,"neow_bonus":"TWENTY_PERCENT_HP_BONUS","is_prod":false,"is_daily":false,"chose_seed":false,"campfire_upgraded":1,"win_rate":0,"timestamp":1531583054,"path_taken":["M","M","?","M","M","R","M","E","T","R","E","M","E"],"build_version":"2018-07-12","purchased_purges":0,"victory":false,"max_hp_per_floor":[96,96,96,96,96,96,96,96,96,96,96,99,99],"card_choices":[{"not_picked":["Clothesline","Uppercut"],"picked":"Body Slam","floor":1},{"not_picked":["Warcry","Intimidate"],"picked":"Shrug It Off","floor":2},{"not_picked":["Dual Wield","Feel No Pain"],"picked":"Sword Boomerang","floor":3},{"not_picked":["Uppercut","Pommel Strike"],"picked":"Cleave","floor":4},{"not_picked":["Dropkick","Perfected Strike"],"picked":"Burning Pact","floor":5},{"not_picked":["Feel No Pain","Perfected Strike"],"picked":"Rupture","floor":7},{"not_picked":["Iron Wave","Clothesline"],"picked":"Headbutt","floor":8},{"not_picked":["Clothesline","Whirlwind"],"picked":"Carnage","floor":10},{"not_picked":["Metallicize","Second Wind"],"picked":"Feed","floor":11},{"not_picked":["Anger","Thunderclap"],"picked":"Perfected Strike","floor":12}],"player_experience":51235,"relics_obtained":[{"floor":8,"key":"Tiny Chest"},{"floor":9,"key":"Dream Catcher"},{"floor":11,"key":"Shuriken"}],"event_choices":[],"boss_relics":[],"items_purged_floors":[],"is_endless":false,"potions_floor_spawned":[3,7,11,12],"killed_by":"Lagavulin","ascension_level":0}