{"gold_per_floor":[113,113,124,142,153,153,171,197,197,197,208,208,208,222,222,222],"floor_reached":16,"playtime":3508,"items_purged":[],"score":104,"play_id":"f29ece7d-5c45-471b-b038-b451e93ab788","local_time":"20190705175632","is_ascension_mode":false,"campfire_choices":[{"floor":6,"key":"REST"},{"floor":10,"key":"REST"},{"floor":15,"key":"REST"}],"neow_cost":"CURSE","seed_source_timestamp":1133608137707148,"circlet_count":0,"master_deck":["Strike_R+1","Strike_R","Strike_R","Strike_R","Strike_R","Defend_R","Defend_R","Defend_R","Defend_R","Bash","Mind Blast","Bandage Up","Sword Boomerang+1","Battle Trance","Flame Barrier","Whirlwind","Iron Wave","Pummel","Rupture+1"],"relics":["Burning Blood","Frozen Egg 2","Singing Bowl"],"potions_floor_usage":[8,16,16],"damage_taken":[{"damage":14,"enemies":"Small Slimes","floor":1,"turns":4},{"damage":6,"enemies":"Jaw Worm","floor":3,"turns":3},{"damage":2,"enemies":"2 Louse","floor":4,"turns":4},{"damage":47,"enemies":"Exordium Thugs","floor":5,"turns":8},{"damage":11,"enemies":"Large Slime","floor":7,"turns":8},{"damage":44,"enemies":"3 Sentries","floor":8,"turns":9},{"damage":2,"enemies":"Looter","floor":11,"turns":4},{"damage":6,"enemies":"Red Slaver","floor":14,"turns":4},{"damage":90,"enemies":"Hexaghost","floor":16,"turns":13}],"seed_played":"-1447169377649306012","potions_obtained":[{"floor":5,"key":"Poison Potion"},{"floor":11,"key":"Regen Potion"},{"floor":14,"key":"Explosive Potion"}],"is_trial":false,"path_per_floor":["M","?","M","M","M","R","M","E","T","R","M","?","?","M","R","B"],"character_chosen":"IRONCLAD","items_purchased":[],"campfire_rested":3,"item_purchase_floors":[],"current_hp_per_floor":[76,69,73,80,43,67,66,32,32,56,64,69,52,56,81,0],"gold":222,"neow_bonus":"RANDOM_COLORLESS_2","is_prod":false,"is_daily":false,"chose_seed":false,"campfire_upgraded":0,"win_rate":0.0,"timestamp":1562374592,"path_taken":["M","?","M","M","M","R","M","E","T","R","M","?","?","M","R","BOSS"],"build_version":"2019-07-05","purchased_purges":0,"victory":false,"max_hp_per_floor":[80,80,80,80,80,80,80,80,80,80,80,85,85,85,85,85],"card_choices":[{"not_picked":["Clothesline","Warcry"],"picked":"Sword Boomerang","floor":1},{"not_picked":["Havoc","Sever Soul"],"picked":"Battle Trance","floor":3},{"not_picked":["Perfected Strike","Wild Strike","Headbutt"],"picked":"SKIP","floor":4},{"not_picked":["Warcry","Iron Wave"],"picked":"Flame Barrier","floor":5},{"not_picked":["Uppercut","Sword Boomerang"],"picked":"Whirlwind","floor":7},{"not_picked":["Havoc","Entrench"],"picked":"Iron Wave","floor":8},{"not_picked":["Warcry","Reaper"],"picked":"Pummel","floor":11},{"not_picked":["Carnage","Pommel Strike"],"picked":"Rupture+1","floor":14}],"player_experience":117017,"relics_obtained":[{"floor":8,"key":"Frozen Egg 2"},{"floor":9,"key":"Singing Bowl"}],"event_choices":[{"cards_removed":["Normality"],"damage_healed":0,"gold_gain":0,"player_choice":"Card Removal","damage_taken":7,"max_hp_gain":0,"max_hp_loss":0,"event_name":"Golden Wing","floor":2,"gold_loss":0},{"damage_healed":0,"gold_gain":0,"player_choice":"Donut","damage_taken":0,"max_hp_gain":5,"max_hp_loss":0,"event_name":"Big Fish","floor":12,"gold_loss":0},{"damage_healed":0,"gold_gain":0,"player_choice":"Entered Light","damage_taken":17,"max_hp_gain":0,"max_hp_loss":0,"event_name":"Shining Light","floor":13,"gold_loss":0,"cards_upgraded":["Sword Boomerang","Strike_R"]}],"is_beta":false,"boss_relics":[],"items_purged_floors":[],"is_endless":false,"potions_floor_spawned":[5,11,14],"killed_by":"Hexaghost","ascension_level":0}