{"gold_per_floor":[116,135,135,34,48,48,64,64,88,98,98,111,129,129,129,129],"floor_reached":16,"playtime":231,"items_purged":["Regret"],"score":94,"play_id":"87774e6f-49c3-4560-b7a5-bfba8e0b7db1","local_time":"20180814134913","is_ascension_mode":false,"campfire_choices":[{"data":"Bash","floor":6,"key":"SMITH"},{"data":"Immolate","floor":8,"key":"SMITH"},{"data":"True Grit","floor":11,"key":"SMITH"},{"data":"Shockwave","floor":15,"key":"SMITH"}],"neow_cost":"NONE","seed_source_timestamp":219202703806129,"circlet_count":0,"master_deck":["Strike_R","Strike_R","Strike_R","Strike_R","Strike_R","Defend_R","Defend_R","Defend_R","Defend_R","Bash+1","Clash","Second Wind","Clothesline","True Grit+1","Immolate+1","Shockwave+1","Flex","Headbutt"],"relics":["Black Star","Bag of Marbles","Bronze Scales"],"potions_floor_usage":[],"damage_taken":[{"damage":6,"enemies":"Jaw Worm","floor":1,"turns":3},{"damage":0,"enemies":"Small Slimes","floor":2,"turns":3},{"damage":0,"enemies":"Cultist","floor":5,"turns":3},{"damage":18,"enemies":"Lots of Slimes","floor":7,"turns":4},{"damage":0,"enemies":"3 Louse","floor":10,"turns":2},{"damage":0,"enemies":"Exordium Wildlife","floor":12,"turns":1},{"damage":8,"enemies":"Exordium Thugs","floor":13,"turns":3},{"damage":0,"enemies":"The Guardian","floor":16,"turns":1}],"seed_played":"8986651729195906419","potions_obtained":[{"floor":7,"key":"LiquidBronze"},{"floor":13,"key":"Dexterity Potion"}],"is_trial":false,"path_per_floor":["M","M","?","$","M","R","M","R","T","M","R","M","M","?","R"],"character_chosen":"IRONCLAD","items_purchased":["Clothesline"],"campfire_rested":0,"item_purchase_floors":[4],"current_hp_per_floor":[74,74,74,74,74,74,56,56,56,56,56,56,48,48,48,48],"gold":129,"neow_bonus":"BOSS_RELIC","is_prod":false,"is_daily":false,"chose_seed":false,"campfire_upgraded":4,"win_rate":0,"timestamp":1534268953,"path_taken":["M","M","?","?","?","R","M","R","T","M","R","M","M","?","R","BOSS"],"build_version":"2018-08-09","purchased_purges":1,"victory":false,"max_hp_per_floor":[80,80,80,80,80,80,80,80,80,80,80,80,80,80,80,80],"card_choices":[{"not_picked":["Twin Strike","Body Slam"],"picked":"Clash","floor":1},{"not_picked":["Twin Strike","Heavy Blade"],"picked":"Second Wind","floor":2},{"not_picked":["Heavy Blade","Cleave"],"picked":"True Grit","floor":5},{"not_picked":["True Grit","Bloodletting"],"picked":"Immolate","floor":7},{"not_picked":["Thunderclap","Disarm"],"picked":"Shockwave","floor":10},{"not_picked":["Rupture","Carnage"],"picked":"Flex","floor":12},{"not_picked":["Searing Blow","Iron Wave"],"picked":"Headbutt","floor":13}],"player_experience":500776,"relics_obtained":[{"floor":9,"key":"Bronze Scales"}],"event_choices":[{"event_name":"Big Fish","player_choice":"Box","floor":3,"damage_taken":0},{"event_name":"Dead Adventurer","player_choice":"Searched \u00270\u0027 times","floor":14,"damage_taken":0}],"is_beta":false,"boss_relics":[],"items_purged_floors":[4],"is_endless":false,"potions_floor_spawned":[7,13],"killed_by":"The Guardian","ascension_level":0}