{"gold_per_floor":[111,361,375,22,42,70,87,105,128,160,183,215,234,262,262,363,363,373,385,401,270,270,303,303,337,392,407,419,431,461,476,476,577,577,591,23,39,39,39,64,80,96,96,114,149,208,230,274,286,298],"floor_reached":51,"playtime":3539,"items_purged":["Regret","Writhe"],"score":1387,"play_id":"5c286c04-61a8-4b11-a7d2-88a98021d0dc","local_time":"20180806143254","is_ascension_mode":true,"campfire_choices":[{"data":"Shrug It Off","floor":15,"key":"SMITH"},{"data":"Exhume","floor":24,"key":"SMITH"},{"data":"Rage","floor":32,"key":"SMITH"},{"data":"Rage","floor":49,"key":"SMITH"}],"neow_cost":"NONE","seed_source_timestamp":76209477563177,"circlet_count":0,"master_deck":["Strike_R","Strike_R+1","Strike_R","Strike_R","Strike_R","Defend_R","Defend_R","Defend_R","Defend_R","Bash","AscendersBane","Exhume+1","Rage+1","Cleave+1","Pommel Strike+1","Pommel Strike+1","Perfected Strike+1","Uppercut+1","Impervious","Perfected Strike+1","Warcry","Iron Wave+1","Uppercut+1","Shrug It Off+1","Reaper+1","Body Slam+1","Feel No Pain","Spot Weakness","Perfected Strike+1","Rage+1","Wild Strike+1","Dropkick+1","Immolate+1","Twin Strike+1","Feel No Pain+1","Pommel Strike+1","Impervious","Headbutt+1","Impervious","Dropkick+1","Armaments+1","Twin Strike+1","Metallicize","Madness+1","Madness+1","Seeing Red+1","Clash+1","Wild Strike+1","Evolve+1","Headbutt+1","Spot Weakness+1","Battle Trance+1","Perfected Strike+1","Flame Barrier+1"],"relics":["Burning Blood","Molten Egg 2","Peace Pipe","Regal Pillow","Dream Catcher","Odd Mushroom","Bag of Preparation","Happy Flower","Coffee Dripper","Potion Belt","Omamori","Charon\u0027s Ashes","Blood Vial","Darkstone Periapt","Black Star","Toxic Egg 2","Oddly Smooth Stone","Gremlin Horn","Question Card","Matryoshka","MawBank","Whetstone","Turnip","Nunchaku","Du-Vu Doll"],"potions_floor_usage":[10,10,11,11,14,25,31,35,42,42,45,47,50,50,50],"damage_taken":[{"damage":10,"enemies":"Jaw Worm","floor":1,"turns":6},{"damage":10,"enemies":"Cultist","floor":3,"turns":5},{"damage":0,"enemies":"Small Slimes","floor":5,"turns":3},{"damage":34,"enemies":"Lagavulin","floor":6,"turns":7},{"damage":2,"enemies":"3 Louse","floor":7,"turns":3},{"damage":11,"enemies":"Blue Slaver","floor":8,"turns":3},{"damage":13,"enemies":"3 Sentries","floor":10,"turns":5},{"damage":14,"floor":11,"turns":4},{"damage":16,"enemies":"Gremlin Nob","floor":12,"turns":3},{"damage":0,"enemies":"Red Slaver","floor":13,"turns":2},{"damage":0,"enemies":"3 Sentries","floor":14,"turns":3},{"damage":13,"enemies":"Slime Boss","floor":16,"turns":11},{"damage":3,"enemies":"Shell Parasite","floor":18,"turns":4},{"damage":17,"enemies":"3 Byrds","floor":19,"turns":5},{"damage":5,"enemies":"Centurion and Healer","floor":20,"turns":7},{"damage":32,"enemies":"Slavers","floor":23,"turns":7},{"damage":20,"enemies":"Gremlin Leader","floor":25,"turns":6},{"damage":7,"enemies":"Snecko","floor":27,"turns":3},{"damage":14,"enemies":"Slaver and Parasite","floor":28,"turns":2},{"damage":0,"enemies":"Chosen and Byrds","floor":29,"turns":5},{"damage":17,"enemies":"Slavers","floor":30,"turns":4},{"damage":4,"enemies":"Centurion and Healer","floor":31,"turns":6},{"damage":26,"enemies":"Automaton","floor":33,"turns":10},{"damage":12,"enemies":"3 Shapes","floor":35,"turns":3},{"damage":33,"enemies":"3 Darklings","floor":37,"turns":8},{"damage":14,"enemies":"2 Orb Walkers","floor":40,"turns":4},{"damage":0,"enemies":"Maw","floor":41,"turns":5},{"damage":21,"enemies":"Spire Growth","floor":42,"turns":4},{"damage":0,"enemies":"4 Shapes","floor":44,"turns":3},{"damage":25,"enemies":"Nemesis","floor":45,"turns":7},{"damage":0,"floor":46,"turns":2},{"damage":42,"enemies":"3 Darklings","floor":47,"turns":13},{"damage":28,"enemies":"Giant Head","floor":48,"turns":8},{"damage":36,"enemies":"Donu and Deca","floor":50,"turns":8}],"seed_played":"-5132040309591652088","potions_obtained":[{"floor":6,"key":"PowerPotion"},{"floor":7,"key":"PowerPotion"},{"floor":8,"key":"Swift Potion"},{"floor":10,"key":"EssenceOfSteel"},{"floor":12,"key":"Fire Potion"},{"floor":16,"key":"LiquidBronze"},{"floor":23,"key":"SteroidPotion"},{"floor":27,"key":"BloodPotion"},{"floor":30,"key":"Block Potion"},{"floor":31,"key":"GamblersBrew"},{"floor":33,"key":"Swift Potion"},{"floor":37,"key":"Weak Potion"},{"floor":40,"key":"Swift Potion"},{"floor":45,"key":"AttackPotion"},{"floor":46,"key":"Fire Potion"}],"is_trial":false,"path_per_floor":["M","?","M","$","M","E","M","M","T","E","?","E","M","E","R","B",null,"M","M","M","$","?","E","R","E","T","M","M","M","E","M","R","B",null,"M","$","M","?","?","E","M","M","T","M","E","?","M","E","R","B"],"character_chosen":"IRONCLAD","items_purchased":["Molten Egg 2","Pommel Strike+1","Perfected Strike+1","Rage","Wild Strike+1","Toxic Egg 2","Armaments+1","Twin Strike+1","Oddly Smooth Stone"],"campfire_rested":0,"item_purchase_floors":[4,4,21,21,21,36,36,36,36],"current_hp_per_floor":[68,68,64,64,70,42,46,41,41,34,26,16,22,28,28,21,65,75,69,77,77,77,51,51,80,80,80,72,80,74,80,80,65,76,72,72,47,37,37,31,51,38,38,46,29,37,57,37,37,9],"gold":310,"neow_bonus":"ONE_RANDOM_RARE_CARD","is_prod":false,"is_daily":false,"chose_seed":false,"campfire_upgraded":4,"win_rate":0,"timestamp":1533580374,"path_taken":["M","?","M","$","M","E","M","M","T","E","?","E","?","E","R","BOSS","M","M","M","$","?","E","R","E","T","M","?","M","E","M","R","BOSS","M","$","M","?","?","E","M","M","T","M","E","?","M","E","R","BOSS"],"build_version":"2018-08-02","purchased_purges":2,"victory":true,"max_hp_per_floor":[80,80,80,80,80,80,80,80,80,80,80,80,80,80,80,80,80,80,80,80,80,80,80,80,80,80,80,80,80,80,80,80,80,80,80,80,80,80,80,80,80,80,80,80,80,80,80,80,80,80],"card_choices":[{"not_picked":["Cleave","Sever Soul"],"picked":"Rage","floor":1},{"not_picked":["Pummel","Havoc"],"picked":"Cleave","floor":3},{"not_picked":["Thunderclap+1","Havoc"],"picked":"Pommel Strike+1","floor":5},{"not_picked":["Feel No Pain","Flex"],"picked":"Perfected Strike+1","floor":6},{"not_picked":["Anger+1","Wild Strike+1"],"picked":"Uppercut+1","floor":7},{"not_picked":["Havoc","Flex"],"picked":"Impervious","floor":8},{"not_picked":["Sword Boomerang+1","Whirlwind+1"],"picked":"Perfected Strike+1","floor":10},{"not_picked":["Armaments","Flex"],"picked":"Warcry","floor":11},{"not_picked":["Sentinel","Havoc"],"picked":"Iron Wave+1","floor":12},{"not_picked":["Clothesline+1","Flex"],"picked":"Uppercut+1","floor":13},{"not_picked":["Evolve","Pummel+1"],"picked":"Shrug It Off","floor":14},{"not_picked":["Fiend Fire+1","Barricade"],"picked":"Reaper+1","floor":16},{"not_picked":["Clothesline+1","Flex"],"picked":"Body Slam+1","floor":18},{"not_picked":["Entrench","Flex"],"picked":"Feel No Pain","floor":19},{"not_picked":["Pommel Strike+1","Twin Strike+1"],"picked":"Spot Weakness","floor":20},{"not_picked":["Feel No Pain","Shockwave"],"picked":"Dropkick+1","floor":23},{"not_picked":["Flex","Heavy Blade+1"],"picked":"Immolate+1","floor":25},{"not_picked":["Bloodletting","Fire Breathing"],"picked":"Twin Strike+1","floor":27},{"not_picked":["Havoc","Flex"],"picked":"Feel No Pain+1","floor":28},{"not_picked":["Sever Soul+1","Flex+1"],"picked":"Pommel Strike+1","floor":29},{"not_picked":["Headbutt+1","Thunderclap+1"],"picked":"Impervious","floor":30},{"not_picked":["Sword Boomerang+1","Warcry"],"picked":"Headbutt+1","floor":31},{"not_picked":["Immolate+1","Berserk"],"picked":"Impervious","floor":33},{"not_picked":["Headbutt+1","Perfected Strike+1"],"picked":"Dropkick+1","floor":35},{"not_picked":["Carnage+1","Hemokinesis+1"],"picked":"Metallicize","floor":37},{"not_picked":["Clothesline+1","Fire Breathing"],"picked":"Clash+1","floor":40},{"not_picked":["Armaments+1","Anger+1","Warcry+1"],"picked":"Wild Strike+1","floor":41},{"not_picked":["Sentinel+1","Combust","Sever Soul+1"],"picked":"Evolve+1","floor":42},{"not_picked":["Anger+1","Rampage+1","Juggernaut"],"picked":"Headbutt+1","floor":44},{"not_picked":["Combust","Pommel Strike+1","Havoc+1"],"picked":"Spot Weakness+1","floor":45},{"not_picked":["Inflame+1","Sword Boomerang+1","Havoc+1"],"picked":"Battle Trance+1","floor":46},{"not_picked":["Clash+1","Flame Barrier+1","Heavy Blade+1"],"picked":"Perfected Strike+1","floor":47},{"not_picked":["Dual Wield+1","Feel No Pain","Havoc+1"],"picked":"Flame Barrier+1","floor":48}],"player_experience":453319,"relics_obtained":[{"floor":6,"key":"Peace Pipe"},{"floor":9,"key":"Regal Pillow"},{"floor":10,"key":"Dream Catcher"},{"floor":11,"key":"Odd Mushroom"},{"floor":12,"key":"Bag of Preparation"},{"floor":14,"key":"Happy Flower"},{"floor":23,"key":"Omamori"},{"floor":25,"key":"Charon\u0027s Ashes"},{"floor":26,"key":"Blood Vial"},{"floor":30,"key":"Darkstone Periapt"},{"floor":40,"key":"Gremlin Horn"},{"floor":40,"key":"Question Card"},{"floor":43,"key":"Matryoshka"},{"floor":45,"key":"MawBank"},{"floor":45,"key":"Whetstone"},{"floor":46,"key":"Turnip"},{"floor":48,"key":"Nunchaku"},{"floor":48,"key":"Du-Vu Doll"}],"event_choices":[{"event_name":"Golden Shrine","player_choice":"Desecrate","floor":2,"damage_taken":0},{"event_name":"Mushrooms","player_choice":"Fought Mushrooms","floor":11,"damage_taken":0},{"event_name":"The Mausoleum","player_choice":"Yes","floor":22,"damage_taken":0},{"event_name":"Winding Halls","player_choice":"Embrace Madness","floor":38,"damage_taken":0},{"event_name":"Match and Keep!","player_choice":"1 cards matched","floor":39,"damage_taken":0},{"event_name":"Mysterious Sphere","player_choice":"Fight","floor":46,"damage_taken":0}],"is_beta":false,"boss_relics":[{"not_picked":["Astrolabe","Calling Bell"],"picked":"Coffee Dripper"},{"not_picked":["Velvet Choker","Lizard Tail"],"picked":"Black Star"}],"items_purged_floors":[4,36],"is_endless":false,"potions_floor_spawned":[6,7,8,10,12,16,23,27,30,31,33,37,40,45,46],"ascension_level":10}