{"gold_per_floor":[369,369,382,396,396,396,440,456,479,479,444,444,475,319,319,319],"floor_reached":16,"playtime":455,"items_purged":["Strike_R"],"score":216,"play_id":"18068095-1f65-4b5e-90ad-b98c4fad1dcc","local_time":"20181116114552","is_ascension_mode":true,"campfire_choices":[{"data":"True Grit","floor":6,"key":"SMITH"},{"data":"Bash","floor":12,"key":"SMITH"},{"data":"Body Slam","floor":15,"key":"SMITH"}],"neow_cost":"CURSE","seed_source_timestamp":172214945487255,"circlet_count":0,"master_deck":["AscendersBane","Strike_R","Strike_R","Strike_R","Strike_R","Defend_R+1","Defend_R","Defend_R+1","Defend_R","Bash+1","Clumsy","True Grit+1","Headbutt","Anger","Flame Barrier","Impervious","Body Slam+1","Combust"],"relics":["Burning Blood","Golden Idol","Boot","Anchor","War Paint"],"potions_floor_usage":[7,13],"damage_taken":[{"damage":21,"enemies":"Jaw Worm","floor":1,"turns":6},{"damage":10,"enemies":"Small Slimes","floor":3,"turns":3},{"damage":2,"enemies":"2 Louse","floor":4,"turns":3},{"damage":38,"enemies":"Lagavulin","floor":7,"turns":7},{"damage":8,"enemies":"Large Slime","floor":8,"turns":6},{"damage":8,"enemies":"Gremlin Nob","floor":13,"turns":3},{"damage":40,"enemies":"Hexaghost","floor":16,"turns":7}],"seed_played":"-5809315411663870916","potions_obtained":[{"floor":1,"key":"Energy Potion"},{"floor":7,"key":"SteroidPotion"},{"floor":13,"key":"FearPotion"}],"is_trial":false,"path_per_floor":["M","?","M","M","?","R","E","M","T","?","?","R","E","$","R","B"],"character_chosen":"IRONCLAD","items_purchased":["Combust"],"campfire_rested":0,"item_purchase_floors":[14],"current_hp_per_floor":[53,58,54,58,58,58,26,24,24,24,42,42,40,40,40,0],"gold":319,"neow_bonus":"TWO_FIFTY_GOLD","is_prod":false,"is_daily":false,"chose_seed":false,"campfire_upgraded":3,"win_rate":0,"timestamp":1542386752,"path_taken":["M","?","M","M","?","R","E","M","T","?","?","R","E","$","R","BOSS"],"build_version":"2018-11-15","purchased_purges":1,"victory":false,"max_hp_per_floor":[75,80,80,80,72,72,72,72,72,72,72,72,72,72,72,72],"card_choices":[{"not_picked":["Heavy Blade","Warcry"],"picked":"True Grit","floor":1},{"not_picked":["Perfected Strike","Infernal Blade"],"picked":"Headbutt","floor":3},{"not_picked":["Flex","Cleave"],"picked":"Anger","floor":4},{"not_picked":["Blood for Blood","Heavy Blade"],"picked":"Flame Barrier","floor":7},{"not_picked":["Anger","Clothesline"],"picked":"Impervious","floor":8},{"not_picked":["Heavy Blade","Sword Boomerang"],"picked":"Body Slam","floor":13}],"player_experience":1064241,"relics_obtained":[{"floor":7,"key":"Boot"},{"floor":9,"key":"Anchor"},{"floor":13,"key":"War Paint"}],"event_choices":[{"damage_healed":0,"gold_gain":0,"player_choice":"Donut","damage_taken":0,"max_hp_gain":5,"max_hp_loss":0,"event_name":"Big Fish","floor":2,"gold_loss":0},{"damage_healed":0,"gold_gain":0,"player_choice":"Lose Max HP","damage_taken":0,"relics_obtained":["Golden Idol"],"max_hp_gain":0,"max_hp_loss":8,"event_name":"Golden Idol","floor":5,"gold_loss":0},{"damage_healed":0,"gold_gain":0,"player_choice":"Searched \u00271\u0027 times","damage_taken":0,"max_hp_gain":0,"max_hp_loss":0,"event_name":"Dead Adventurer","floor":10,"gold_loss":0},{"damage_healed":18,"gold_gain":0,"player_choice":"Healed","damage_taken":0,"max_hp_gain":0,"max_hp_loss":0,"event_name":"The Cleric","floor":11,"gold_loss":35}],"is_beta":false,"boss_relics":[],"items_purged_floors":[14],"is_endless":false,"potions_floor_spawned":[1,7,13],"killed_by":"Hexaghost","ascension_level":20}