{"gold_per_floor":[112,131,131,147,222,222,252,252,276,276,311,325,335,350,350,447,447,458,473,473,485,498,514,514,524,524,36,36,61,61,61,61,161,161,177,194,0,11,22,22,56,56,106,106],"floor_reached":44,"playtime":3171,"items_purged":[],"score":547,"play_id":"ad556a32-d9f1-4e72-af13-bdef26bc3ad0","local_time":"20190705015303","is_ascension_mode":false,"campfire_choices":[{"data":"Whirlwind","floor":6,"key":"SMITH"},{"floor":8,"key":"REST"},{"floor":15,"key":"REST"},{"floor":24,"key":"REST"},{"floor":28,"key":"REST"},{"floor":30,"key":"REST"},{"data":"1","floor":32,"key":"LIFT"},{"data":"Apotheosis","floor":40,"key":"SMITH"}],"neow_cost":"NONE","seed_source_timestamp":1076134454431092,"circlet_count":0,"master_deck":["Strike_R","Strike_R","Strike_R","Strike_R","Strike_R","Defend_R","Defend_R","Defend_R","Defend_R","Bash","Headbutt","Whirlwind+1","Spot Weakness","Feed","Dropkick","Iron Wave","Iron Wave","Limit Break","Demon Form","Impatience+1","Hemokinesis+1","Decay","Whirlwind","Shockwave","Inflame","Anger+1","Pummel+1","Heavy Blade","Apotheosis+1","Limit Break","Forethought","Barricade","Cleave+1","Flame Barrier","Cleave+1","Madness"],"relics":["Burning Blood","Potion Belt","Orichalcum","Blood Vial","Happy Flower","Astrolabe","Boot","Girya","Bag of Marbles","Lantern","Black Star","Red Mask","Oddly Smooth Stone","Bottled Flame","Omamori"],"potions_floor_usage":[16,16,16,21,21,29,33,33,39,39,39,41,41,41,41,41,41],"damage_taken":[{"damage":6,"enemies":"Jaw Worm","floor":1,"turns":5},{"damage":1,"enemies":"Small Slimes","floor":2,"turns":4},{"damage":0,"enemies":"2 Louse","floor":4,"turns":3},{"damage":33,"enemies":"3 Sentries","floor":7,"turns":6},{"damage":52,"enemies":"Gremlin Nob","floor":11,"turns":5},{"damage":5,"enemies":"Lots of Slimes","floor":12,"turns":4},{"damage":3,"enemies":"Exordium Thugs","floor":13,"turns":4},{"damage":0,"enemies":"2 Fungi Beasts","floor":14,"turns":1},{"damage":45,"enemies":"Slime Boss","floor":16,"turns":11},{"damage":5,"enemies":"3 Byrds","floor":18,"turns":5},{"damage":4,"enemies":"Chosen","floor":19,"turns":4},{"damage":22,"enemies":"Centurion and Healer","floor":21,"turns":4},{"damage":50,"enemies":"Snake Plant","floor":22,"turns":5},{"damage":14,"enemies":"Cultist and Chosen","floor":23,"turns":8},{"damage":26,"enemies":"Snecko","floor":25,"turns":5},{"damage":33,"enemies":"Gremlin Leader","floor":29,"turns":7},{"damage":101,"enemies":"Automaton","floor":33,"turns":10},{"damage":26,"enemies":"3 Darklings","floor":35,"turns":4},{"damage":16,"enemies":"Orb Walker","floor":36,"turns":4},{"damage":0,"enemies":"Jaw Worm Horde","floor":38,"turns":1},{"damage":30,"enemies":"Transient","floor":39,"turns":5},{"damage":39,"enemies":"Nemesis","floor":41,"turns":5},{"damage":67,"enemies":"Maw","floor":44,"turns":8}],"seed_played":"-646467988929656404","potions_obtained":[{"floor":1,"key":"BloodPotion"},{"floor":7,"key":"Strength Potion"},{"floor":12,"key":"Energy Potion"},{"floor":13,"key":"LiquidBronze"},{"floor":16,"key":"Explosive Potion"},{"floor":19,"key":"Block Potion"},{"floor":25,"key":"EssenceOfSteel"},{"floor":29,"key":"Regen Potion"},{"floor":33,"key":"Regen Potion"},{"floor":36,"key":"PowerPotion"},{"floor":38,"key":"Block Potion"},{"floor":39,"key":"EntropicBrew"}],"is_trial":false,"path_per_floor":["M","M","?","M","?","R","E","R","T","?","E","M","M","M","R","B",null,"M","M","?","M","M","M","R","M","T","$","R","E","R","?","R","B",null,"M","M","?","M","M","R","E","?","T","M"],"character_chosen":"IRONCLAD","items_purchased":["Apotheosis","Limit Break","Bag of Marbles","Forethought"],"campfire_rested":5,"item_purchase_floors":[27,27,27,27],"current_hp_per_floor":[80,80,68,74,63,63,36,60,60,60,16,22,30,38,63,29,86,89,89,89,76,34,31,59,41,41,41,69,44,72,72,72,17,95,75,67,67,75,68,68,60,60,60,0],"gold":106,"neow_bonus":"RANDOM_COLORLESS","is_prod":false,"is_daily":false,"chose_seed":false,"campfire_upgraded":2,"win_rate":0.0,"timestamp":1562316783,"path_taken":["M","M","?","M","?","R","E","R","T","?","E","M","M","?","R","BOSS","M","M","?","M","M","M","R","M","T","$","R","E","R","?","R","BOSS","M","M","?","M","M","R","E","?","T","M"],"build_version":"2019-07-01","purchased_purges":0,"victory":false,"max_hp_per_floor":[80,80,80,80,80,80,80,80,80,80,80,83,86,86,86,89,86,89,89,89,92,92,95,95,95,95,95,95,95,95,95,95,95,95,95,95,95,95,95,95,95,95,95,95],"card_choices":[{"not_picked":["Pommel Strike","Warcry"],"picked":"Rupture","floor":1},{"not_picked":["Second Wind","Disarm"],"picked":"Headbutt","floor":2},{"not_picked":["Wild Strike","Pommel Strike"],"picked":"Whirlwind","floor":4},{"not_picked":["Havoc","Rupture"],"picked":"Spot Weakness","floor":7},{"not_picked":["Battle Trance","True Grit"],"picked":"Dropkick","floor":11},{"not_picked":["Fire Breathing","Warcry"],"picked":"Iron Wave","floor":12},{"not_picked":["Clash","Ghostly Armor"],"picked":"Iron Wave","floor":13},{"not_picked":["True Grit","Perfected Strike"],"picked":"Limit Break","floor":14},{"not_picked":["Offering","Immolate"],"picked":"Demon Form","floor":16},{"not_picked":["Battle Trance","Power Through"],"picked":"Whirlwind","floor":18},{"not_picked":["Dropkick","Warcry"],"picked":"Shockwave","floor":19},{"not_picked":["Wild Strike+1","Shockwave"],"picked":"Inflame","floor":21},{"not_picked":["Pommel Strike","Sword Boomerang"],"picked":"Anger+1","floor":22},{"not_picked":["Wild Strike","Perfected Strike"],"picked":"Pummel+1","floor":23},{"not_picked":["Whirlwind+1","Clothesline+1"],"picked":"Heavy Blade","floor":25},{"not_picked":["Sever Soul","True Grit","Reckless Charge"],"picked":"SKIP","floor":29},{"not_picked":["Berserk","Exhume"],"picked":"Barricade","floor":33},{"not_picked":["Headbutt+1","Fire Breathing+1"],"picked":"Cleave+1","floor":35},{"not_picked":["Body Slam","Anger"],"picked":"Flame Barrier","floor":36},{"not_picked":["Battle Trance+1","Whirlwind+1","Disarm"],"picked":"SKIP","floor":38},{"not_picked":["True Grit+1","Demon Form","Clash"],"picked":"SKIP","floor":39},{"not_picked":["True Grit","Body Slam+1"],"picked":"Cleave+1","floor":41},{"not_picked":["Mind Blast","Apotheosis"],"picked":"Madness","floor":42}],"player_experience":97937,"relics_obtained":[{"floor":7,"key":"Orichalcum"},{"floor":9,"key":"Blood Vial"},{"floor":11,"key":"Happy Flower"},{"floor":26,"key":"Girya"},{"floor":29,"key":"Lantern"},{"floor":41,"key":"Oddly Smooth Stone"},{"floor":41,"key":"Bottled Flame"},{"floor":43,"key":"Omamori"}],"event_choices":[{"damage_healed":0,"gold_gain":0,"player_choice":"Success","damage_taken":12,"relics_obtained":["Potion Belt"],"max_hp_gain":0,"max_hp_loss":0,"event_name":"Scrap Ooze","floor":3,"gold_loss":0},{"damage_healed":0,"gold_gain":75,"player_choice":"Gather Gold","damage_taken":11,"max_hp_gain":0,"max_hp_loss":0,"event_name":"World of Goop","floor":5,"gold_loss":0},{"damage_healed":0,"gold_gain":0,"player_choice":"2 cards matched","damage_taken":0,"max_hp_gain":0,"max_hp_loss":0,"event_name":"Match and Keep!","floor":10,"gold_loss":0,"cards_obtained":["Parasite","Feed"]},{"damage_healed":0,"gold_gain":0,"player_choice":"Opened","damage_taken":0,"relics_obtained":["Boot"],"max_hp_gain":0,"max_hp_loss":0,"event_name":"The Mausoleum","floor":20,"gold_loss":0},{"damage_healed":0,"gold_gain":0,"player_choice":"Ignored","damage_taken":0,"max_hp_gain":0,"max_hp_loss":0,"event_name":"Vampires","floor":31,"gold_loss":0},{"damage_healed":0,"gold_gain":0,"player_choice":"Paid","damage_taken":0,"relics_obtained":["Red Mask"],"max_hp_gain":0,"max_hp_loss":0,"event_name":"Tomb of Lord Red Mask","floor":37,"gold_loss":194},{"damage_healed":0,"gold_gain":0,"player_choice":"Memory 1","damage_taken":0,"max_hp_gain":0,"max_hp_loss":0,"event_name":"SensoryStone","floor":42,"gold_loss":0}],"is_beta":false,"boss_relics":[{"not_picked":["White Beast Statue","Cursed Key"],"picked":"Astrolabe"},{"not_picked":["Runic Cube","Empty Cage"],"picked":"Black Star"}],"items_purged_floors":[],"is_endless":false,"potions_floor_spawned":[1,7,12,13,16,19,25,29,33,36,38,39],"killed_by":"Maw","ascension_level":0}