{"gold_per_floor":[109,109,132,59,59,59,97,97,121,144,175,175,250,270,270,395,395,418,418,441,85,85,85,116,132,182,182,218,143,159,174,174,174],"floor_reached":33,"playtime":1211,"items_purged":["Shame"],"score":399,"play_id":"b273b5a1-8cc7-4b4a-a989-3ea6683ba58d","local_time":"20190722212715","is_ascension_mode":true,"campfire_choices":[{"data":"Immolate","floor":6,"key":"SMITH"},{"floor":8,"key":"REST"},{"data":"Pummel","floor":12,"key":"SMITH"},{"data":"Bash","floor":15,"key":"SMITH"},{"data":"Second Wind","floor":23,"key":"SMITH"},{"floor":27,"key":"REST"},{"data":"Flex","floor":32,"key":"SMITH"}],"neow_cost":"NONE","seed_source_timestamp":103975837100207,"circlet_count":0,"master_deck":["Strike_R+1","Strike_R+1","Strike_R+1","Strike_R+1","Strike_R+1","Defend_R+1","Defend_R+1","Defend_R+1","Bash+1","Cleave","Immolate+1","Reaper","Headbutt","Spot Weakness","Pummel+1","Reaper","Fiend Fire","Parasite","Doubt","Cleave+1","Flex+1","Second Wind+1","Clash+1","Uppercut","Whirlwind"],"relics":["Burning Blood","Golden Idol","Bag of Marbles","Bag of Preparation","Pen Nib","Blood Vial","Calling Bell","Oddly Smooth Stone","Pear","Charon\u0027s Ashes","FossilizedHelix","Mango","Anchor","Orichalcum"],"potions_floor_usage":[20,24,25,33],"damage_taken":[{"damage":2,"enemies":"Jaw Worm","floor":1,"turns":3},{"damage":16,"enemies":"Gremlin Nob","floor":7,"turns":3},{"damage":0,"enemies":"Cultist","floor":10,"turns":1},{"damage":20,"enemies":"Lagavulin","floor":11,"turns":3},{"damage":0,"enemies":"Small Slimes","floor":14,"turns":2},{"damage":69,"enemies":"The Guardian","floor":16,"turns":9},{"damage":37,"enemies":"Shell Parasite","floor":18,"turns":4},{"damage":24,"enemies":"2 Thieves","floor":20,"turns":3},{"damage":23,"enemies":"Book of Stabbing","floor":24,"turns":4},{"damage":27,"enemies":"Snecko","floor":25,"turns":4},{"damage":28,"enemies":"Slavers","floor":28,"turns":3},{"damage":17,"enemies":"Centurion and Healer","floor":30,"turns":4},{"damage":0,"enemies":"Snake Plant","floor":31,"turns":2},{"damage":127,"enemies":"Collector","floor":33,"turns":7}],"seed_played":"5159472595993999081","potions_obtained":[{"floor":7,"key":"Weak Potion"},{"floor":11,"key":"FearPotion"},{"floor":24,"key":"Energy Potion"},{"floor":28,"key":"Energy Potion"},{"floor":31,"key":"Dexterity Potion"}],"is_trial":false,"path_per_floor":["M","?","T","$","?","R","E","R","T","M","E","R","?","M","R","B",null,"M","?","M","$","?","R","E","M","T","R","E","$","M","M","R","B"],"character_chosen":"IRONCLAD","items_purchased":["Immolate","FossilizedHelix","Flex"],"campfire_rested":2,"item_purchase_floors":[4,21,21],"current_hp_per_floor":[88,66,66,66,66,66,56,82,82,88,74,74,63,71,71,17,98,68,68,80,80,80,80,79,66,66,99,90,90,85,93,93,0],"gold":174,"neow_bonus":"TEN_PERCENT_HP_BONUS","is_prod":false,"is_daily":false,"chose_seed":false,"campfire_upgraded":5,"win_rate":0,"timestamp":1563823635,"path_taken":["M","?","?","$","?","R","E","R","T","?","E","R","?","M","R","BOSS","M","?","M","$","?","R","E","M","T","R","E","$","?","M","R","BOSS"],"build_version":"2019-07-17","purchased_purges":1,"victory":false,"max_hp_per_floor":[88,88,88,88,88,88,88,88,88,88,88,88,88,88,88,88,98,98,98,98,98,98,98,112,112,112,112,112,112,112,112,112,112],"card_choices":[{"not_picked":["Havoc","Rage"],"picked":"Cleave","floor":1},{"not_picked":["Sword Boomerang","Blood for Blood"],"picked":"Headbutt","floor":7},{"not_picked":["Armaments","Thunderclap"],"picked":"Spot Weakness","floor":10},{"not_picked":["Warcry","Rage"],"picked":"Pummel","floor":11},{"not_picked":["Clothesline","Iron Wave"],"picked":"Reaper","floor":14},{"not_picked":["Dark Embrace","Immolate"],"picked":"Fiend Fire","floor":16},{"not_picked":["Disarm","Clothesline","Armaments"],"picked":"SKIP","floor":18},{"not_picked":["Blood for Blood","Wild Strike+1"],"picked":"Cleave+1","floor":20},{"not_picked":["Rage","Wild Strike","Second Wind"],"picked":"SKIP","floor":24},{"not_picked":["Sever Soul","Rampage","Heavy Blade+1"],"picked":"SKIP","floor":25},{"not_picked":["Rupture","Berserk"],"picked":"Clash+1","floor":28},{"not_picked":["Anger","Bloodletting"],"picked":"Uppercut","floor":30},{"not_picked":["Thunderclap+1","Perfected Strike"],"picked":"Whirlwind","floor":31}],"player_experience":283515,"relics_obtained":[{"floor":3,"key":"Bag of Marbles"},{"floor":7,"key":"Bag of Preparation"},{"floor":9,"key":"Pen Nib"},{"floor":11,"key":"Blood Vial"},{"floor":17,"key":"Oddly Smooth Stone"},{"floor":17,"key":"Pear"},{"floor":17,"key":"Charon\u0027s Ashes"},{"floor":24,"key":"Mango"},{"floor":26,"key":"Anchor"},{"floor":28,"key":"Orichalcum"}],"event_choices":[{"damage_healed":0,"gold_gain":0,"player_choice":"Take Damage","damage_taken":22,"relics_obtained":["Golden Idol"],"max_hp_gain":0,"max_hp_loss":0,"event_name":"Golden Idol","floor":2,"gold_loss":0},{"damage_healed":0,"gold_gain":0,"cards_transformed":["Defend_R"],"player_choice":"Transformed","damage_taken":0,"max_hp_gain":0,"max_hp_loss":0,"event_name":"Transmorgrifier","floor":5,"gold_loss":0,"cards_obtained":["Reaper"]},{"damage_healed":0,"gold_gain":75,"player_choice":"Gather Gold","damage_taken":11,"max_hp_gain":0,"max_hp_loss":0,"event_name":"World of Goop","floor":13,"gold_loss":0},{"damage_healed":0,"gold_gain":0,"player_choice":"Simplicity","damage_taken":0,"max_hp_gain":0,"max_hp_loss":0,"event_name":"Back to Basics","floor":19,"gold_loss":0,"cards_upgraded":["Strike_R","Strike_R","Strike_R","Strike_R","Strike_R","Defend_R","Defend_R","Defend_R"]},{"damage_healed":0,"gold_gain":0,"player_choice":"Read","damage_taken":0,"max_hp_gain":0,"max_hp_loss":0,"event_name":"The Library","floor":22,"gold_loss":0,"cards_obtained":["Second Wind"]}],"is_beta":false,"boss_relics":[{"not_picked":["Empty Cage","Busted Crown"],"picked":"Calling Bell"}],"items_purged_floors":[29],"is_endless":false,"potions_floor_spawned":[7,11,24,28,31],"killed_by":"Collector","ascension_level":4}