{"gold_per_floor":[117,117,117,5,16,16,45,45,45,80,95,95,115,125,125,125],"floor_reached":16,"playtime":451,"items_purged":[],"score":220,"play_id":"66e9d8cd-de69-4e8c-9a91-2ef5e154462e","local_time":"20181230120138","is_ascension_mode":true,"campfire_choices":[{"data":"Coolheaded","floor":6,"key":"SMITH"},{"data":"Biased Cognition","floor":8,"key":"SMITH"},{"data":"Hologram","floor":15,"key":"SMITH"}],"neow_cost":"NONE","seed_source_timestamp":2307585490478,"circlet_count":0,"master_deck":["AscendersBane","Strike_B","Strike_B","Strike_B","Strike_B","Defend_B","Defend_B","Defend_B","Defend_B","Zap+1","Dualcast","Hologram+1","Ball Lightning","Coolheaded+1","Ball Lightning","Biased Cognition+1","Loop","Compile Driver","Compile Driver","FTL"],"special_seed":0,"relics":["Cracked Core","Bag of Preparation","Unceasing Top","Turnip","Mummified Hand","Sundial"],"potions_floor_usage":[7,16],"damage_taken":[{"damage":0.0,"enemies":"2 Louse","floor":1.0,"turns":1.0},{"damage":4,"enemies":"Jaw Worm","floor":5,"turns":4},{"damage":21,"enemies":"3 Sentries","floor":7,"turns":6},{"damage":1,"enemies":"Gremlin Nob","floor":10,"turns":3},{"damage":0,"enemies":"Small Slimes","floor":11,"turns":2},{"damage":6,"enemies":"Blue Slaver","floor":13,"turns":2},{"damage":13,"enemies":"Exordium Thugs","floor":14,"turns":3},{"damage":8,"enemies":"The Guardian","floor":16,"turns":4}],"seed_played":"-6527659335623226498","potions_obtained":[{"floor":1.0,"key":"GamblersBrew"},{"floor":11,"key":"FearPotion"},{"floor":13,"key":"Ancient Potion"},{"floor":14,"key":"PowerPotion"}],"is_trial":false,"path_per_floor":["M","?","?","$","M","R","E","R","T","E","M","?","M","M","R","B"],"character_chosen":"DEFECT","items_purchased":["Ball Lightning","Coolheaded"],"campfire_rested":0,"item_purchase_floors":[4,4],"current_hp_per_floor":[64,64,53,53,49,49,28,28,28,27,27,27,21,8,8,0],"gold":125,"neow_bonus":"RANDOM_COMMON_RELIC","is_prod":false,"is_daily":false,"chose_seed":false,"campfire_upgraded":3,"win_rate":0,"timestamp":1546189298,"path_taken":["M","?","?","$","M","R","E","R","T","E","M","?","M","M","R","BOSS"],"build_version":"2018-12-20","purchased_purges":0,"victory":false,"max_hp_per_floor":[71,71,71,71,71,71,71,71,71,71,71,71,71,71,71,71],"card_choices":[{"not_picked":["Gash","Turbo"],"picked":"Hologram","floor":1.0},{"not_picked":["Leap","Chaos"],"picked":"Ball Lightning","floor":5},{"not_picked":["Undo","Gash"],"picked":"Biased Cognition","floor":7},{"not_picked":["Hologram","Darkness"],"picked":"Loop","floor":10},{"not_picked":["Steam","Force Field"],"picked":"Compile Driver","floor":11},{"not_picked":["Coolheaded","Gash"],"picked":"Compile Driver","floor":13},{"not_picked":["Sunder","Consume"],"picked":"FTL","floor":14}],"player_experience":1308758,"relics_obtained":[{"floor":7,"key":"Turnip"},{"floor":9,"key":"Mummified Hand"},{"floor":10,"key":"Sundial"}],"event_choices":[{"damage_healed":0.0,"max_hp_gain":0.0,"max_hp_loss":0.0,"gold_gain":0.0,"event_name":"Living Wall","player_choice":"Grow","floor":2.0,"gold_loss":0.0,"damage_taken":0.0,"cards_upgraded":["Zap"]},{"damage_healed":0,"gold_gain":0,"player_choice":"Success","damage_taken":11,"relics_obtained":["Unceasing Top"],"max_hp_gain":0,"max_hp_loss":0,"event_name":"Scrap Ooze","floor":3,"gold_loss":0},{"damage_healed":0,"gold_gain":0,"player_choice":"0 cards matched","damage_taken":0,"max_hp_gain":0,"max_hp_loss":0,"event_name":"Match and Keep!","floor":12,"gold_loss":0,"cards_obtained":[]}],"is_beta":false,"boss_relics":[],"items_purged_floors":[],"is_endless":false,"potions_floor_spawned":[1,11,13,14],"killed_by":"The Guardian","ascension_level":20}