{"gold_per_floor":[116,41,116,31,47,47,47,47,47,47,80,92,105,121,121,121],"floor_reached":16,"playtime":432,"items_purged":[],"score":200,"play_id":"e5d39a31-264d-470d-835f-1ff848f09545","local_time":"20181030200806","is_ascension_mode":true,"campfire_choices":[{"data":"Bash","floor":6,"key":"SMITH"},{"data":"Combust","floor":8,"key":"SMITH"},{"data":"Evolve","floor":10,"key":"SMITH"},{"data":"Immolate","floor":15,"key":"SMITH"}],"neow_cost":"NONE","seed_source_timestamp":1037048062379427,"circlet_count":0,"master_deck":["Strike_R","Strike_R","Strike_R","Defend_R","Defend_R","Defend_R","Defend_R","Bash+1","AscendersBane","Evolve+1","Combust+1","Pummel","Warcry","Immolate+1","Corruption","Rupture"],"relics":["Burning Blood","Orichalcum","Singing Bowl"],"potions_floor_usage":[11,16],"damage_taken":[{"damage":10,"enemies":"2 Louse","floor":1,"turns":3},{"damage":14,"enemies":"Jaw Worm","floor":5,"turns":5},{"damage":25,"enemies":"3 Sentries","floor":11,"turns":5},{"damage":6,"enemies":"Small Slimes","floor":12,"turns":5},{"damage":6,"enemies":"2 Fungi Beasts","floor":13,"turns":3},{"damage":8,"enemies":"Large Slime","floor":14,"turns":4},{"damage":32,"enemies":"Slime Boss","floor":16,"turns":7}],"seed_played":"-8603386014591060401","potions_obtained":[{"floor":5,"key":"AttackPotion"},{"floor":12,"key":"BloodPotion"}],"is_trial":false,"path_per_floor":["M","?","?","$","M","R","?","R","T","R","E","M","M","M","R"],"character_chosen":"IRONCLAD","items_purchased":["Combust"],"campfire_rested":0,"item_purchase_floors":[4],"current_hp_per_floor":[71,71,60,60,52,52,45,45,45,45,26,26,26,24,24,0],"gold":121,"neow_bonus":"TEN_PERCENT_HP_BONUS","is_prod":false,"is_daily":false,"chose_seed":false,"campfire_upgraded":4,"win_rate":0,"timestamp":1540944486,"path_taken":["M","?","?","?","M","R","?","R","T","R","E","M","M","M","R","BOSS"],"build_version":"2018-10-25v2","purchased_purges":0,"victory":false,"max_hp_per_floor":[82,82,82,82,82,82,82,82,82,82,82,82,82,82,82,82],"card_choices":[{"not_picked":["Warcry","Sentinel"],"picked":"Evolve","floor":1},{"not_picked":["Flex","Searing Blow"],"picked":"Pummel","floor":5},{"not_picked":["Iron Wave","Twin Strike"],"picked":"Warcry","floor":11},{"not_picked":["Entrench","True Grit"],"picked":"Immolate","floor":12},{"not_picked":["Iron Wave","Twin Strike"],"picked":"Corruption","floor":13},{"not_picked":["Wild Strike","Corruption"],"picked":"Rupture","floor":14}],"player_experience":1020130,"relics_obtained":[{"floor":9,"key":"Orichalcum"},{"floor":11,"key":"Singing Bowl"}],"event_choices":[{"cards_removed":["Strike_R"],"damage_healed":0,"gold_gain":0,"player_choice":"Card Removal","damage_taken":0,"max_hp_gain":0,"max_hp_loss":0,"event_name":"The Cleric","floor":2,"gold_loss":75},{"damage_healed":0,"gold_gain":75,"player_choice":"Gather Gold","damage_taken":11,"max_hp_gain":0,"max_hp_loss":0,"event_name":"World of Goop","floor":3,"gold_loss":0},{"cards_removed":["Strike_R"],"damage_healed":0,"gold_gain":0,"player_choice":"Card Removal","damage_taken":7,"max_hp_gain":0,"max_hp_loss":0,"event_name":"Golden Wing","floor":7,"gold_loss":0}],"is_beta":false,"boss_relics":[],"items_purged_floors":[],"is_endless":false,"potions_floor_spawned":[5,12],"killed_by":"Slime Boss","ascension_level":20}