{"gold_per_floor":[115,85,100,0,13,39,39,59,82,82,92,119,131,131,131,227,227,252,252,268,293,16,16,16,51,100,100],"floor_reached":27,"playtime":1186,"items_purged":[],"score":486,"play_id":"0d11c90d-fc21-4ff9-a66b-7337e6f4c20f","local_time":"20181122135138","is_ascension_mode":true,"campfire_choices":[{"data":"Zap","floor":7,"key":"SMITH"},{"data":"Go for the Eyes","floor":10,"key":"SMITH"},{"data":"Hologram","floor":15,"key":"SMITH"},{"floor":23,"key":"REST"}],"neow_cost":"NONE","seed_source_timestamp":138699965933777,"circlet_count":0,"master_deck":["AscendersBane","Strike_B","Strike_B","Strike_B","Strike_B","Defend_B","Defend_B","Defend_B+1","Defend_B","Zap+1","Dualcast","Go for the Eyes+1","Coolheaded+1","Flash of Steel","Hologram+1","White Noise","Cold Snap","Compile Driver","Consume","Biased Cognition","Turbo","All For One","Stack+1","Turbo","Meteor Strike","Zap","Genetic Algorithm"],"relics":["Cracked Core","NeowsBlessing","Oddly Smooth Stone","War Paint","Omamori","Golden Idol","Runic Dome","Shuriken","Regal Pillow"],"potions_floor_usage":[6,6,13,16,20,21],"damage_taken":[{"damage":0,"enemies":"Jaw Worm","floor":1,"turns":1},{"damage":0,"enemies":"Cultist","floor":3,"turns":1},{"damage":0,"enemies":"Small Slimes","floor":5,"turns":1},{"damage":18,"enemies":"Lagavulin","floor":6,"turns":7},{"damage":0,"enemies":"Looter","floor":8,"turns":4},{"damage":1,"enemies":"Blue Slaver","floor":11,"turns":3},{"damage":9,"enemies":"Gremlin Nob","floor":12,"turns":4},{"damage":7,"enemies":"Exordium Thugs","floor":13,"turns":4},{"damage":14,"enemies":"The Guardian","floor":16,"turns":17},{"damage":16,"enemies":"3 Byrds","floor":18,"turns":6},{"damage":0,"enemies":"Chosen","floor":20,"turns":3},{"damage":13,"enemies":"Shelled Parasite and Fungi","floor":21,"turns":6},{"damage":30,"enemies":"Gremlin Leader","floor":25,"turns":6},{"damage":13,"enemies":"Slavers","floor":27,"turns":1}],"seed_played":"6383840313386068881","potions_obtained":[{"floor":2,"key":"AttackPotion"},{"floor":2,"key":"PowerPotion"},{"floor":6,"key":"Dexterity Potion"},{"floor":11,"key":"Fire Potion"},{"floor":13,"key":"Ancient Potion"},{"floor":18,"key":"Weak Potion"},{"floor":25,"key":"FearPotion"}],"is_trial":false,"path_per_floor":["M","?","M","$","M","E","R","M","T","R","M","E","M","?","R","B",null,"M","?","M","M","$","R","?","E","T","E"],"character_chosen":"DEFECT","items_purchased":["Flash of Steel","Shuriken"],"campfire_rested":1,"item_purchase_floors":[4,22],"current_hp_per_floor":[64,64,64,64,64,46,46,46,46,46,45,36,29,29,29,15,52,36,36,36,23,23,42,42,12,12,0],"gold":100,"neow_bonus":"THREE_ENEMY_KILL","is_prod":false,"is_daily":false,"chose_seed":false,"campfire_upgraded":3,"win_rate":0,"timestamp":1542912698,"path_taken":["M","?","?","?","?","E","R","M","T","R","M","E","M","?","R","BOSS","M","?","M","M","$","R","?","E","T","E"],"build_version":"2018-11-15","purchased_purges":0,"victory":false,"max_hp_per_floor":[71,71,71,71,71,71,71,71,71,71,71,71,71,64,64,64,64,64,64,64,64,64,64,64,64,64,64],"card_choices":[{"not_picked":["Streamline","Steam"],"picked":"Go for the Eyes","floor":1},{"not_picked":["Lockon","Reinforced Body"],"picked":"Coolheaded","floor":3},{"not_picked":["Sunder","Leap"],"picked":"Hologram","floor":5},{"not_picked":["Beam Cell","Stack","Barrage"],"picked":"SKIP","floor":6},{"not_picked":["Loop","Storm"],"picked":"White Noise","floor":8},{"not_picked":["Beam Cell","Loop"],"picked":"Cold Snap","floor":11},{"not_picked":["Chill","Aggregate"],"picked":"Compile Driver","floor":12},{"not_picked":["Skim","Go for the Eyes"],"picked":"Consume","floor":13},{"not_picked":["Amplify","Machine Learning"],"picked":"Biased Cognition","floor":16},{"not_picked":["Streamline","Beam Cell"],"picked":"Turbo","floor":18},{"not_picked":["Turbo","Rebound"],"picked":"Stack+1","floor":20},{"not_picked":["Barrage","Blizzard"],"picked":"Turbo","floor":21},{"not_picked":["Redo","Turbo"],"picked":"Genetic Algorithm","floor":25}],"player_experience":1138724,"relics_obtained":[{"floor":6,"key":"Oddly Smooth Stone"},{"floor":9,"key":"War Paint"},{"floor":12,"key":"Omamori"},{"floor":25,"key":"Regal Pillow"}],"event_choices":[{"damage_healed":0,"gold_gain":0,"player_choice":"Bought 2 Potions","damage_taken":0,"max_hp_gain":0,"max_hp_loss":0,"event_name":"The Woman in Blue","floor":2,"gold_loss":0},{"damage_healed":0,"gold_gain":0,"player_choice":"Lose Max HP","damage_taken":0,"relics_obtained":["Golden Idol"],"max_hp_gain":0,"max_hp_loss":7,"event_name":"Golden Idol","floor":14,"gold_loss":0},{"damage_healed":0,"gold_gain":0,"player_choice":"Read","damage_taken":0,"max_hp_gain":0,"max_hp_loss":0,"event_name":"The Library","floor":19,"gold_loss":0,"cards_obtained":["All For One"]},{"damage_healed":0,"gold_gain":0,"player_choice":"2 cards matched","damage_taken":0,"max_hp_gain":0,"max_hp_loss":0,"event_name":"Match and Keep!","floor":24,"gold_loss":0,"cards_obtained":["Meteor Strike","Zap"]}],"is_beta":false,"boss_relics":[{"not_picked":["FrozenCore","Lizard Tail"],"picked":"Runic Dome"}],"items_purged_floors":[],"is_endless":false,"potions_floor_spawned":[6,11,12,13,18,25],"killed_by":"Slavers","ascension_level":20}