{"gold_per_floor":[16,29,104,29,40,40,40,40,40,40,60,60,83,114,114,204,204,218,236,277,277,295,295,295],"floor_reached":24,"playtime":677,"items_purged":[],"score":517,"play_id":"2ffd4a26-4dca-4540-8cc0-98112153b2b0","local_time":"20181127124208","is_ascension_mode":true,"campfire_choices":[{"data":"Bash","floor":6,"key":"SMITH"},{"data":"Havoc","floor":8,"key":"SMITH"},{"data":"Rampage","floor":10,"key":"SMITH"},{"data":"Headbutt","floor":15,"key":"SMITH"},{"floor":23,"key":"REST"}],"neow_cost":"NO_GOLD","seed_source_timestamp":171555064727466,"circlet_count":0,"master_deck":["AscendersBane","Defend_R","Defend_R","Defend_R","Defend_R","Bash+1","Rampage+1","Headbutt+1","Havoc+1","Headbutt","Offering","Warcry","Bite","Bite","Bite","Bite","Bite","Shrug It Off"],"relics":["Burning Blood","Golden Idol","Pear","Bag of Preparation","Fusion Hammer","Red Mask"],"potions_floor_usage":[2,20,20,24],"damage_taken":[{"damage":2,"enemies":"2 Louse","floor":1,"turns":4},{"damage":9,"enemies":"Jaw Worm","floor":2,"turns":4},{"damage":7,"enemies":"Cultist","floor":5,"turns":4},{"damage":0,"enemies":"Large Slime","floor":11,"turns":3},{"damage":6,"enemies":"Blue Slaver","floor":13,"turns":3},{"damage":39,"enemies":"Gremlin Nob","floor":14,"turns":4},{"damage":0,"enemies":"Slime Boss","floor":16,"turns":4},{"damage":6,"enemies":"Chosen","floor":18,"turns":2},{"damage":18,"enemies":"2 Thieves","floor":19,"turns":3},{"damage":24,"enemies":"Masked Bandits","floor":20,"turns":4},{"damage":50,"enemies":"Chosen and Byrds","floor":22,"turns":7},{"damage":75,"enemies":"Gremlin Leader","floor":24,"turns":4}],"seed_played":"4967659270052203076","potions_obtained":[{"floor":1,"key":"Weak Potion"},{"floor":11,"key":"SpeedPotion"},{"floor":16,"key":"SpeedPotion"},{"floor":20,"key":"Poison Potion"},{"floor":22,"key":"Regen Potion"}],"is_trial":false,"path_per_floor":["M","M","?","?","M","R","?","R","T","R","M","$","M","E","R","B",null,"M","M","?","?","M","R","E"],"character_chosen":"IRONCLAD","items_purchased":[],"campfire_rested":1,"item_purchase_floors":[],"current_hp_per_floor":[86,83,72,72,71,71,71,71,81,81,87,87,87,54,54,60,83,83,71,53,53,31,49,0],"gold":295,"neow_bonus":"TWENTY_PERCENT_HP_BONUS","is_prod":false,"is_daily":false,"chose_seed":false,"campfire_upgraded":4,"win_rate":0,"timestamp":1543340528,"path_taken":["M","M","?","?","M","R","?","R","T","R","M","$","?","E","R","BOSS","M","M","?","?","M","R","E"],"build_version":"2018-11-15","purchased_purges":0,"victory":false,"max_hp_per_floor":[89,89,89,89,89,89,81,81,91,91,91,91,91,91,91,91,91,91,91,91,63,63,63,63],"card_choices":[{"not_picked":["Heavy Blade","Body Slam"],"picked":"Rampage","floor":1},{"not_picked":["Power Through","Twin Strike"],"picked":"Headbutt","floor":2},{"not_picked":["Twin Strike","Anger"],"picked":"Havoc","floor":5},{"not_picked":["Blood for Blood","Cleave"],"picked":"Headbutt","floor":11},{"not_picked":["Wild Strike","Hemokinesis","Sever Soul"],"picked":"SKIP","floor":13},{"not_picked":["Iron Wave","Twin Strike","Sentinel"],"picked":"SKIP","floor":14},{"not_picked":["Demon Form","Fiend Fire"],"picked":"Offering","floor":16},{"not_picked":["Sever Soul","Wild Strike"],"picked":"Warcry","floor":18},{"not_picked":["Power Through","Rampage","Heavy Blade"],"picked":"SKIP","floor":19},{"not_picked":["Combust","Body Slam"],"picked":"Shrug It Off","floor":22}],"player_experience":1166123,"relics_obtained":[{"floor":9,"key":"Pear"},{"floor":14,"key":"Bag of Preparation"},{"floor":20,"key":"Red Mask"}],"event_choices":[{"damage_healed":0,"gold_gain":75,"player_choice":"Gather Gold","damage_taken":11,"max_hp_gain":0,"max_hp_loss":0,"event_name":"World of Goop","floor":3,"gold_loss":0},{"cards_removed":["Strike_R"],"damage_healed":0,"gold_gain":0,"player_choice":"Card Removal","damage_taken":0,"max_hp_gain":0,"max_hp_loss":0,"event_name":"The Cleric","floor":4,"gold_loss":75},{"damage_healed":0,"gold_gain":0,"player_choice":"Lose Max HP","damage_taken":0,"relics_obtained":["Golden Idol"],"max_hp_gain":0,"max_hp_loss":8,"event_name":"Golden Idol","floor":7,"gold_loss":0},{"damage_healed":0,"gold_gain":0,"player_choice":"Fought Bandits","damage_taken":0,"max_hp_gain":0,"max_hp_loss":0,"event_name":"Masked Bandits","floor":20,"gold_loss":0},{"damage_healed":0,"gold_gain":0,"player_choice":"Became a vampire","damage_taken":0,"max_hp_gain":0,"max_hp_loss":28,"event_name":"Vampires","floor":21,"gold_loss":0,"cards_obtained":["Bite","Bite","Bite","Bite","Bite"]}],"is_beta":false,"boss_relics":[{"not_picked":["Coffee Dripper","Lizard Tail"],"picked":"Fusion Hammer"}],"items_purged_floors":[],"is_endless":false,"potions_floor_spawned":[1,11,16,20,22],"killed_by":"Gremlin Leader","ascension_level":20}