{"gold_per_floor":[216,216,178,178,189,189,1,1,1,16,42,42,66,84,84,161,161,180,1,12,12,31,31,31],"floor_reached":24,"playtime":594,"items_purged":["Strike_B","Strike_B"],"score":388,"play_id":"50878555-6b1a-470b-b16a-1b189d6d62dd","local_time":"20181122131516","is_ascension_mode":true,"campfire_choices":[{"data":"Static Discharge","floor":6,"key":"SMITH"},{"floor":8,"key":"REST"},{"data":"Loop","floor":12,"key":"SMITH"},{"data":"Streamline","floor":15,"key":"SMITH"},{"floor":23,"key":"RECALL"}],"neow_cost":"NONE","seed_source_timestamp":137107412409761,"circlet_count":0,"master_deck":["AscendersBane","Strike_B","Defend_B","Defend_B","Defend_B","Defend_B","Zap+1","Dualcast","Static Discharge+1","Loop+1","Ball Lightning","Hologram","Cold Snap","Machine Learning","Streamline+1","Creative AI","Double Energy","Defragment","Heatsinks"],"relics":["Cracked Core","Orichalcum","Meat on the Bone","Regal Pillow","Juzu Bracelet","Fusion Hammer"],"potions_floor_usage":[11,16,16,20,20,24,24],"damage_taken":[{"damage":1,"enemies":"Small Slimes","floor":1,"turns":3},{"damage":3,"enemies":"2 Louse","floor":5,"turns":3},{"damage":7,"enemies":"Jaw Worm","floor":10,"turns":2},{"damage":16,"enemies":"3 Sentries","floor":11,"turns":4},{"damage":5,"enemies":"Looter","floor":14,"turns":3},{"damage":20,"enemies":"Slime Boss","floor":16,"turns":4},{"damage":32,"enemies":"2 Thieves","floor":18,"turns":3},{"damage":12,"enemies":"Chosen","floor":20,"turns":4},{"damage":18,"enemies":"3 Cultists","floor":22,"turns":4},{"damage":46,"enemies":"Book of Stabbing","floor":24,"turns":3}],"seed_played":"-3240295979825204886","potions_obtained":[{"floor":10,"key":"SkillPotion"},{"floor":11,"key":"Weak Potion"},{"floor":14,"key":"AttackPotion"},{"floor":16,"key":"EntropicBrew"},{"floor":18,"key":"AttackPotion"}],"is_trial":false,"path_per_floor":["M","?","?","?","M","R","$","R","T","M","E","R","T","M","R","B",null,"M","$","M","?","M","R","E"],"character_chosen":"DEFECT","items_purchased":["Ball Lightning","Hologram","Defragment"],"campfire_rested":1,"item_purchase_floors":[7,7,19],"current_hp_per_floor":[63,18,18,18,15,15,15,36,36,41,37,37,37,44,44,36,62,42,42,42,42,36,36,0],"gold":31,"neow_bonus":"HUNDRED_GOLD","is_prod":false,"is_daily":false,"chose_seed":false,"campfire_upgraded":3,"win_rate":0,"timestamp":1542910516,"path_taken":["M","?","?","?","M","R","?","R","T","M","E","R","?","M","R","BOSS","M","$","M","?","M","R","E"],"build_version":"2018-11-15","purchased_purges":2,"victory":false,"max_hp_per_floor":[71,71,71,71,71,71,71,71,71,71,71,71,71,71,71,71,71,71,71,71,71,71,71,71],"card_choices":[{"not_picked":["Redo","Stack"],"picked":"Static Discharge","floor":1},{"not_picked":["Chaos","Streamline"],"picked":"Loop","floor":5},{"not_picked":["Rebound","Gash"],"picked":"Cold Snap","floor":10},{"not_picked":["Leap","Barrage"],"picked":"Machine Learning","floor":11},{"not_picked":["Stack","Leap"],"picked":"Streamline","floor":14},{"not_picked":["Core Surge","All For One"],"picked":"Creative AI","floor":16},{"not_picked":["Storm","Beam Cell"],"picked":"Double Energy","floor":18},{"not_picked":["Go for the Eyes","Redo"],"picked":"Heatsinks","floor":20},{"not_picked":["Auto Shields","Rebound","Gash"],"picked":"SKIP","floor":22}],"player_experience":1137237,"relics_obtained":[{"floor":9,"key":"Meat on the Bone"},{"floor":11,"key":"Regal Pillow"},{"floor":13,"key":"Juzu Bracelet"}],"event_choices":[{"damage_healed":0,"gold_gain":0,"player_choice":"Success","damage_taken":45,"relics_obtained":["Orichalcum"],"max_hp_gain":0,"max_hp_loss":0,"event_name":"Scrap Ooze","floor":2,"gold_loss":0},{"damage_healed":0,"gold_gain":0,"player_choice":"Left Gold","damage_taken":0,"max_hp_gain":0,"max_hp_loss":0,"event_name":"World of Goop","floor":3,"gold_loss":38},{"damage_healed":0,"gold_gain":0,"player_choice":"Grow","damage_taken":0,"max_hp_gain":0,"max_hp_loss":0,"event_name":"Living Wall","floor":4,"gold_loss":0,"cards_upgraded":["Zap"]},{"cards_removed":["Strike_B"],"damage_healed":0,"gold_gain":0,"player_choice":"Purged","damage_taken":0,"max_hp_gain":0,"max_hp_loss":0,"event_name":"Purifier","floor":21,"gold_loss":0}],"is_beta":false,"boss_relics":[{"not_picked":["Pandora\u0027s Box","Busted Crown"],"picked":"Fusion Hammer"}],"items_purged_floors":[7,19],"is_endless":false,"potions_floor_spawned":[10,11,14,16,18],"killed_by":"Book of Stabbing","ascension_level":20}