{"gold_per_floor":[111,129,144,157,66,66,66,86,110,110,110,110,126,150,150,150],"floor_reached":16,"playtime":953,"items_purged":[],"score":94,"play_id":"e7c5b199-6df9-4b50-b01c-1d3caf438871","local_time":"20190630163647","is_ascension_mode":false,"campfire_choices":[{"data":"Armaments","floor":6,"key":"SMITH"},{"data":"Armaments","floor":11,"key":"SMITH"},{"floor":15,"key":"REST"}],"neow_cost":"NONE","seed_source_timestamp":699374768957408,"circlet_count":0,"master_deck":["Strike_R","Strike_R","Strike_R","Strike_R","Strike_R","Defend_R","Defend_R","Defend_R","Bash","Uppercut","Armaments+1","Iron Wave","Armaments+1","Reaper","Dropkick","Shrug It Off","Perfected Strike","Dropkick","Impervious"],"relics":["Burning Blood","Juzu Bracelet","Golden Idol","Regal Pillow"],"potions_floor_usage":[4,16],"damage_taken":[{"damage":6,"enemies":"Small Slimes","floor":1,"turns":4},{"damage":1,"enemies":"Cultist","floor":2,"turns":3},{"damage":0,"enemies":"2 Louse","floor":3,"turns":2},{"damage":12,"enemies":"Exordium Thugs","floor":4,"turns":5},{"damage":7,"enemies":"3 Louse","floor":8,"turns":5},{"damage":18,"enemies":"Exordium Wildlife","floor":13,"turns":6},{"damage":0,"enemies":"Large Slime","floor":14,"turns":4},{"damage":86,"enemies":"Hexaghost","floor":16,"turns":12}],"seed_played":"-4329650529173571366","potions_obtained":[{"floor":3,"key":"EssenceOfSteel"},{"floor":4,"key":"AttackPotion"},{"floor":8,"key":"FearPotion"}],"is_trial":false,"path_per_floor":["M","M","M","M","$","R","?","M","T","?","R","?","M","M","R","B"],"character_chosen":"IRONCLAD","items_purchased":["Dropkick","Shrug It Off"],"campfire_rested":1,"item_purchase_floors":[5,5],"current_hp_per_floor":[80,80,80,74,74,74,74,79,79,59,59,59,55,61,80,0],"gold":150,"neow_bonus":"THREE_CARDS","is_prod":false,"is_daily":false,"chose_seed":false,"campfire_upgraded":2,"win_rate":0.0,"timestamp":1561937807,"path_taken":["M","M","M","M","$","R","?","M","T","?","R","?","M","M","R","BOSS"],"build_version":"2019-01-23","purchased_purges":0,"victory":false,"max_hp_per_floor":[80,80,80,80,80,80,80,80,80,80,80,80,80,80,80,80],"card_choices":[{"not_picked":["Battle Trance","Thunderclap"],"picked":"Uppercut","floor":0},{"not_picked":["Shrug It Off","Twin Strike"],"picked":"Armaments","floor":1},{"not_picked":["Battle Trance","Wild Strike"],"picked":"Iron Wave","floor":2},{"not_picked":["Intimidate","Sword Boomerang"],"picked":"Armaments","floor":3},{"not_picked":["Shockwave","Sword Boomerang"],"picked":"Reaper","floor":4},{"not_picked":["Disarm","Sword Boomerang"],"picked":"Perfected Strike","floor":8},{"not_picked":["Clothesline","Burning Pact"],"picked":"Dropkick","floor":13},{"not_picked":["Wild Strike","Headbutt"],"picked":"Impervious","floor":14}],"player_experience":51052,"relics_obtained":[{"floor":9,"key":"Juzu Bracelet"}],"event_choices":[{"cards_removed":["Defend_R"],"damage_healed":0,"gold_gain":0,"player_choice":"Offered Basic","damage_taken":0,"max_hp_gain":0,"max_hp_loss":0,"event_name":"Bonfire Elementals","floor":7,"gold_loss":0},{"damage_healed":0,"gold_gain":0,"player_choice":"Take Damage","damage_taken":20,"relics_obtained":["Golden Idol"],"max_hp_gain":0,"max_hp_loss":0,"event_name":"Golden Idol","floor":10,"gold_loss":0},{"damage_healed":0,"gold_gain":0,"player_choice":"Gave Potion","damage_taken":0,"relics_obtained":["Regal Pillow"],"max_hp_gain":0,"max_hp_loss":0,"event_name":"WeMeetAgain","floor":12,"gold_loss":0}],"is_beta":false,"boss_relics":[],"items_purged_floors":[],"is_endless":false,"potions_floor_spawned":[3,4,8],"killed_by":"Hexaghost","ascension_level":0}