{"gold_per_floor":[119,135,150,165,9,9,35,110,110,110,129,129,149,161,161,258,258,270,280,295,32,49,49,62,79,79,92,92,105,81,99,99,196,196,211,229,101,101,101,101,101,128,128,145,145,156,156,68,68,68],"floor_reached":51,"playtime":3899,"items_purged":["Strike_G"],"score":635,"play_id":"00cbda05-d864-4544-a4dc-a53b7e7bddab","local_time":"20190722171934","is_ascension_mode":false,"campfire_choices":[{"data":"Neutralize","floor":6,"key":"SMITH"},{"data":"Deadly Poison","floor":10,"key":"SMITH"},{"data":"Survivor","floor":15,"key":"SMITH"},{"data":"Malaise","floor":23,"key":"SMITH"},{"data":"Flying Knee","floor":28,"key":"SMITH"},{"data":"Defend_G","floor":32,"key":"SMITH"},{"data":"Noxious Fumes","floor":40,"key":"SMITH"},{"data":"Trip","floor":45,"key":"SMITH"},{"data":"Malaise","floor":47,"key":"SMITH"},{"floor":49,"key":"REST"}],"neow_cost":"NONE","seed_source_timestamp":1007985320391422,"circlet_count":0,"master_deck":["Defend_G+1","Defend_G","Defend_G","Defend_G","Survivor+1","Neutralize+1","Flying Knee+1","Deadly Poison+1","PiercingWail","Backstab+1","Flying Knee+1","Sucker Punch+1","Malaise+1","Acrobatics+1","Cloak And Dagger+1","Dash+1","Dagger Spray+1","Malaise+1","Concentrate+1","Acrobatics+1","Endless Agony+1","Noxious Fumes+1","Trip+1","Ghostly+1","Predator+1","Underhanded Strike+1","Well Laid Plans"],"relics":["Ring of the Snake","Bag of Preparation","Molten Egg 2","Pantograph","Busted Crown","Lantern","Omamori","Astrolabe","Blue Candle","Question Card"],"potions_floor_usage":[16,33,33,50,50],"damage_taken":[{"damage":0,"enemies":"Small Slimes","floor":1,"turns":5},{"damage":0,"enemies":"Jaw Worm","floor":2,"turns":5},{"damage":0,"enemies":"Cultist","floor":3,"turns":4},{"damage":5,"enemies":"Gremlin Gang","floor":4,"turns":7},{"damage":20,"enemies":"Gremlin Nob","floor":7,"turns":5},{"damage":1,"enemies":"2 Fungi Beasts","floor":11,"turns":4},{"damage":2,"enemies":"Large Slime","floor":13,"turns":5},{"damage":0,"enemies":"Exordium Thugs","floor":14,"turns":3},{"damage":21,"enemies":"Hexaghost","floor":16,"turns":10},{"damage":1,"enemies":"Chosen","floor":18,"turns":4},{"damage":6,"enemies":"2 Thieves","floor":19,"turns":4},{"damage":2,"enemies":"Snake Plant","floor":20,"turns":5},{"damage":0,"enemies":"3 Cultists","floor":22,"turns":6},{"damage":0,"enemies":"Snecko","floor":24,"turns":7},{"damage":0,"enemies":"Snake Plant","floor":25,"turns":4},{"damage":13,"enemies":"Shelled Parasite and Fungi","floor":27,"turns":6},{"damage":0,"enemies":"3 Cultists","floor":29,"turns":6},{"damage":1,"enemies":"Cultist and Chosen","floor":31,"turns":6},{"damage":28,"enemies":"Automaton","floor":33,"turns":12},{"damage":3,"enemies":"3 Darklings","floor":35,"turns":5},{"damage":3,"enemies":"Orb Walker","floor":36,"turns":3},{"damage":20,"enemies":"Nemesis","floor":42,"turns":11},{"damage":0,"enemies":"Sphere and 2 Shapes","floor":44,"turns":5},{"damage":12,"enemies":"Transient","floor":46,"turns":5},{"damage":26,"enemies":"Awakened One","floor":50,"turns":18}],"seed_played":"-359317462130869179","potions_obtained":[{"floor":1,"key":"FearPotion"},{"floor":2,"key":"Fire Potion"},{"floor":3,"key":"Swift Potion"},{"floor":13,"key":"Strength Potion"},{"floor":16,"key":"Ancient Potion"},{"floor":19,"key":"GhostInAJar"},{"floor":20,"key":"LiquidBronze"},{"floor":33,"key":"Explosive Potion"}],"is_trial":false,"path_per_floor":["M","M","M","M","$","R","E","?","T","R","M","?","M","M","R","B",null,"M","M","M","$","M","R","M","M","T","M","R","M","$","M","R","B",null,"M","M","$","?","?","R","?","E","T","M","R","M","R","$","R","B",null],"character_chosen":"THE_SILENT","items_purchased":["Bag of Preparation","Dash+1","Lantern","Dagger Spray+1","Noxious Fumes","PowerPotion","Well Laid Plans","PowerPotion"],"campfire_rested":1,"item_purchase_floors":[5,21,21,30,37,37,48,48],"current_hp_per_floor":[70,70,70,65,65,65,45,34,34,34,33,33,31,31,31,35,70,69,63,61,61,61,61,61,61,61,48,48,48,48,47,47,42,70,67,64,64,64,64,64,64,44,44,44,44,32,32,32,53,44],"gold":68,"neow_bonus":"REMOVE_CARD","is_prod":false,"is_daily":false,"chose_seed":false,"campfire_upgraded":9,"win_rate":0,"timestamp":1563830374,"path_taken":["M","M","M","M","$","R","E","?","T","R","M","?","M","?","R","BOSS","M","M","M","$","M","R","M","M","T","M","R","?","$","M","R","BOSS","M","?","$","?","?","R","?","E","T","M","R","M","R","$","R","BOSS"],"build_version":"2019-07-17","purchased_purges":1,"victory":true,"max_hp_per_floor":[70,70,70,70,70,70,70,70,70,70,70,70,70,70,70,70,70,70,70,70,70,70,70,70,70,70,70,70,70,70,70,70,70,70,70,70,70,70,70,70,70,70,70,70,70,70,70,70,70,70],"card_choices":[{"not_picked":["Accuracy","PiercingWail"],"picked":"Flying Knee","floor":1},{"not_picked":["Catalyst","Underhanded Strike","Concentrate"],"picked":"SKIP","floor":2},{"not_picked":["Acrobatics","Riddle With Holes"],"picked":"Deadly Poison","floor":3},{"not_picked":["Deadly Poison","Flying Knee"],"picked":"Escape Plan","floor":4},{"not_picked":["Prepared","Dodge and Roll"],"picked":"PiercingWail","floor":7},{"not_picked":["Flying Knee+1","Prepared"],"picked":"Backstab+1","floor":11},{"not_picked":["Corpse Explosion","Deflect"],"picked":"Flying Knee+1","floor":13},{"not_picked":["Heel Hook+1","Flechettes+1"],"picked":"Sucker Punch+1","floor":14},{"not_picked":["Glass Knife+1","Die Die Die+1"],"picked":"Malaise","floor":16},{"not_picked":[],"picked":"Acrobatics+1","floor":18},{"not_picked":[],"picked":"Cloak And Dagger+1","floor":19},{"not_picked":["Slice+1"],"picked":"SKIP","floor":20},{"not_picked":["Dodge and Roll"],"picked":"SKIP","floor":22},{"not_picked":["Dagger Spray+1"],"picked":"SKIP","floor":24},{"not_picked":["Acrobatics"],"picked":"SKIP","floor":25},{"not_picked":[],"picked":"PiercingWail","floor":27},{"not_picked":["Deflect"],"picked":"SKIP","floor":29},{"not_picked":["Deflect"],"picked":"SKIP","floor":31},{"not_picked":[],"picked":"Malaise","floor":33},{"not_picked":["Slice+1"],"picked":"SKIP","floor":35},{"not_picked":["Slice+1"],"picked":"SKIP","floor":36},{"not_picked":[],"picked":"Trip","floor":39},{"not_picked":[],"picked":"Predator+1","floor":42},{"not_picked":["Flying Knee+1"],"picked":"Underhanded Strike+1","floor":44},{"not_picked":["Underhanded Strike+1","Flying Knee+1"],"picked":"SKIP","floor":46}],"player_experience":4076119,"relics_obtained":[{"floor":7,"key":"Molten Egg 2"},{"floor":9,"key":"Pantograph"},{"floor":26,"key":"Omamori"},{"floor":42,"key":"Blue Candle"},{"floor":43,"key":"Question Card"}],"event_choices":[{"damage_healed":0,"gold_gain":75,"player_choice":"Gather Gold","damage_taken":11,"max_hp_gain":0,"max_hp_loss":0,"event_name":"World of Goop","floor":8,"gold_loss":0},{"cards_removed":["Strike_G"],"damage_healed":0,"gold_gain":0,"player_choice":"Offered Basic","damage_taken":0,"max_hp_gain":0,"max_hp_loss":0,"event_name":"Bonfire Elementals","floor":12,"gold_loss":0},{"cards_removed":["Escape Plan"],"damage_healed":0,"gold_gain":0,"player_choice":"Removed Skill","damage_taken":0,"max_hp_gain":0,"max_hp_loss":0,"event_name":"Falling","floor":38,"gold_loss":0},{"damage_healed":0,"gold_gain":0,"player_choice":"Memory 1","damage_taken":0,"max_hp_gain":0,"max_hp_loss":0,"event_name":"SensoryStone","floor":39,"gold_loss":0},{"cards_removed":["PiercingWail"],"damage_healed":0,"gold_gain":0,"player_choice":"Took Card","damage_taken":0,"max_hp_gain":0,"max_hp_loss":0,"event_name":"NoteForYourself","floor":41,"gold_loss":0,"cards_obtained":["Ghostly"]}],"is_beta":false,"boss_relics":[{"not_picked":["Ring of the Serpent","WristBlade"],"picked":"Busted Crown"},{"not_picked":["Pandora\u0027s Box","Eternal Feather"],"picked":"Astrolabe"}],"items_purged_floors":[21],"is_endless":false,"potions_floor_spawned":[1,2,3,13,16,19,20,22,29,31,33,42,44],"ascension_level":0}