{"gold_per_floor":[19,33,53,66,10,43,43,60,60,60,17,17,17,35,35,35],"floor_reached":16,"playtime":1042,"items_purged":[],"score":194,"play_id":"bd7bf4b1-9c62-4424-9692-d4d32dae8c5f","local_time":"20190723072241","is_ascension_mode":true,"campfire_choices":[{"floor":7,"key":"REST"},{"floor":13,"key":"REST"},{"floor":15,"key":"REST"}],"neow_cost":"NO_GOLD","seed_source_timestamp":21673451078521,"circlet_count":0,"master_deck":["AscendersBane","Strike_R","Strike_R","Defend_R","Defend_R","Defend_R","Defend_R","Bash","Warcry","Pummel","Pummel+1","Warcry","Intimidate","Intimidate","Warcry+1","Infernal Blade","Clothesline+1"],"relics":["Burning Blood","Ancient Tea Set","Molten Egg 2"],"potions_floor_usage":[4,6,8,16],"damage_taken":[{"damage":15,"enemies":"Small Slimes","floor":1,"turns":4},{"damage":1,"enemies":"Cultist","floor":2,"turns":3},{"damage":3,"enemies":"2 Louse","floor":3,"turns":3},{"damage":7,"enemies":"Looter","floor":4,"turns":3},{"damage":45,"enemies":"Lagavulin","floor":6,"turns":8},{"damage":9,"enemies":"Large Slime","floor":8,"turns":8},{"damage":6,"enemies":"3 Louse","floor":14,"turns":4},{"damage":68,"enemies":"Hexaghost","floor":16,"turns":12}],"seed_played":"-1251252729819957270","potions_obtained":[{"floor":3,"key":"FearPotion"},{"floor":6,"key":"SteroidPotion"},{"floor":14,"key":"SkillPotion"}],"is_trial":false,"path_per_floor":["M","M","M","M","$","E","R","M","T","?","$","?","R","M","R","B"],"character_chosen":"IRONCLAD","items_purchased":["AttackPotion","Infernal Blade"],"campfire_rested":3,"item_purchase_floors":[5,11],"current_hp_per_floor":[59,64,67,66,66,27,49,46,46,23,23,23,45,45,67,0],"gold":35,"neow_bonus":"TRANSFORM_TWO_CARDS","is_prod":false,"is_daily":false,"chose_seed":false,"campfire_upgraded":0,"win_rate":0,"timestamp":1563880961,"path_taken":["M","M","M","M","$","E","R","M","T","?","$","?","R","?","R","BOSS"],"build_version":"2019-07-17","purchased_purges":0,"victory":false,"max_hp_per_floor":[75,75,75,75,75,75,75,75,75,75,75,75,75,75,75,75],"card_choices":[{"not_picked":["True Grit","Power Through"],"picked":"Pummel","floor":1},{"not_picked":["Wild Strike","Whirlwind","Cleave"],"picked":"SKIP","floor":2},{"not_picked":["Power Through","Perfected Strike"],"picked":"Warcry","floor":3},{"not_picked":["Flex","Searing Blow"],"picked":"Intimidate","floor":4},{"not_picked":["Cleave","Heavy Blade"],"picked":"Intimidate","floor":6},{"not_picked":["Flex","Anger"],"picked":"Warcry","floor":8},{"not_picked":["Anger+1","Clash+1"],"picked":"Clothesline+1","floor":14}],"player_experience":587603,"relics_obtained":[{"floor":6,"key":"Ancient Tea Set"},{"floor":9,"key":"Molten Egg 2"}],"event_choices":[{"damage_healed":0,"gold_gain":0,"player_choice":"Entered Light","damage_taken":23,"max_hp_gain":0,"max_hp_loss":0,"event_name":"Shining Light","floor":10,"gold_loss":0,"cards_upgraded":["Warcry","Pummel"]},{"cards_removed":["Strike_R"],"damage_healed":0,"gold_gain":0,"player_choice":"Purged","damage_taken":0,"max_hp_gain":0,"max_hp_loss":0,"event_name":"Purifier","floor":12,"gold_loss":0}],"is_beta":false,"boss_relics":[],"items_purged_floors":[],"is_endless":false,"potions_floor_spawned":[3,6,14],"killed_by":"Hexaghost","ascension_level":18}