{"gold_per_floor":[117,117,130,130,140,140,174,48,71,71,97,42,53,53,53,128,128,147,157,82,95,95,95,75,75,99,114,147,147],"floor_reached":29,"playtime":1015,"items_purged":["Strike_R"],"score":552,"play_id":"a68390d6-bb4b-4f47-bb2b-5b9b6605289c","local_time":"20181024174959","is_ascension_mode":true,"campfire_choices":[{"data":"Bash","floor":6,"key":"SMITH"},{"data":"Infernal Blade","floor":10,"key":"SMITH"},{"data":"Shockwave","floor":15,"key":"SMITH"},{"data":"Exhume","floor":23,"key":"SMITH"},{"data":"Inflame","floor":25,"key":"SMITH"}],"neow_cost":"NONE","seed_source_timestamp":509743567460413,"circlet_count":0,"master_deck":["Strike_R","Strike_R","Strike_R","Defend_R","Defend_R","Defend_R","Defend_R+1","Bash+1","AscendersBane","Shrug It Off","Infernal Blade+1","Inflame+1","Offering","Flame Barrier+1","Flash of Steel","Headbutt","Shockwave+1","Exhume+1","Infernal Blade+1","Writhe","Warcry","Pommel Strike"],"relics":["Burning Blood","NeowsBlessing","Happy Flower","Du-Vu Doll","War Paint","Darkstone Periapt","Sundial","Paper Frog","Coffee Dripper","Mummified Hand","Bronze Scales","Singing Bowl"],"potions_floor_usage":[7,16,21,27,28],"damage_taken":[{"damage":0,"enemies":"Small Slimes","floor":1,"turns":1},{"damage":0,"enemies":"2 Louse","floor":3,"turns":1},{"damage":0,"enemies":"Cultist","floor":5,"turns":1},{"damage":35,"enemies":"3 Sentries","floor":7,"turns":7},{"damage":18,"enemies":"Lagavulin","floor":11,"turns":5},{"damage":0,"enemies":"Blue Slaver","floor":13,"turns":2},{"damage":7,"enemies":"Hexaghost","floor":16,"turns":7},{"damage":20,"enemies":"Shell Parasite","floor":18,"turns":4},{"damage":24,"enemies":"3 Byrds","floor":19,"turns":3},{"damage":21,"enemies":"Snake Plant","floor":21,"turns":4},{"damage":2,"enemies":"Chosen and Byrds","floor":27,"turns":3},{"damage":0,"enemies":"Gremlin Leader","floor":28,"turns":4},{"damage":48,"enemies":"Cultist and Chosen","floor":29,"turns":5}],"seed_played":"-505099702256887997","potions_obtained":[{"floor":5,"key":"PowerPotion"},{"floor":13,"key":"SkillPotion"},{"floor":19,"key":"BloodPotion"},{"floor":21,"key":"Strength Potion"},{"floor":24,"key":"PowerPotion"}],"is_trial":false,"path_per_floor":["M","?","M","?","M","R","E","$","T","R","E","?","M","?","R","B",null,"M","M","$","M","?","R","?","R","T","M","E"],"character_chosen":"IRONCLAD","items_purchased":["Flame Barrier","Flash of Steel"],"campfire_rested":0,"item_purchase_floors":[8,8],"current_hp_per_floor":[74,48,54,54,60,60,31,31,31,31,19,19,25,25,25,24,62,48,30,30,22,28,28,28,28,28,32,38,0],"gold":147,"neow_bonus":"THREE_ENEMY_KILL","is_prod":false,"is_daily":false,"chose_seed":false,"campfire_upgraded":5,"win_rate":0,"timestamp":1540417799,"path_taken":["M","?","?","?","M","R","E","$","T","R","E","?","?","?","R","BOSS","M","M","$","M","?","R","?","R","T","?","E","?"],"build_version":"2018-10-18","purchased_purges":1,"victory":false,"max_hp_per_floor":[75,75,75,75,75,75,75,75,75,75,75,75,75,75,75,75,75,75,75,75,75,81,81,81,81,81,81,81,81],"card_choices":[{"not_picked":["Body Slam","Corruption"],"picked":"Shrug It Off","floor":1},{"not_picked":["Body Slam","Thunderclap"],"picked":"Infernal Blade","floor":3},{"not_picked":["Flex","Second Wind"],"picked":"Inflame","floor":5},{"not_picked":["Seeing Red","Carnage"],"picked":"Offering","floor":7},{"not_picked":["Flex","Armaments"],"picked":"Headbutt","floor":11},{"not_picked":["Clash","Anger"],"picked":"Shockwave","floor":13},{"not_picked":["Barricade","Juggernaut"],"picked":"Exhume","floor":16},{"not_picked":["Heavy Blade","Body Slam","Clash"],"picked":"SKIP","floor":18},{"not_picked":["Sentinel","Reckless Charge"],"picked":"Infernal Blade+1","floor":19},{"not_picked":["Cleave","Body Slam","Infernal Blade"],"picked":"SKIP","floor":21},{"not_picked":["Searing Blow","Cleave"],"picked":"Warcry","floor":27},{"not_picked":["Perfected Strike","Flame Barrier"],"picked":"Pommel Strike","floor":28}],"player_experience":970361,"relics_obtained":[{"floor":7,"key":"Du-Vu Doll"},{"floor":9,"key":"War Paint"},{"floor":11,"key":"Darkstone Periapt"},{"floor":26,"key":"Bronze Scales"},{"floor":28,"key":"Singing Bowl"}],"event_choices":[{"damage_healed":0,"gold_gain":0,"player_choice":"Success","damage_taken":26,"relics_obtained":["Happy Flower"],"max_hp_gain":0,"max_hp_loss":0,"event_name":"Scrap Ooze","floor":2,"gold_loss":0},{"cards_removed":["Strike_R"],"damage_healed":0,"gold_gain":0,"player_choice":"Purged","damage_taken":0,"max_hp_gain":0,"max_hp_loss":0,"event_name":"Purifier","floor":4,"gold_loss":0},{"damage_healed":0,"gold_gain":0,"player_choice":"Paid Gold","damage_taken":0,"relics_obtained":["Sundial"],"max_hp_gain":0,"max_hp_loss":0,"event_name":"WeMeetAgain","floor":12,"gold_loss":55},{"damage_healed":0,"gold_gain":30,"player_choice":"Searched \u00272\u0027 times","damage_taken":0,"relics_obtained":["Paper Frog"],"max_hp_gain":0,"max_hp_loss":0,"event_name":"Dead Adventurer","floor":14,"gold_loss":0},{"damage_healed":0,"gold_gain":0,"player_choice":"Opened","damage_taken":0,"relics_obtained":["Mummified Hand"],"max_hp_gain":0,"max_hp_loss":0,"event_name":"The Mausoleum","floor":22,"gold_loss":0,"cards_obtained":["Writhe"]},{"damage_healed":0,"gold_gain":0,"player_choice":"Bought 1 Potion","damage_taken":0,"max_hp_gain":0,"max_hp_loss":0,"event_name":"The Woman in Blue","floor":24,"gold_loss":0}],"is_beta":false,"boss_relics":[{"not_picked":["Runic Dome","Velvet Choker"],"picked":"Coffee Dripper"}],"items_purged_floors":[20],"is_endless":false,"potions_floor_spawned":[5,13,19,21],"killed_by":"Cultist and Chosen","ascension_level":20}