{"gold_per_floor":[112,112,112,112,387,387,421,437,437,437,450,450,489,503,503,601,601,620,620,620,640,664,664,697,299,299,342,0,40,40,61,61,61],"floor_reached":33,"playtime":1578,"items_purged":["Regret"],"score":544,"play_id":"66d93841-dc06-4bbd-9625-9bab34a7b5be","local_time":"20181211193155","is_ascension_mode":true,"campfire_choices":[{"data":"Neutralize","floor":6.0,"key":"SMITH"},{"floor":10,"key":"REST"},{"data":"Noxious Fumes","floor":12,"key":"SMITH"},{"data":"Deadly Poison","floor":15,"key":"SMITH"},{"floor":23,"key":"REST"},{"floor":32,"key":"REST"}],"neow_cost":"NONE","seed_source_timestamp":10515823923082,"circlet_count":0,"master_deck":["AscendersBane","Defend_G","Defend_G","Defend_G","Defend_G","Defend_G","Strike_G","Survivor","Neutralize+1","All Out Attack","Noxious Fumes+1","Deadly Poison+1","Leg Sweep","Backflip","Deflect","Unload","Doppelganger+1","Dodge and Roll+1","Die Die Die+1","Well Laid Plans","Ghostly","Ghostly","Ghostly","Distraction+1","PiercingWail+1","Dagger Throw+1","Footwork+1","Leg Sweep","Concentrate","Writhe","Acrobatics"],"special_seed":0,"relics":["Ring of the Snake","Golden Idol","Regal Pillow","Mummified Hand","Blood Vial","Astrolabe","Bag of Marbles","Frozen Egg 2","Ancient Tea Set","Bottled Lightning","FossilizedHelix","Juzu Bracelet","Incense Burner"],"potions_floor_usage":[11,13,27,29],"damage_taken":[{"damage":2.0,"enemies":"Cultist","floor":1.0,"turns":5.0},{"damage":40,"enemies":"Gremlin Nob","floor":7,"turns":6},{"damage":1,"enemies":"2 Louse","floor":8,"turns":2},{"damage":3,"enemies":"Jaw Worm","floor":11,"turns":5},{"damage":11,"enemies":"Lagavulin","floor":13,"turns":7},{"damage":3,"enemies":"Red Slaver","floor":14,"turns":4},{"damage":21,"enemies":"The Guardian","floor":16,"turns":12},{"damage":16,"enemies":"3 Byrds","floor":18,"turns":6},{"damage":12,"enemies":"Spheric Guardian","floor":21,"turns":6},{"damage":7,"enemies":"Cultist and Chosen","floor":22,"turns":8},{"damage":9,"enemies":"Gremlin Leader","floor":24,"turns":7},{"damage":7,"enemies":"Slavers","floor":27,"turns":6},{"damage":20,"enemies":"Book of Stabbing","floor":29,"turns":11},{"damage":0,"enemies":"Snake Plant","floor":31,"turns":5},{"damage":41,"enemies":"Champ","floor":33,"turns":16}],"seed_played":"4350901851429322872","potions_obtained":[{"floor":7,"key":"Fire Potion"},{"floor":8,"key":"Block Potion"},{"floor":11,"key":"Fruit Juice"},{"floor":21,"key":"Fire Potion"},{"floor":22,"key":"Explosive Potion"}],"is_trial":false,"path_per_floor":["M","?","?","?","?","R","E","M","T","R","M","R","E","M","R","B",null,"M","?","?","M","M","R","E","$","T","E","$","E","?","M","R","B"],"character_chosen":"THE_SILENT","items_purchased":["Frozen Egg 2","Footwork+1","FossilizedHelix","Leg Sweep"],"campfire_rested":3,"item_purchase_floors":[25,25,28,28],"current_hp_per_floor":[63,63,38,43,43,43,3,2,2,40,42,42,31,30,30,11,64,50,41,41,29,24,41,32,32,32,27,27,9,9,11,38,0],"gold":61,"neow_bonus":"TEN_PERCENT_HP_BONUS","is_prod":false,"is_daily":false,"chose_seed":false,"campfire_upgraded":3,"win_rate":0,"timestamp":1544574715,"path_taken":["M","?","?","?","?","R","E","?","T","R","M","R","E","M","R","BOSS","M","?","?","?","M","R","E","$","T","E","?","E","?","M","R","BOSS"],"build_version":"2018-12-06","purchased_purges":1,"victory":false,"max_hp_per_floor":[72,72,72,77,77,77,77,77,77,77,82,82,82,82,82,82,82,82,41,41,41,41,41,41,41,41,41,41,41,41,41,41,41],"card_choices":[{"not_picked":["Dagger Throw","Bane"],"picked":"All Out Attack","floor":1.0},{"not_picked":["Backstab","Deadly Poison"],"picked":"Noxious Fumes","floor":7},{"not_picked":["Flying Knee","Sucker Punch"],"picked":"Deadly Poison","floor":8},{"not_picked":["Reflex","Unload"],"picked":"Leg Sweep","floor":11},{"not_picked":["Tactician","Outmaneuver"],"picked":"Backflip","floor":13},{"not_picked":["Flechettes","Backflip"],"picked":"Deflect","floor":14},{"not_picked":["Bullet Time","Grand Finale"],"picked":"Unload","floor":16},{"not_picked":["Deflect","Acrobatics"],"picked":"Well Laid Plans","floor":18},{"not_picked":["Predator","Endless Agony"],"picked":"Distraction+1","floor":21},{"not_picked":["Dagger Throw","Tactician+1"],"picked":"PiercingWail+1","floor":22},{"not_picked":["Prepared","Blur"],"picked":"Dagger Throw+1","floor":24},{"not_picked":["Dagger Throw","Sucker Punch+1","Venomology"],"picked":"SKIP","floor":27},{"not_picked":["Deadly Poison","Finisher"],"picked":"Concentrate","floor":29},{"not_picked":["Quick Slash","Dodge and Roll"],"picked":"Acrobatics","floor":31}],"player_experience":1261894,"relics_obtained":[{"floor":7,"key":"Regal Pillow"},{"floor":9,"key":"Mummified Hand"},{"floor":13,"key":"Blood Vial"},{"floor":24,"key":"Bag of Marbles"},{"floor":26,"key":"Ancient Tea Set"},{"floor":27,"key":"Bottled Lightning"},{"floor":29,"key":"Juzu Bracelet"}],"event_choices":[{"cards_removed":["Strike_G"],"damage_healed":0.0,"max_hp_gain":0.0,"max_hp_loss":0.0,"gold_gain":0.0,"event_name":"Living Wall","player_choice":"Forget","floor":2.0,"gold_loss":0.0,"damage_taken":0.0},{"damage_healed":0.0,"max_hp_gain":0.0,"max_hp_loss":0.0,"gold_gain":0.0,"event_name":"Golden Idol","player_choice":"Take Damage","floor":3.0,"gold_loss":0.0,"damage_taken":25.0,"relics_obtained":["Golden Idol"]},{"damage_healed":0.0,"max_hp_gain":5.0,"max_hp_loss":0.0,"gold_gain":0.0,"event_name":"Big Fish","player_choice":"Donut","floor":4.0,"gold_loss":0.0,"damage_taken":0.0},{"damage_healed":0.0,"max_hp_gain":0.0,"max_hp_loss":0.0,"gold_gain":275.0,"event_name":"Golden Shrine","player_choice":"Desecrate","floor":5.0,"gold_loss":0.0,"damage_taken":0.0,"cards_obtained":["Regret"]},{"damage_healed":0,"gold_gain":0,"player_choice":"Became a Ghost","damage_taken":0,"max_hp_gain":0,"max_hp_loss":41,"event_name":"Ghosts","floor":19,"gold_loss":0,"cards_obtained":["Ghostly","Ghostly","Ghostly"]},{"damage_healed":0,"gold_gain":0,"player_choice":"Full Heal","damage_taken":0,"max_hp_gain":0,"max_hp_loss":0,"event_name":"Wheel of Change","floor":20,"gold_loss":0},{"damage_healed":0,"gold_gain":0,"player_choice":"Opened","damage_taken":0,"relics_obtained":["Incense Burner"],"max_hp_gain":0,"max_hp_loss":0,"event_name":"The Mausoleum","floor":30,"gold_loss":0,"cards_obtained":["Writhe"]}],"is_beta":false,"boss_relics":[{"not_picked":["WristBlade","Coffee Dripper"],"picked":"Astrolabe"}],"items_purged_floors":[25],"is_endless":false,"potions_floor_spawned":[7,8,11,21,22],"killed_by":"Champ","ascension_level":15}