{"gold_per_floor":[114,134,146,146,146,146,165,190,190,190,207,224,251,265,265,343,343,361,276,25,25,35,60,60,73,149,149],"floor_reached":27,"playtime":1499,"items_purged":[],"score":565,"play_id":"83e59ac3-de17-48ad-a5bf-541cada5f690","local_time":"20190517161035","is_ascension_mode":true,"campfire_choices":[{"data":"Rampage","floor":6,"key":"SMITH"},{"data":"Flame Barrier","floor":10,"key":"SMITH"},{"data":"True Grit","floor":15,"key":"SMITH"},{"data":"Armaments","floor":24,"key":"SMITH"}],"neow_cost":"NONE","seed_source_timestamp":103068661678962,"circlet_count":0,"master_deck":["AscendersBane","Rampage+1","Uppercut+1","Power Through","Flame Barrier+1","True Grit+1","Armaments+1","Warcry","Feed","Havoc","Impervious","Clothesline","Sever Soul","Feed","Fiend Fire","Warcry","Feel No Pain","Shrug It Off","Disarm","Carnage","Clash","Havoc+1","Evolve","Offering"],"relics":["Burning Blood","PreservedInsect","Paper Frog","Singing Bowl","Pen Nib","Pandora\u0027s Box","Potion Belt","Bag of Preparation","Happy Flower","Question Card"],"potions_floor_usage":[16,23,27,27,27],"damage_taken":[{"damage":3,"enemies":"Small Slimes","floor":1,"turns":5},{"damage":0,"enemies":"Cultist","floor":2,"turns":2},{"damage":14,"enemies":"Jaw Worm","floor":3,"turns":4},{"damage":17,"enemies":"Blue Slaver","floor":7,"turns":3},{"damage":8,"enemies":"Gremlin Nob","floor":8,"turns":3},{"damage":0,"enemies":"3 Louse","floor":11,"turns":5},{"damage":7,"enemies":"Large Slime","floor":12,"turns":7},{"damage":0,"enemies":"Lagavulin","floor":13,"turns":6},{"damage":0,"enemies":"Looter","floor":14,"turns":3},{"damage":53,"enemies":"Hexaghost","floor":16,"turns":16},{"damage":10,"enemies":"Shell Parasite","floor":18,"turns":5},{"damage":20,"enemies":"Spheric Guardian","floor":22,"turns":8},{"damage":13,"enemies":"Slavers","floor":23,"turns":10},{"damage":11,"enemies":"Snecko","floor":25,"turns":5},{"damage":61,"enemies":"Gremlin Leader","floor":27,"turns":7}],"seed_played":"-2927515412317010675","potions_obtained":[{"floor":3,"key":"Strength Potion"},{"floor":7,"key":"Explosive Potion"},{"floor":11,"key":"PowerPotion"},{"floor":16,"key":"SkillPotion"},{"floor":23,"key":"Weak Potion"},{"floor":25,"key":"SteroidPotion"}],"is_trial":false,"path_per_floor":["M","M","M","?","?","R","M","E","T","R","M","M","E","M","R","B",null,"M","?","$","?","M","E","R","M","T","E"],"character_chosen":"IRONCLAD","items_purchased":["Disarm","Bag of Preparation"],"campfire_rested":0,"item_purchase_floors":[20,20],"current_hp_per_floor":[78,82,74,74,74,74,63,61,61,61,67,66,74,80,80,33,71,71,71,71,71,61,61,61,60,60,0],"gold":149,"neow_bonus":"TEN_PERCENT_HP_BONUS","is_prod":false,"is_daily":false,"chose_seed":false,"campfire_upgraded":4,"win_rate":0,"timestamp":1558123835,"path_taken":["M","M","M","?","?","R","M","E","T","R","M","M","E","M","R","BOSS","M","?","$","?","M","E","R","M","T","E"],"build_version":"2019-01-23","purchased_purges":0,"victory":false,"max_hp_per_floor":[82,82,82,82,82,82,82,82,82,82,82,82,84,84,84,84,84,88,88,88,88,92,99,99,103,103,103],"card_choices":[{"not_picked":["Havoc","Rage"],"picked":"Infernal Blade","floor":1},{"not_picked":["Iron Wave","Dropkick"],"picked":"Rampage","floor":2},{"not_picked":["Heavy Blade","Headbutt"],"picked":"Uppercut","floor":3},{"not_picked":["Rupture","Seeing Red"],"picked":"Power Through","floor":7},{"not_picked":["Warcry","Havoc"],"picked":"Flame Barrier","floor":8},{"not_picked":["Flex","Double Tap"],"picked":"True Grit","floor":11},{"not_picked":["Warcry","Clash"],"picked":"Armaments","floor":12},{"not_picked":["Heavy Blade","Hemokinesis","Rage"],"picked":"Singing Bowl","floor":13},{"not_picked":["Flex","Cleave"],"picked":"Warcry","floor":14},{"not_picked":["Immolate","Dark Embrace"],"picked":"Feed","floor":16},{"not_picked":["Evolve","Sword Boomerang"],"picked":"Shrug It Off","floor":18},{"not_picked":["Clash","Wild Strike"],"picked":"Havoc+1","floor":22},{"not_picked":["Shockwave","Body Slam"],"picked":"Evolve","floor":23},{"not_picked":["Ghostly Armor","Heavy Blade"],"picked":"Offering","floor":25}],"player_experience":1408884,"relics_obtained":[{"floor":8,"key":"Paper Frog"},{"floor":9,"key":"Singing Bowl"},{"floor":13,"key":"Pen Nib"},{"floor":23,"key":"Happy Flower"},{"floor":26,"key":"Question Card"}],"event_choices":[{"damage_healed":0,"gold_gain":0,"player_choice":"Grow","damage_taken":0,"max_hp_gain":0,"max_hp_loss":0,"event_name":"Living Wall","floor":4,"gold_loss":0,"cards_upgraded":["Uppercut"]},{"cards_removed":["Infernal Blade"],"damage_healed":0,"gold_gain":0,"player_choice":"Gave Card","damage_taken":0,"relics_obtained":["PreservedInsect"],"max_hp_gain":0,"max_hp_loss":0,"event_name":"WeMeetAgain","floor":5,"gold_loss":0},{"damage_healed":0,"gold_gain":0,"player_choice":"Obtained Relic","damage_taken":0,"relics_obtained":["Potion Belt"],"max_hp_gain":0,"max_hp_loss":0,"event_name":"Addict","floor":19,"gold_loss":85},{"damage_healed":0,"gold_gain":0,"cards_transformed":["Bash","Entrench"],"player_choice":"Became Test Subject","damage_taken":0,"max_hp_gain":0,"max_hp_loss":0,"event_name":"Drug Dealer","floor":21,"gold_loss":0,"cards_obtained":["Carnage","Clash"]}],"is_beta":false,"boss_relics":[{"not_picked":["Philosopher\u0027s Stone","White Beast Statue"],"picked":"Pandora\u0027s Box"}],"items_purged_floors":[],"is_endless":false,"potions_floor_spawned":[3,7,11,13,16,23,25],"killed_by":"Gremlin Leader","ascension_level":20}