{"gold_per_floor":[115,125,50,50,67,67,101,101,151,164,16,16,51,1,1,75,75,94,10,23,40,40,52],"floor_reached":23,"playtime":911,"items_purged":["Strike_R","Strike_R"],"score":423,"play_id":"c080f76b-94a7-4664-bd81-f7863d0d902b","local_time":"20181207105634","is_ascension_mode":true,"campfire_choices":[{"data":"Bash","floor":6,"key":"SMITH"},{"data":"Rampage","floor":8,"key":"SMITH"},{"data":"Corruption","floor":15,"key":"SMITH"}],"neow_cost":"PERCENT_DAMAGE","seed_source_timestamp":87780336316967,"circlet_count":0,"master_deck":["AscendersBane","Strike_R","Defend_R","Defend_R","Defend_R","Defend_R","Bash+1","Pommel Strike","Pommel Strike","Shrug It Off","Rampage+1","Metallicize","Corruption+1","Rage","Fiend Fire","Flame Barrier","Shockwave","Whirlwind","Shame"],"relics":["Burning Blood","Orichalcum","Smiling Mask","Strawberry","Cursed Key","MawBank"],"potions_floor_usage":[7,16,16,21,21,23,23],"damage_taken":[{"damage":1,"enemies":"2 Louse","floor":1,"turns":4},{"damage":4,"enemies":"Small Slimes","floor":2,"turns":4},{"damage":1,"enemies":"Cultist","floor":5,"turns":3},{"damage":28,"enemies":"Gremlin Nob","floor":7,"turns":4},{"damage":16,"enemies":"3 Louse","floor":10,"turns":6},{"damage":5,"enemies":"3 Sentries","floor":13,"turns":12},{"damage":67,"enemies":"Hexaghost","floor":16,"turns":12},{"damage":7,"enemies":"Spheric Guardian","floor":18,"turns":5},{"damage":0,"enemies":"3 Byrds","floor":20,"turns":4},{"damage":45,"enemies":"3 Cultists","floor":21,"turns":5},{"damage":51,"enemies":"Book of Stabbing","floor":23,"turns":5}],"seed_played":"6033027219959043551","potions_obtained":[{"floor":2,"key":"SteroidPotion"},{"floor":7,"key":"Weak Potion"},{"floor":16,"key":"EntropicBrew"},{"floor":21,"key":"Block Potion"}],"is_trial":false,"path_per_floor":["M","M","?","?","M","R","E","R","T","M","$","?","E","$","R","B",null,"M","$","M","M","?","E"],"character_chosen":"IRONCLAD","items_purchased":["Corruption","AttackPotion","Shockwave"],"campfire_rested":0,"item_purchase_floors":[11,11,19],"current_hp_per_floor":[69,71,71,64,69,69,47,47,47,37,37,89,96,96,96,35,81,80,80,86,47,47,0],"gold":52,"neow_bonus":"TWENTY_PERCENT_HP_BONUS","is_prod":false,"is_daily":false,"chose_seed":false,"campfire_upgraded":3,"win_rate":0,"timestamp":1544198194,"path_taken":["M","M","?","?","M","R","E","R","T","M","$","?","E","$","R","BOSS","M","$","?","M","?","E"],"build_version":"2018-12-06","purchased_purges":2,"victory":false,"max_hp_per_floor":[89,89,89,89,89,89,89,89,89,89,89,89,96,96,96,96,96,96,96,96,96,96,96],"card_choices":[{"not_picked":["Wild Strike","Thunderclap"],"picked":"Pommel Strike","floor":1},{"not_picked":["Perfected Strike","Havoc"],"picked":"Pommel Strike","floor":2},{"not_picked":["Thunderclap","Havoc"],"picked":"Shrug It Off","floor":5},{"not_picked":["Brutality","Wild Strike"],"picked":"Rampage","floor":7},{"not_picked":["Ghostly Armor","Dropkick"],"picked":"Metallicize","floor":10},{"not_picked":["Rampage","Heavy Blade"],"picked":"Rage","floor":13},{"not_picked":["Brutality","Berserk"],"picked":"Fiend Fire","floor":16},{"not_picked":["Flex","Perfected Strike"],"picked":"Flame Barrier","floor":18},{"not_picked":["Ghostly Armor","Havoc"],"picked":"Whirlwind","floor":20},{"not_picked":["Heavy Blade","Clash","Twin Strike+1"],"picked":"SKIP","floor":21}],"player_experience":1232610,"relics_obtained":[{"floor":7,"key":"Orichalcum"},{"floor":9,"key":"Smiling Mask"},{"floor":13,"key":"Strawberry"}],"event_choices":[{"cards_removed":["Strike_R"],"damage_healed":0,"gold_gain":0,"player_choice":"Card Removal","damage_taken":0,"max_hp_gain":0,"max_hp_loss":0,"event_name":"The Cleric","floor":3,"gold_loss":75},{"cards_removed":["Strike_R"],"damage_healed":0,"gold_gain":0,"player_choice":"Card Removal","damage_taken":7,"max_hp_gain":0,"max_hp_loss":0,"event_name":"Golden Wing","floor":4,"gold_loss":0},{"damage_healed":52,"gold_gain":0,"player_choice":"Full Heal","damage_taken":0,"max_hp_gain":0,"max_hp_loss":0,"event_name":"Wheel of Change","floor":12,"gold_loss":0},{"damage_healed":0,"gold_gain":0,"player_choice":"Stole Relic","damage_taken":0,"relics_obtained":["MawBank"],"max_hp_gain":0,"max_hp_loss":0,"event_name":"Addict","floor":22,"gold_loss":0,"cards_obtained":["Shame"]}],"is_beta":false,"boss_relics":[{"not_picked":["Black Star","White Beast Statue"],"picked":"Cursed Key"}],"items_purged_floors":[11,14],"is_endless":false,"potions_floor_spawned":[2,7,16,21],"killed_by":"Book of Stabbing","ascension_level":20}