{"gold_per_floor":[114,39,39,39,53,53,82,96,122,135,151,20,20,30,30,107,107,120,20,39,39,39,39],"floor_reached":23,"playtime":801,"items_purged":["Strike_R","Strike_R"],"score":407,"play_id":"27f4f97b-ba92-48e4-abd7-e40289a9e2a4","local_time":"20181127174501","is_ascension_mode":true,"campfire_choices":[{"data":"Fiend Fire","floor":6,"key":"SMITH"},{"data":"Shockwave","floor":13,"key":"SMITH"},{"data":"Disarm","floor":15,"key":"SMITH"}],"neow_cost":"TEN_PERCENT_HP_LOSS","seed_source_timestamp":189611644727563,"circlet_count":0,"master_deck":["AscendersBane","Defend_R","Defend_R","Defend_R","Defend_R","Bash","Fiend Fire+1","Shockwave+1","Anger","Disarm+1","Dropkick","Brutality","Pommel Strike","Shrug It Off","Immolate","True Grit+1","Flame Barrier","Bite","Bite","Bite","Bite","Bite"],"relics":["Burning Blood","Juzu Bracelet","Strawberry","Philosopher\u0027s Stone","Enchiridion"],"potions_floor_usage":[23,23],"damage_taken":[{"damage":7,"enemies":"Small Slimes","floor":1,"turns":4},{"damage":4,"enemies":"Jaw Worm","floor":5,"turns":3},{"damage":34,"enemies":"Lagavulin","floor":7,"turns":7},{"damage":4,"enemies":"2 Louse","floor":8,"turns":4},{"damage":6,"enemies":"Looter","floor":10,"turns":2},{"damage":0,"enemies":"Large Slime","floor":11,"turns":2},{"damage":8,"enemies":"Blue Slaver","floor":14,"turns":2},{"damage":36,"enemies":"The Guardian","floor":16,"turns":13},{"damage":15,"enemies":"Shell Parasite","floor":18,"turns":5},{"damage":3,"enemies":"Chosen","floor":20,"turns":4},{"damage":55,"enemies":"Centurion and Healer","floor":23,"turns":8}],"seed_played":"-4735289934685439064","potions_obtained":[{"floor":8,"key":"Strength Potion"},{"floor":10,"key":"Block Potion"},{"floor":20,"key":"EntropicBrew"}],"is_trial":false,"path_per_floor":["M","?","?","$","M","R","E","M","T","M","M","$","R","M","R","B",null,"M","$","M","?","?","M"],"character_chosen":"IRONCLAD","items_purchased":["Shrug It Off"],"campfire_rested":0,"item_purchase_floors":[12],"current_hp_per_floor":[67,67,72,72,73,73,45,47,54,54,60,60,60,58,58,28,67,58,58,61,40,40,0],"gold":39,"neow_bonus":"THREE_RARE_CARDS","is_prod":false,"is_daily":false,"chose_seed":false,"campfire_upgraded":3,"win_rate":0,"timestamp":1543358701,"path_taken":["M","?","?","?","?","R","E","M","T","M","M","$","R","M","R","BOSS","M","$","M","?","?","M"],"build_version":"2018-11-15","purchased_purges":2,"victory":false,"max_hp_per_floor":[68,68,73,73,73,73,73,73,80,80,80,80,80,80,80,80,80,80,80,80,80,56,56],"card_choices":[{"not_picked":["Impervious","Bludgeon"],"picked":"Fiend Fire","floor":0},{"not_picked":["Twin Strike","Feel No Pain"],"picked":"Shockwave","floor":1},{"not_picked":["Flex","Clothesline"],"picked":"Anger","floor":5},{"not_picked":["Second Wind","Searing Blow"],"picked":"Disarm","floor":7},{"not_picked":["Shrug It Off","Clash"],"picked":"Dropkick","floor":8},{"not_picked":["Sword Boomerang","Body Slam"],"picked":"Brutality","floor":10},{"not_picked":["Sword Boomerang","Carnage"],"picked":"Pommel Strike","floor":11},{"not_picked":["Flex","Heavy Blade","Clash"],"picked":"SKIP","floor":14},{"not_picked":["Brutality","Bludgeon"],"picked":"Immolate","floor":16},{"not_picked":["Perfected Strike","Pummel"],"picked":"True Grit+1","floor":18},{"not_picked":["Iron Wave","Body Slam"],"picked":"Flame Barrier","floor":20}],"player_experience":1172456,"relics_obtained":[{"floor":7,"key":"Juzu Bracelet"},{"floor":9,"key":"Strawberry"},{"floor":21,"key":"Enchiridion"}],"event_choices":[{"cards_removed":["Strike_R"],"damage_healed":0,"gold_gain":0,"player_choice":"Card Removal","damage_taken":0,"max_hp_gain":0,"max_hp_loss":0,"event_name":"The Cleric","floor":2,"gold_loss":75},{"damage_healed":0,"gold_gain":0,"player_choice":"Donut","damage_taken":0,"max_hp_gain":5,"max_hp_loss":0,"event_name":"Big Fish","floor":3,"gold_loss":0},{"damage_healed":0,"gold_gain":0,"player_choice":"Obtained Book","damage_taken":21,"max_hp_gain":0,"max_hp_loss":0,"event_name":"Cursed Tome","floor":21,"gold_loss":0},{"damage_healed":0,"gold_gain":0,"player_choice":"Became a vampire","damage_taken":0,"max_hp_gain":0,"max_hp_loss":24,"event_name":"Vampires","floor":22,"gold_loss":0,"cards_obtained":["Bite","Bite","Bite","Bite","Bite"]}],"is_beta":false,"boss_relics":[{"not_picked":["Tiny House","Eternal Feather"],"picked":"Philosopher\u0027s Stone"}],"items_purged_floors":[12,19],"is_endless":false,"potions_floor_spawned":[8,10,18,20],"killed_by":"Centurion and Healer","ascension_level":20}