{"gold_per_floor":[109,109,120,139,153,180,180,205,205,262,43,58,58,75,75,171,171,182,212,55,66,165,194,208,7,34,34,48,64,98,109,109,204,254,268,268,282,293,54,83,101,101,101,150,161,161,174,190,190,190],"floor_reached":50,"playtime":5000,"items_purged":["Strike_R"],"score":578,"play_id":"baa881b0-918f-46d2-beb0-174228c71716","local_time":"20190613144849","is_ascension_mode":false,"campfire_choices":[{"data":"Reaper","floor":7,"key":"SMITH"},{"data":"Bash","floor":13,"key":"SMITH"},{"floor":15,"key":"REST"},{"floor":27,"key":"REST"},{"data":"Metallicize","floor":32,"key":"SMITH"},{"floor":42,"key":"REST"},{"floor":46,"key":"REST"},{"floor":49,"key":"REST"}],"neow_cost":"NONE","seed_source_timestamp":47312372612408,"circlet_count":0,"master_deck":["Strike_R","Strike_R","Strike_R","Defend_R","Defend_R","Defend_R+1","Defend_R","Bash+1","Carnage","Cleave","Clothesline","Inflame+1","Sword Boomerang","Reaper+1","Juggernaut","Metallicize+1","Juggernaut","Power Through","Fire Breathing","Fiend Fire","Intimidate+1","Seeing Red+1","Disarm+1","Spot Weakness+1","Warcry+1","Reaper","Iron Wave","Armaments+1","Armaments+1","Impervious+1","Rupture+1","Shrug It Off+1","Madness+1","Madness+1","Flame Barrier+1","True Grit+1","Secret Weapon+1","Feel No Pain","Barricade","Body Slam+1","Pommel Strike+1","Anger","Demon Form","Shrug It Off+1","Body Slam+1","Inflame"],"relics":["Black Star","Nunchaku","Centennial Puzzle","FossilizedHelix","Gremlin Horn","Dodecahedron","Shuriken","Anchor","Mark of Pain","Red Mask","Oddly Smooth Stone","Toxic Egg 2","Blood Vial","HandDrill","PreservedInsect","Red Skull","War Paint","Tiny House","Lantern","Boot","Bottled Flame","Prayer Wheel"],"potions_floor_usage":[8,10,10,19,19,19,19,19,19,24,28,28,28,30,35,38,44,48],"damage_taken":[{"damage":15,"enemies":"Jaw Worm","floor":1,"turns":4},{"damage":1,"enemies":"Cultist","floor":3,"turns":3},{"damage":0,"enemies":"Small Slimes","floor":4,"turns":3},{"damage":12,"enemies":"2 Fungi Beasts","floor":5,"turns":3},{"damage":10,"enemies":"Gremlin Nob","floor":6,"turns":4},{"damage":36,"enemies":"3 Sentries","floor":8,"turns":5},{"damage":13,"enemies":"3 Sentries","floor":10,"turns":6},{"damage":0,"enemies":"3 Louse","floor":12,"turns":3},{"damage":0,"enemies":"Looter","floor":14,"turns":4},{"damage":43,"enemies":"The Guardian","floor":16,"turns":10},{"damage":8,"enemies":"2 Thieves","floor":18,"turns":4},{"damage":30,"enemies":"Masked Bandits","floor":19,"turns":4},{"damage":19,"enemies":"3 Byrds","floor":21,"turns":5},{"damage":8,"enemies":"Book of Stabbing","floor":23,"turns":7},{"damage":9,"enemies":"3 Cultists","floor":24,"turns":6},{"damage":0,"enemies":"Centurion and Healer","floor":28,"turns":4},{"damage":34,"enemies":"Sentry and Sphere","floor":29,"turns":6},{"damage":9,"enemies":"Slavers","floor":30,"turns":5},{"damage":8,"enemies":"Shelled Parasite and Fungi","floor":31,"turns":5},{"damage":24,"enemies":"Collector","floor":33,"turns":9},{"damage":7,"enemies":"3 Darklings","floor":35,"turns":6},{"damage":27,"enemies":"3 Shapes","floor":37,"turns":5},{"damage":39,"enemies":"Spire Growth","floor":38,"turns":7},{"damage":44,"enemies":"Giant Head","floor":40,"turns":10},{"damage":25,"enemies":"Transient","floor":41,"turns":5},{"damage":60,"enemies":"2 Orb Walkers","floor":44,"turns":6},{"damage":8,"enemies":"4 Shapes","floor":45,"turns":5},{"damage":23,"enemies":"Spire Growth","floor":47,"turns":6},{"damage":17,"enemies":"Transient","floor":48,"turns":5},{"damage":87,"enemies":"Awakened One","floor":50,"turns":5}],"seed_played":"9019362218767678508","potions_obtained":[{"floor":4,"key":"SkillPotion"},{"floor":6,"key":"SneckoOil"},{"floor":8,"key":"Block Potion"},{"floor":16,"key":"Dexterity Potion"},{"floor":18,"key":"EntropicBrew"},{"floor":19,"key":"Explosive Potion"},{"floor":23,"key":"SpeedPotion"},{"floor":24,"key":"Explosive Potion"},{"floor":28,"key":"GamblersBrew"},{"floor":31,"key":"Swift Potion"},{"floor":34,"key":"Ancient Potion"},{"floor":35,"key":"Regen Potion"},{"floor":45,"key":"Swift Potion"}],"is_trial":false,"path_per_floor":["M","?","M","M","M","E","R","E","T","?","$","M","R","M","R","B",null,"M","?","$","M","?","E","M","$","T","R","M","M","E","M","R","B",null,"M","?","M","M","$","E","M","R","T","?","M","R","M","M","R","B"],"character_chosen":"IRONCLAD","items_purchased":["Juggernaut","Anchor","Oddly Smooth Stone","HandDrill","Secret Weapon+1"],"campfire_rested":5,"item_purchase_floors":[11,11,20,25,39],"current_hp_per_floor":[65,65,64,64,52,42,42,21,21,22,22,31,31,36,60,27,80,72,47,47,34,34,26,34,34,34,58,78,46,55,77,77,63,85,85,74,49,33,33,27,16,41,41,3,41,66,50,40,65,0],"gold":190,"neow_bonus":"BOSS_RELIC","is_prod":false,"is_daily":false,"chose_seed":false,"campfire_upgraded":3,"win_rate":0.0,"timestamp":1560430129,"path_taken":["M","?","M","M","?","E","R","E","T","?","$","M","R","M","R","BOSS","M","?","$","M","?","E","M","$","T","R","M","M","E","M","R","BOSS","M","?","M","M","$","E","M","R","T","?","M","R","M","M","R","BOSS"],"build_version":"2019-01-23","purchased_purges":1,"victory":false,"max_hp_per_floor":[80,80,80,80,80,80,80,80,80,80,80,80,80,80,80,80,80,80,80,80,80,80,80,80,80,80,80,80,80,80,80,80,80,85,85,85,85,85,85,85,85,85,85,85,85,85,85,85,85,85],"card_choices":[{"not_picked":["Clothesline","Sword Boomerang"],"picked":"Carnage","floor":1},{"not_picked":["Rampage","Entrench"],"picked":"Clothesline","floor":3},{"not_picked":["Infernal Blade","Burning Pact"],"picked":"Inflame","floor":4},{"not_picked":["Headbutt","Reckless Charge"],"picked":"Sword Boomerang","floor":5},{"not_picked":["Thunderclap","Carnage"],"picked":"Reaper","floor":6},{"not_picked":["Reckless Charge","Intimidate"],"picked":"Juggernaut","floor":8},{"not_picked":["Cleave","Carnage"],"picked":"Metallicize","floor":10},{"not_picked":["Flex","Anger"],"picked":"Power Through","floor":12},{"not_picked":["Intimidate","Headbutt"],"picked":"Fire Breathing","floor":14},{"not_picked":["Impervious","Dark Embrace"],"picked":"Fiend Fire","floor":16},{"not_picked":["Headbutt","Disarm"],"picked":"Intimidate+1","floor":18},{"not_picked":["Clothesline","Fire Breathing"],"picked":"Seeing Red","floor":19},{"not_picked":["Clash","Iron Wave"],"picked":"Disarm+1","floor":21},{"not_picked":["Infernal Blade","Body Slam"],"picked":"Spot Weakness+1","floor":23},{"not_picked":["Clash","Sword Boomerang"],"picked":"Warcry+1","floor":24},{"not_picked":["Sword Boomerang","Iron Wave+1"],"picked":"Reaper","floor":28},{"not_picked":["Searing Blow","Anger"],"picked":"Iron Wave","floor":29},{"not_picked":["Shrug It Off+1","Flex+1"],"picked":"Armaments+1","floor":30},{"not_picked":["Twin Strike+1","Shrug It Off+1"],"picked":"Armaments+1","floor":31},{"not_picked":["Bludgeon","Offering+1"],"picked":"Impervious+1","floor":33},{"not_picked":["Rampage","Cleave"],"picked":"Rupture+1","floor":34},{"not_picked":["Spot Weakness+1","Clothesline+1"],"picked":"Shrug It Off+1","floor":35},{"not_picked":["Warcry+1","Entrench+1"],"picked":"Flame Barrier+1","floor":37},{"not_picked":["Uppercut+1","Intimidate+1"],"picked":"True Grit+1","floor":38},{"not_picked":["Rampage","Shrug It Off+1"],"picked":"Feel No Pain","floor":40},{"not_picked":["Infernal Blade+1","Clothesline+1"],"picked":"Barricade","floor":41},{"not_picked":["Clash","Thunderclap+1"],"picked":"Body Slam+1","floor":44},{"not_picked":["Flex+1","Cleave+1"],"picked":"Pommel Strike+1","floor":45},{"not_picked":["Clothesline","Corruption"],"picked":"Anger","floor":45},{"not_picked":["Thunderclap","Twin Strike"],"picked":"Demon Form","floor":47},{"not_picked":["Shockwave+1","Clothesline"],"picked":"Shrug It Off+1","floor":47},{"not_picked":["Armaments+1","True Grit+1"],"picked":"Body Slam+1","floor":48},{"not_picked":["Perfected Strike","Flex+1"],"picked":"Inflame","floor":48}],"player_experience":17110,"relics_obtained":[{"floor":6,"key":"Nunchaku"},{"floor":6,"key":"Centennial Puzzle"},{"floor":8,"key":"FossilizedHelix"},{"floor":8,"key":"Gremlin Horn"},{"floor":9,"key":"Dodecahedron"},{"floor":10,"key":"Shuriken"},{"floor":19,"key":"Red Mask"},{"floor":23,"key":"Toxic Egg 2"},{"floor":23,"key":"Blood Vial"},{"floor":26,"key":"PreservedInsect"},{"floor":30,"key":"Red Skull"},{"floor":30,"key":"War Paint"},{"floor":40,"key":"Lantern"},{"floor":40,"key":"Boot"},{"floor":43,"key":"Bottled Flame"},{"floor":44,"key":"Prayer Wheel"}],"event_choices":[{"damage_healed":0,"gold_gain":0,"cards_transformed":["Strike_R"],"player_choice":"Transformed","damage_taken":0,"max_hp_gain":0,"max_hp_loss":0,"event_name":"Transmorgrifier","floor":2,"gold_loss":0,"cards_obtained":["Cleave"]},{"damage_healed":0,"gold_gain":0,"player_choice":"Searched \u00271\u0027 times","damage_taken":0,"max_hp_gain":0,"max_hp_loss":0,"event_name":"Dead Adventurer","floor":10,"gold_loss":0},{"damage_healed":0,"gold_gain":0,"player_choice":"Fought Bandits","damage_taken":0,"max_hp_gain":0,"max_hp_loss":0,"event_name":"Masked Bandits","floor":19,"gold_loss":0},{"damage_healed":0,"gold_gain":99,"player_choice":"Stole From Cult","damage_taken":0,"max_hp_gain":0,"max_hp_loss":0,"event_name":"Nest","floor":22,"gold_loss":0},{"damage_healed":0,"gold_gain":0,"player_choice":"Embrace Madness","damage_taken":11,"max_hp_gain":0,"max_hp_loss":0,"event_name":"Winding Halls","floor":36,"gold_loss":0,"cards_obtained":["Madness","Madness"]},{"damage_healed":0,"gold_gain":0,"player_choice":"Fight","damage_taken":0,"max_hp_gain":0,"max_hp_loss":0,"event_name":"Mysterious Sphere","floor":44,"gold_loss":0}],"is_beta":false,"boss_relics":[{"not_picked":["Eternal Feather","Orrery"],"picked":"Mark of Pain"},{"not_picked":["Busted Crown","Snecko Eye"],"picked":"Tiny House"}],"items_purged_floors":[39],"is_endless":false,"potions_floor_spawned":[4,6,8,16,18,19,23,24,28,31,35,45],"killed_by":"Awakened One","ascension_level":0}