{"gold_per_floor":[115,115,131,145,164,199,199,199,199,217,243,253,272,290,290,395,395,395,335,335,5,5,5,5,5,5,5,5,5,5,5],"floor_reached":31,"playtime":1482,"items_purged":[],"score":376,"play_id":"9c277a5b-3610-47f7-8451-ceeaea38e71a","local_time":"20190719013112","is_ascension_mode":true,"campfire_choices":[{"floor":7,"key":"REST"},{"data":"Uppercut","floor":15,"key":"SMITH"}],"neow_cost":"NONE","seed_source_timestamp":459101365718825,"circlet_count":0,"master_deck":["Strike_R+1","Strike_R+1","Strike_R+1","Strike_R+1","Defend_R+1","Defend_R+1","Defend_R+1","Defend_R+1","Bash","Twin Strike","Power Through","Sentinel","Metallicize","Double Tap","Spot Weakness","Twin Strike","Fire Breathing","Juggernaut","Uppercut+1","Shrug It Off","Demon Form","Rupture+1","Clothesline+1","Flex","Pommel Strike+1","Carnage+1","Blood for Blood+1","Double Tap","Rage","Fire Breathing","Flame Barrier","Iron Wave+1"],"relics":["Burning Blood","Gambling Chip","Mummified Hand","Pantograph","Ectoplasm","Molten Egg 2","Whetstone","Question Card","Paper Frog"],"potions_floor_usage":[10,12,19,30,31,31,31],"damage_taken":[{"damage":9,"enemies":"Jaw Worm","floor":1,"turns":5},{"damage":4,"enemies":"Cultist","floor":3,"turns":5},{"damage":0,"enemies":"2 Louse","floor":4,"turns":3},{"damage":16,"enemies":"Gremlin Gang","floor":5,"turns":8},{"damage":45,"enemies":"Gremlin Nob","floor":6,"turns":5},{"damage":4,"enemies":"Looter","floor":10,"turns":5},{"damage":19,"enemies":"Lagavulin","floor":11,"turns":5},{"damage":7,"enemies":"Large Slime","floor":12,"turns":5},{"damage":5,"enemies":"Blue Slaver","floor":13,"turns":3},{"damage":5,"enemies":"Exordium Thugs","floor":14,"turns":4},{"damage":15,"enemies":"The Guardian","floor":16,"turns":8},{"damage":0,"enemies":"Shell Parasite","floor":18,"turns":4},{"damage":13,"enemies":"2 Thieves","floor":19,"turns":4},{"damage":10,"enemies":"Snake Plant","floor":20,"turns":3},{"damage":8,"enemies":"Cultist and Chosen","floor":22,"turns":6},{"damage":37,"enemies":"Gremlin Leader","floor":23,"turns":5},{"damage":12,"enemies":"Snecko","floor":24,"turns":4},{"damage":16,"enemies":"Book of Stabbing","floor":28,"turns":4},{"damage":12,"enemies":"Shelled Parasite and Fungi","floor":29,"turns":4},{"damage":46,"enemies":"Slavers","floor":30,"turns":6},{"damage":16,"enemies":"Centurion and Healer","floor":31,"turns":4}],"seed_played":"-4649338150631549297","potions_obtained":[{"floor":4,"key":"GamblersBrew"},{"floor":10,"key":"Ancient Potion"},{"floor":11,"key":"GamblersBrew"},{"floor":13,"key":"Strength Potion"},{"floor":14,"key":"Block Potion"},{"floor":18,"key":"Poison Potion"},{"floor":20,"key":"Explosive Potion"},{"floor":28,"key":"FearPotion"},{"floor":30,"key":"SkillPotion"}],"is_trial":false,"path_per_floor":["M","?","M","M","M","E","R","?","T","M","E","M","M","M","R","B",null,"M","M","M","$","M","E","M","?","T","?","E","M","E","M"],"character_chosen":"IRONCLAD","items_purchased":["Molten Egg 2","Pommel Strike+1","Carnage+1"],"campfire_rested":1,"item_purchase_floors":[21,21,21],"current_hp_per_floor":[85,85,87,88,78,39,65,65,65,67,54,53,54,55,55,71,88,88,81,77,77,75,44,38,67,67,67,57,51,11,0],"gold":5,"neow_bonus":"TEN_PERCENT_HP_BONUS","is_prod":false,"is_daily":false,"chose_seed":false,"campfire_upgraded":1,"win_rate":0,"timestamp":1563492672,"path_taken":["M","?","M","?","M","E","R","?","T","M","E","?","M","?","R","BOSS","M","M","M","$","M","E","M","?","T","?","E","M","E","M"],"build_version":"2019-07-17","purchased_purges":0,"victory":false,"max_hp_per_floor":[88,88,88,88,88,88,88,88,88,88,88,88,88,88,88,88,88,88,88,88,88,88,88,88,88,88,88,88,88,88,88],"card_choices":[{"not_picked":["True Grit","Armaments"],"picked":"Twin Strike","floor":1},{"not_picked":["Blood for Blood","Perfected Strike"],"picked":"Sentinel","floor":3},{"not_picked":["Power Through","Heavy Blade"],"picked":"Metallicize","floor":4},{"not_picked":["Ghostly Armor","Twin Strike"],"picked":"Double Tap","floor":5},{"not_picked":["Wild Strike","Havoc"],"picked":"Spot Weakness","floor":6},{"not_picked":["Havoc","Intimidate"],"picked":"Twin Strike","floor":10},{"not_picked":["Havoc","Disarm"],"picked":"Fire Breathing","floor":11},{"not_picked":["Sever Soul","Pommel Strike"],"picked":"Juggernaut","floor":12},{"not_picked":["Havoc","Cleave"],"picked":"Uppercut","floor":13},{"not_picked":["Armaments","Power Through"],"picked":"Shrug It Off","floor":14},{"not_picked":["Feed","Brutality"],"picked":"Demon Form","floor":16},{"not_picked":["Perfected Strike","Infernal Blade"],"picked":"Rupture+1","floor":18},{"not_picked":["Rampage","Twin Strike"],"picked":"Clothesline+1","floor":19},{"not_picked":["Havoc","Warcry"],"picked":"Flex","floor":20},{"not_picked":["Spot Weakness","Perfected Strike+1"],"picked":"Blood for Blood+1","floor":22},{"not_picked":["Flex","Searing Blow+1"],"picked":"Double Tap","floor":23},{"not_picked":["Flex","Havoc+1"],"picked":"Rage","floor":24},{"not_picked":["Rampage+1","Evolve+1"],"picked":"Fire Breathing","floor":28},{"not_picked":["Havoc","Entrench+1","Anger+1"],"picked":"Flame Barrier","floor":29},{"not_picked":["Wild Strike+1","Warcry","Cleave+1"],"picked":"Iron Wave+1","floor":30}],"player_experience":224199,"relics_obtained":[{"floor":6,"key":"Gambling Chip"},{"floor":9,"key":"Mummified Hand"},{"floor":11,"key":"Pantograph"},{"floor":23,"key":"Whetstone"},{"floor":28,"key":"Question Card"},{"floor":30,"key":"Paper Frog"}],"event_choices":[{"damage_healed":0,"gold_gain":0,"cards_transformed":["Strike_R"],"player_choice":"Transformed","damage_taken":0,"max_hp_gain":0,"max_hp_loss":0,"event_name":"Transmorgrifier","floor":2,"gold_loss":0,"cards_obtained":["Power Through"]},{"damage_healed":0,"gold_gain":0,"player_choice":"Bought 0 Potions","damage_taken":0,"max_hp_gain":0,"max_hp_loss":0,"event_name":"The Woman in Blue","floor":8,"gold_loss":0},{"damage_healed":29,"gold_gain":0,"player_choice":"Heal","damage_taken":0,"max_hp_gain":0,"max_hp_loss":0,"event_name":"The Library","floor":25,"gold_loss":0},{"damage_healed":0,"gold_gain":0,"player_choice":"Simplicity","damage_taken":0,"max_hp_gain":0,"max_hp_loss":0,"event_name":"Back to Basics","floor":27,"gold_loss":0,"cards_upgraded":["Strike_R","Strike_R","Defend_R","Defend_R","Defend_R","Defend_R"]}],"is_beta":false,"boss_relics":[{"not_picked":["Tiny House","Philosopher\u0027s Stone"],"picked":"Ectoplasm"}],"items_purged_floors":[],"is_endless":false,"potions_floor_spawned":[4,10,11,13,14,18,20,23,28,30],"killed_by":"Centurion and Healer","ascension_level":4}