{"gold_per_floor":[113,38,38,38,55,55,75,75,151,151,165,17,31,49,49,153,153,172,192,210,135,135,135],"floor_reached":23,"playtime":1047,"items_purged":["Strike_B","Strike_B"],"score":350,"play_id":"e6aa80d1-8524-4d09-97b0-675015c9b6dc","local_time":"20190512171445","is_ascension_mode":true,"campfire_choices":[{"data":"Zap","floor":6,"key":"SMITH"},{"data":"Defragment","floor":8,"key":"SMITH"},{"floor":15,"key":"REST"}],"neow_cost":"NONE","seed_source_timestamp":12329760916792,"circlet_count":0,"master_deck":["AscendersBane","Defend_B","Zap+1","Dualcast+1","Capacitor+1","Defragment+1","Coolheaded","Seek","Cold Snap","Electrodynamics","Rip and Tear+1","Reprogram+1","Glacier"],"relics":["Cracked Core","Orichalcum","Symbiotic Virus","Astrolabe"],"potions_floor_usage":[11,16,16,23],"damage_taken":[{"damage":2,"enemies":"Jaw Worm","floor":1,"turns":3},{"damage":4,"enemies":"Small Slimes","floor":5,"turns":4},{"damage":4,"enemies":"2 Louse","floor":7,"turns":3},{"damage":19,"enemies":"Lots of Slimes","floor":11,"turns":3},{"damage":0,"enemies":"Large Slime","floor":13,"turns":5},{"damage":0,"enemies":"Exordium Wildlife","floor":14,"turns":3},{"damage":0,"enemies":"The Guardian","floor":16,"turns":8},{"damage":6,"enemies":"3 Byrds","floor":18,"turns":2},{"damage":22,"enemies":"2 Thieves","floor":19,"turns":4},{"damage":6,"enemies":"Cultist and Chosen","floor":20,"turns":4},{"damage":33,"enemies":"Slavers","floor":23,"turns":1}],"seed_played":"-3486319386336919058","potions_obtained":[{"floor":1,"key":"SteroidPotion"},{"floor":7,"key":"Ancient Potion"},{"floor":13,"key":"FocusPotion"},{"floor":14,"key":"AttackPotion"},{"floor":16,"key":"Energy Potion"},{"floor":18,"key":"GamblersBrew"}],"is_trial":false,"path_per_floor":["M","$","?","?","M","R","M","R","T","?","M","$","M","M","R","B",null,"M","M","M","?","?","E"],"character_chosen":"DEFECT","items_purchased":["Coolheaded"],"campfire_rested":1,"item_purchase_floors":[12],"current_hp_per_floor":[66,66,66,48,44,44,40,40,40,25,6,6,6,6,28,28,63,57,35,29,29,29,0],"gold":135,"neow_bonus":"REMOVE_CARD","is_prod":false,"is_daily":false,"chose_seed":false,"campfire_upgraded":2,"win_rate":0,"timestamp":1557695685,"path_taken":["M","$","?","?","M","R","M","R","T","?","M","$","M","M","R","BOSS","M","M","M","?","?","E"],"build_version":"2019-01-23","purchased_purges":2,"victory":false,"max_hp_per_floor":[75,75,75,75,75,75,75,75,75,75,75,75,75,75,75,75,75,75,75,75,75,75,75],"card_choices":[{"not_picked":["Skim","Chill"],"picked":"Capacitor","floor":1},{"not_picked":["Hologram","Compile Driver"],"picked":"Defragment","floor":5},{"not_picked":["Turbo","Consume","Ball Lightning"],"picked":"SKIP","floor":7},{"not_picked":["Leap","FTL","Sweeping Beam"],"picked":"SKIP","floor":11},{"not_picked":["Compile Driver","Stack"],"picked":"Seek","floor":13},{"not_picked":["Beam Cell","Rebound"],"picked":"Cold Snap","floor":14},{"not_picked":["Creative AI","Hyperbeam"],"picked":"Electrodynamics","floor":16},{"not_picked":["Steam+1","Ball Lightning+1","Compile Driver+1"],"picked":"SKIP","floor":18},{"not_picked":["Streamline","Steam Power"],"picked":"Glacier","floor":19},{"not_picked":["Go for the Eyes+1","Sweeping Beam","Steam"],"picked":"SKIP","floor":20}],"player_experience":300672,"relics_obtained":[{"floor":9,"key":"Symbiotic Virus"}],"event_choices":[{"damage_healed":0,"gold_gain":0,"player_choice":"Leave","damage_taken":0,"max_hp_gain":0,"max_hp_loss":0,"event_name":"The Cleric","floor":3,"gold_loss":0},{"damage_healed":0,"gold_gain":0,"player_choice":"Success","damage_taken":18,"relics_obtained":["Orichalcum"],"max_hp_gain":0,"max_hp_loss":0,"event_name":"Scrap Ooze","floor":4,"gold_loss":0},{"damage_healed":0,"gold_gain":0,"player_choice":"Entered Light","damage_taken":15,"max_hp_gain":0,"max_hp_loss":0,"event_name":"Shining Light","floor":10,"gold_loss":0,"cards_upgraded":["Capacitor","Dualcast"]},{"cards_removed":["Hello World"],"damage_healed":0,"gold_gain":0,"player_choice":"Gave Gold","damage_taken":0,"max_hp_gain":0,"max_hp_loss":0,"event_name":"Beggar","floor":21,"gold_loss":75},{"cards_removed":["Defend_B"],"damage_healed":0,"gold_gain":0,"player_choice":"Elegance","damage_taken":0,"max_hp_gain":0,"max_hp_loss":0,"event_name":"Back to Basics","floor":22,"gold_loss":0}],"is_beta":false,"boss_relics":[{"not_picked":["Inserter","Calling Bell"],"picked":"Astrolabe"}],"items_purged_floors":[2,12],"is_endless":false,"potions_floor_spawned":[1,7,13,14,16,18],"killed_by":"Slavers","ascension_level":10}