{"gold_per_floor":[118,193,193,210,46,46,80,103,169,181,193,219,266,296,308,392,404,427,39,74,87,87,87,119,119,119,144,144,22,22,49,49,128,128,141,141,153,153,1152,1152,1187,10,10,10,35,86,86,114,114,114,114],"floor_reached":52,"playtime":2656,"items_purged":["Strike_R","Normality"],"score":2371,"play_id":"85f60420-457a-4a4f-8d8c-841634e7ff31","local_time":"20181103121258","is_ascension_mode":true,"campfire_choices":[{"data":"Bash","floor":6,"key":"SMITH"},{"data":"Shrug It Off","floor":11,"key":"SMITH"},{"data":"Inflame","floor":15,"key":"SMITH"},{"floor":23,"key":"REST"},{"data":"Feel No Pain","floor":28,"key":"SMITH"},{"data":"Uppercut","floor":30,"key":"SMITH"},{"floor":32,"key":"REST"},{"data":"Pommel Strike","floor":40,"key":"SMITH"},{"data":"Discovery","floor":44,"key":"SMITH"},{"data":"Pommel Strike","floor":47,"key":"SMITH"},{"data":"Feel No Pain","floor":49,"key":"SMITH"}],"neow_cost":"NONE","seed_source_timestamp":1351942072470399,"circlet_count":0,"master_deck":["AscendersBane","Defend_R","Defend_R","Defend_R+1","Bash+1","True Grit+1","Shrug It Off+1","Dropkick","Dropkick","Inflame+1","Feel No Pain+1","Clothesline","Feed+1","Pommel Strike+1","Corruption","Uppercut+1","Shockwave+1","Pommel Strike+1","Immolate","Bite","Bite","Bite","Bite+1","Bite","Dropkick+1","Corruption","Barricade","Shockwave+1","Exhume","Shrug It Off","Power Through","Burning Pact","Feed+1","Corruption","Discovery+1","Ghostly Armor","Feel No Pain+1"],"relics":["Burning Blood","NeowsBlessing","Omamori","MawBank","Ancient Tea Set","WarpedTongs","Letter Opener","Snecko Eye","Happy Flower","Red Mask","Enchiridion","Bronze Scales","Molten Egg 2","Whetstone","Dream Catcher","Coffee Dripper","Pen Nib","Medical Kit","Boot","War Paint","Question Card","Dead Branch","Smiling Mask","Centennial Puzzle"],"potions_floor_usage":[13,24,24,31,33],"damage_taken":[{"damage":0,"enemies":"Small Slimes","floor":1,"turns":1},{"damage":0,"enemies":"Cultist","floor":4,"turns":1},{"damage":0,"enemies":"3 Sentries","floor":7,"turns":2},{"damage":7,"enemies":"2 Louse","floor":8,"turns":4},{"damage":4,"enemies":"Red Slaver","floor":12,"turns":3},{"damage":11,"enemies":"Lagavulin","floor":13,"turns":6},{"damage":12,"enemies":"Exordium Wildlife","floor":14,"turns":4},{"damage":8,"enemies":"The Guardian","floor":16,"turns":12},{"damage":35,"enemies":"3 Byrds","floor":18,"turns":7},{"damage":16,"enemies":"Masked Bandits","floor":20,"turns":4},{"damage":0,"enemies":"Spheric Guardian","floor":21,"turns":4},{"damage":30,"enemies":"Book of Stabbing","floor":24,"turns":5},{"damage":13,"enemies":"Slavers","floor":27,"turns":3},{"damage":16,"enemies":"Book of Stabbing","floor":31,"turns":4},{"damage":0,"enemies":"Collector","floor":33,"turns":6},{"damage":1,"enemies":"3 Darklings","floor":35,"turns":5},{"damage":0,"enemies":"3 Shapes","floor":37,"turns":6},{"damage":2,"enemies":"Nemesis","floor":41,"turns":3},{"damage":5,"enemies":"Giant Head","floor":45,"turns":6},{"damage":17,"enemies":"Reptomancer","floor":48,"turns":3},{"damage":16,"enemies":"Time Eater","floor":50,"turns":6},{"damage":21,"enemies":"Donu and Deca","floor":51,"turns":3}],"seed_played":"-5485910787513628525","potions_obtained":[{"floor":7,"key":"SpeedPotion"},{"floor":8,"key":"EssenceOfSteel"},{"floor":14,"key":"BloodPotion"},{"floor":24,"key":"Weak Potion"},{"floor":31,"key":"LiquidBronze"},{"floor":33,"key":"PowerPotion"},{"floor":35,"key":"SpeedPotion"}],"is_trial":false,"path_per_floor":["M","?","?","M","$","R","E","M","T","?","R","M","E","M","R","B",null,"M","$","?","M","?","R","E","?","T","E","R","$","R","E","R","B",null,"M","?","M","?","?","R","E","$","T","R","E","T","R","E","R","B","B",null],"character_chosen":"IRONCLAD","items_purchased":["Omamori","Corruption","Uppercut","Happy Flower","Dropkick+1","Corruption","Medical Kit","Boot","Power Through","Burning Pact","Feed+1","War Paint","Corruption","Discovery"],"campfire_rested":2,"item_purchase_floors":[5,19,19,19,29,29,42,42,42,42,42,42,42,42],"current_hp_per_floor":[74,63,63,69,69,69,75,74,74,74,74,75,70,64,64,62,72,46,46,40,50,29,54,38,38,38,33,33,33,33,31,49,60,60,60,50,64,64,64,64,64,64,64,64,68,68,68,63,63,61,55],"gold":114,"neow_bonus":"THREE_ENEMY_KILL","is_prod":false,"is_daily":false,"chose_seed":false,"campfire_upgraded":9,"win_rate":0,"timestamp":1541261578,"path_taken":["M","?","?","?","$","R","E","M","T","?","R","M","E","M","R","BOSS","M","$","?","M","?","R","E","?","T","E","R","$","R","E","R","BOSS","M","?","M","?","?","R","E","$","T","R","E","?","R","E","R","BOSS","BOSS"],"build_version":"2018-11-01","purchased_purges":2,"victory":true,"max_hp_per_floor":[75,75,75,75,75,75,75,75,75,75,75,75,75,75,75,75,75,78,78,82,86,86,86,86,60,60,60,60,60,60,60,60,60,60,60,60,64,64,64,64,64,64,64,64,68,68,68,72,72,72,76],"card_choices":[{"not_picked":["Clash","Infernal Blade"],"picked":"True Grit","floor":1},{"not_picked":["Dropkick","Sever Soul"],"picked":"Shrug It Off","floor":4},{"not_picked":["True Grit","Rage"],"picked":"Dropkick","floor":7},{"not_picked":["Wild Strike","Disarm"],"picked":"Dropkick","floor":8},{"not_picked":["Flame Barrier","Heavy Blade"],"picked":"Inflame","floor":12},{"not_picked":["Entrench","Cleave"],"picked":"Feel No Pain","floor":13},{"not_picked":["Twin Strike","Rupture"],"picked":"Clothesline","floor":14},{"not_picked":["Berserk","Fiend Fire"],"picked":"Feed","floor":16},{"not_picked":["Warcry","Cleave"],"picked":"Pommel Strike","floor":18},{"not_picked":["Burning Pact","Flex"],"picked":"Shockwave","floor":20},{"not_picked":["Cleave+1","Shockwave"],"picked":"Pommel Strike","floor":21},{"not_picked":["Rupture","Twin Strike"],"picked":"Immolate","floor":24},{"not_picked":["Havoc","Infernal Blade","Heavy Blade+1"],"picked":"SKIP","floor":27},{"not_picked":["Entrench","True Grit"],"picked":"Barricade","floor":31},{"not_picked":["Warcry","Corruption"],"picked":"Shockwave+1","floor":32},{"not_picked":["Brutality","Juggernaut"],"picked":"Exhume","floor":33},{"not_picked":["Perfected Strike+1","Fire Breathing+1","Anger+1"],"picked":"SKIP","floor":35},{"not_picked":["Wild Strike+1","Armaments"],"picked":"Shrug It Off","floor":37},{"not_picked":["Rampage+1","Bloodletting+1","Wild Strike+1"],"picked":"SKIP","floor":41},{"not_picked":["Thunderclap+1","Perfected Strike+1","Clash+1"],"picked":"Ghostly Armor","floor":45},{"not_picked":["Searing Blow+1","Rupture+1","Thunderclap+1"],"picked":"Feel No Pain","floor":48}],"player_experience":1040625,"relics_obtained":[{"floor":7,"key":"MawBank"},{"floor":9,"key":"Ancient Tea Set"},{"floor":13,"key":"Letter Opener"},{"floor":20,"key":"Red Mask"},{"floor":22,"key":"Enchiridion"},{"floor":24,"key":"Bronze Scales"},{"floor":26,"key":"Molten Egg 2"},{"floor":27,"key":"Whetstone"},{"floor":31,"key":"Dream Catcher"},{"floor":41,"key":"Pen Nib"},{"floor":43,"key":"Question Card"},{"floor":45,"key":"Dead Branch"},{"floor":46,"key":"Smiling Mask"},{"floor":48,"key":"Centennial Puzzle"}],"event_choices":[{"damage_healed":0,"gold_gain":75,"player_choice":"Gather Gold","damage_taken":11,"max_hp_gain":0,"max_hp_loss":0,"event_name":"World of Goop","floor":2,"gold_loss":0},{"damage_healed":0,"gold_gain":0,"player_choice":"Upgraded","damage_taken":0,"max_hp_gain":0,"max_hp_loss":0,"event_name":"Upgrade Shrine","floor":3,"gold_loss":0,"cards_upgraded":["True Grit"]},{"damage_healed":0,"gold_gain":0,"player_choice":"Rummage","damage_taken":0,"relics_obtained":["WarpedTongs"],"max_hp_gain":0,"max_hp_loss":0,"event_name":"Accursed Blacksmith","floor":10,"gold_loss":0,"cards_obtained":["Pain"]},{"damage_healed":0,"gold_gain":0,"player_choice":"Fought Bandits","damage_taken":0,"max_hp_gain":0,"max_hp_loss":0,"event_name":"Masked Bandits","floor":20,"gold_loss":0},{"damage_healed":0,"gold_gain":0,"player_choice":"Obtained Book","damage_taken":21,"max_hp_gain":0,"max_hp_loss":0,"event_name":"Cursed Tome","floor":22,"gold_loss":0},{"damage_healed":0,"gold_gain":0,"player_choice":"Became a vampire","damage_taken":0,"max_hp_gain":0,"max_hp_loss":26,"event_name":"Vampires","floor":25,"gold_loss":0,"cards_obtained":["Bite","Bite","Bite","Bite","Bite"]},{"damage_healed":0,"gold_gain":0,"player_choice":"Memory 3","damage_taken":10,"max_hp_gain":0,"max_hp_loss":0,"event_name":"SensoryStone","floor":36,"gold_loss":0},{"cards_removed":["Defend_R"],"damage_healed":0,"gold_gain":0,"player_choice":"Removed Skill","damage_taken":0,"max_hp_gain":0,"max_hp_loss":0,"event_name":"Falling","floor":38,"gold_loss":0},{"damage_healed":0,"gold_gain":999,"player_choice":"Gold","damage_taken":0,"max_hp_gain":0,"max_hp_loss":0,"event_name":"MindBloom","floor":39,"gold_loss":0,"cards_obtained":["Normality","Normality"]}],"is_beta":false,"boss_relics":[{"not_picked":["Runic Cube","Lizard Tail"],"picked":"Snecko Eye"},{"not_picked":["Velvet Choker","Empty Cage"],"picked":"Coffee Dripper"}],"items_purged_floors":[19,42],"is_endless":false,"potions_floor_spawned":[7,8,12,14,24,31,33,35,41,45],"ascension_level":20}