{"gold_per_floor":[118,118,218,232,246,246,280,240,264,264],"floor_reached":10,"playtime":405,"items_purged":[],"score":132,"play_id":"a01ecb94-13b3-4608-93d1-80414d2a0e2d","local_time":"20190517234405","is_ascension_mode":true,"campfire_choices":[{"data":"Deadly Poison","floor":6,"key":"SMITH"}],"neow_cost":"NONE","seed_source_timestamp":11618516620590,"circlet_count":0,"master_deck":["AscendersBane","Defend_G","Defend_G","Defend_G","Defend_G","Defend_G","Strike_G","Strike_G","Strike_G","Strike_G","Strike_G","Survivor","Neutralize+1","Blur","Deadly Poison+1","PiercingWail","Cloak And Dagger"],"relics":["Ring of the Snake","Oddly Smooth Stone","Frozen Egg 2","Ancient Tea Set"],"potions_floor_usage":[7,7],"damage_taken":[{"damage":0,"enemies":"2 Louse","floor":1,"turns":3},{"damage":0,"enemies":"Cultist","floor":4,"turns":4},{"damage":6,"enemies":"Jaw Worm","floor":5,"turns":7},{"damage":28,"enemies":"Gremlin Nob","floor":7,"turns":4},{"damage":0,"enemies":"Looter","floor":8,"turns":4},{"damage":26,"enemies":"Lagavulin","floor":10,"turns":10}],"seed_played":"-3544858510417823815","potions_obtained":[{"floor":4,"key":"Swift Potion"},{"floor":5,"key":"FearPotion"}],"is_trial":false,"path_per_floor":["M","?","?","M","M","R","E","M","T","E"],"character_chosen":"THE_SILENT","items_purchased":[],"campfire_rested":0,"item_purchase_floors":[],"current_hp_per_floor":[59,54,54,54,48,48,20,20,20,0],"gold":264,"neow_bonus":"UPGRADE_CARD","is_prod":false,"is_daily":false,"chose_seed":false,"campfire_upgraded":1,"win_rate":0,"timestamp":1558151045,"path_taken":["M","?","?","M","M","R","E","M","T","E"],"build_version":"2019-01-23","purchased_purges":0,"victory":false,"max_hp_per_floor":[66,66,66,66,66,66,66,66,66,66],"card_choices":[{"not_picked":["Underhanded Strike","Reflex","Calculated Gamble"],"picked":"SKIP","floor":1},{"not_picked":["Accuracy","Blade Dance"],"picked":"Blur","floor":4},{"not_picked":["Flechettes","Expertise"],"picked":"Deadly Poison","floor":5},{"not_picked":["Backflip","Blade Dance"],"picked":"PiercingWail","floor":7},{"not_picked":["Bane","Heel Hook"],"picked":"Cloak And Dagger","floor":8}],"player_experience":1422292,"relics_obtained":[{"floor":7,"key":"Frozen Egg 2"},{"floor":9,"key":"Ancient Tea Set"}],"event_choices":[{"damage_healed":0,"gold_gain":0,"player_choice":"Success","damage_taken":5,"relics_obtained":["Oddly Smooth Stone"],"max_hp_gain":0,"max_hp_loss":0,"event_name":"Scrap Ooze","floor":2,"gold_loss":0},{"damage_healed":0,"gold_gain":100,"player_choice":"Gold","damage_taken":0,"max_hp_gain":0,"max_hp_loss":0,"event_name":"Wheel of Change","floor":3,"gold_loss":0}],"is_beta":false,"boss_relics":[],"items_purged_floors":[],"is_endless":false,"potions_floor_spawned":[4,5],"killed_by":"Lagavulin","ascension_level":20}