{"gold_per_floor":[219,54,54,71,71,109,109,133,133,45,79,93,93,107,107,107],"floor_reached":16,"playtime":552,"items_purged":[],"score":220,"play_id":"8745f0a2-e252-4cd9-9ff3-5b394930258d","local_time":"20181214191931","is_ascension_mode":true,"campfire_choices":[{"data":"Footwork","floor":7,"key":"SMITH"},{"floor":13,"key":"REST"},{"floor":15,"key":"REST"}],"neow_cost":"NONE","seed_source_timestamp":160066007486636,"circlet_count":0,"master_deck":["AscendersBane","Defend_G","Defend_G","Defend_G","Defend_G","Defend_G","Strike_G","Strike_G","Strike_G","Strike_G","Strike_G","Survivor","Neutralize","Dagger Throw","Predator+1","Footwork+1","Cloak And Dagger","Poisoned Stab","Deadly Poison","Noxious Fumes","Bullet Time"],"relics":["Ring of the Snake","Golden Idol","Ornamental Fan","Bottled Flame","Pen Nib"],"potions_floor_usage":[6,11],"damage_taken":[{"damage":6,"enemies":"Cultist","floor":1,"turns":4},{"damage":0,"enemies":"2 Louse","floor":4,"turns":2},{"damage":16,"enemies":"3 Sentries","floor":6,"turns":12},{"damage":0,"enemies":"Jaw Worm","floor":8,"turns":3},{"damage":15,"enemies":"Lagavulin","floor":11,"turns":8},{"damage":3,"enemies":"2 Fungi Beasts","floor":12,"turns":5},{"damage":19,"enemies":"Exordium Wildlife","floor":14,"turns":5},{"damage":31,"enemies":"Hexaghost","floor":16,"turns":9}],"seed_played":"4137618276890303647","potions_obtained":[{"floor":1,"key":"SmokeBomb"},{"floor":4,"key":"Block Potion"},{"floor":6,"key":"Regen Potion"}],"is_trial":false,"path_per_floor":["M","$","?","M","?","E","R","M","T","$","E","M","R","M","R","B"],"character_chosen":"THE_SILENT","items_purchased":["Predator","Footwork","Noxious Fumes"],"campfire_rested":2,"item_purchase_floors":[2,2,10],"current_hp_per_floor":[53,53,53,53,30,14,14,14,14,14,14,11,30,11,30,0],"gold":107,"neow_bonus":"HUNDRED_GOLD","is_prod":false,"is_daily":false,"chose_seed":false,"campfire_upgraded":1,"win_rate":0,"timestamp":1544833171,"path_taken":["M","$","?","?","?","E","R","M","T","$","E","M","R","M","R","BOSS"],"build_version":"2018-12-13","purchased_purges":0,"victory":false,"max_hp_per_floor":[66,66,66,66,66,66,66,66,66,66,66,66,66,66,66,66],"card_choices":[{"not_picked":["Blur","Outmaneuver"],"picked":"Dagger Throw","floor":1},{"not_picked":["Dagger Throw","Skewer"],"picked":"Cloak And Dagger","floor":4},{"not_picked":["Blade Dance","Sucker Punch"],"picked":"Poisoned Stab","floor":6},{"not_picked":["Dagger Spray","Deflect"],"picked":"Deadly Poison","floor":8},{"not_picked":["Dagger Throw","Predator","Expertise"],"picked":"SKIP","floor":11},{"not_picked":["Acrobatics","Bouncing Flask"],"picked":"Bullet Time","floor":12},{"not_picked":["Underhanded Strike","Quick Slash","Dagger Throw"],"picked":"SKIP","floor":14}],"player_experience":1281362,"relics_obtained":[{"floor":6,"key":"Ornamental Fan"},{"floor":9,"key":"Bottled Flame"},{"floor":11,"key":"Pen Nib"}],"event_choices":[{"damage_healed":0,"gold_gain":0,"player_choice":"Upgraded","damage_taken":0,"max_hp_gain":0,"max_hp_loss":0,"event_name":"Upgrade Shrine","floor":3,"gold_loss":0,"cards_upgraded":["Predator"]},{"damage_healed":0,"gold_gain":0,"player_choice":"Take Damage","damage_taken":23,"relics_obtained":["Golden Idol"],"max_hp_gain":0,"max_hp_loss":0,"event_name":"Golden Idol","floor":5,"gold_loss":0}],"is_beta":false,"boss_relics":[],"items_purged_floors":[],"is_endless":false,"potions_floor_spawned":[1,4,6],"killed_by":"Hexaghost","ascension_level":20}