{"gold_per_floor":[118,118,132,57,77,77,109,109,134,134,134,147,168,202,202,301,301,326,342,33,54,54],"floor_reached":22,"playtime":915,"items_purged":[],"score":392,"play_id":"7df66b89-2ac0-473a-bd0c-e2b977013211","local_time":"20181128215500","is_ascension_mode":true,"campfire_choices":[{"data":"Zap","floor":6,"key":"SMITH"},{"data":"Go for the Eyes","floor":8,"key":"SMITH"},{"data":"Coolheaded","floor":11,"key":"SMITH"},{"data":"Biased Cognition","floor":15,"key":"SMITH"}],"neow_cost":"NONE","seed_source_timestamp":290902442872808,"circlet_count":0,"master_deck":["AscendersBane","Strike_B","Strike_B","Strike_B","Defend_B","Defend_B","Defend_B","Defend_B","Zap+1","Dualcast","Coolheaded+1","Go for the Eyes+1","FTL","Cold Snap","Streamline","Ball Lightning","Biased Cognition+1","Creative AI","Compile Driver","Coolheaded+1","Sweeping Beam","Stack"],"relics":["Cracked Core","Dream Catcher","Bag of Marbles","Bag of Preparation","Golden Idol","Blood Vial","Inserter","Symbiotic Virus"],"potions_floor_usage":[7],"damage_taken":[{"damage":0,"enemies":"2 Louse","floor":1,"turns":2},{"damage":0,"enemies":"Jaw Worm","floor":3,"turns":3},{"damage":0,"enemies":"Small Slimes","floor":5,"turns":3},{"damage":20,"enemies":"3 Sentries","floor":7,"turns":9},{"damage":0,"enemies":"Red Slaver","floor":12,"turns":4},{"damage":1,"enemies":"Large Slime","floor":13,"turns":5},{"damage":11,"enemies":"Gremlin Nob","floor":14,"turns":3},{"damage":4,"enemies":"Hexaghost","floor":16,"turns":8},{"damage":31,"enemies":"2 Thieves","floor":18,"turns":3},{"damage":0,"enemies":"Spheric Guardian","floor":19,"turns":3},{"damage":13,"enemies":"Snake Plant","floor":21,"turns":5},{"damage":31,"enemies":"Shelled Parasite and Fungi","floor":22,"turns":1}],"seed_played":"3971775891146104083","potions_obtained":[{"floor":1,"key":"Swift Potion"},{"floor":3,"key":"Strength Potion"},{"floor":14,"key":"FocusPotion"},{"floor":16,"key":"LiquidBronze"}],"is_trial":false,"path_per_floor":["M","?","M","?","M","R","E","R","T","?","R","M","M","E","R","B",null,"M","M","$","M","M"],"character_chosen":"DEFECT","items_purchased":["Symbiotic Virus","Sweeping Beam"],"campfire_rested":0,"item_purchase_floors":[20,20],"current_hp_per_floor":[64,64,64,64,64,64,44,44,44,44,44,44,43,32,32,30,56,27,29,29,18,0],"gold":54,"neow_bonus":"RANDOM_COMMON_RELIC","is_prod":false,"is_daily":false,"chose_seed":false,"campfire_upgraded":4,"win_rate":0,"timestamp":1543460100,"path_taken":["M","?","M","?","M","R","E","R","T","?","R","?","M","E","R","BOSS","M","M","$","M","M"],"build_version":"2018-11-15","purchased_purges":0,"victory":false,"max_hp_per_floor":[71,71,71,71,71,71,71,71,71,64,64,64,64,64,64,64,64,64,64,64,64,64],"card_choices":[{"not_picked":["Aggregate","FTL"],"picked":"Coolheaded","floor":1},{"not_picked":["Chill","Conserve Battery"],"picked":"Go for the Eyes","floor":3},{"not_picked":["Stack","Recycle"],"picked":"FTL","floor":5},{"not_picked":["Beam Cell","Stack"],"picked":"Cold Snap","floor":7},{"not_picked":["Conserve Battery","Gash"],"picked":"Streamline","floor":12},{"not_picked":["Compile Driver","Redo"],"picked":"Ball Lightning","floor":13},{"not_picked":["Scrape","Rainbow"],"picked":"Biased Cognition","floor":14},{"not_picked":["Fission","Meteor Strike"],"picked":"Creative AI","floor":16},{"not_picked":["Leap","Turbo"],"picked":"Compile Driver","floor":18},{"not_picked":["Redo","Hologram"],"picked":"Coolheaded+1","floor":19},{"not_picked":["Go for the Eyes","Coolheaded"],"picked":"Stack","floor":21}],"player_experience":1185642,"relics_obtained":[{"floor":7,"key":"Bag of Marbles"},{"floor":9,"key":"Bag of Preparation"},{"floor":14,"key":"Blood Vial"}],"event_choices":[{"damage_healed":0,"gold_gain":0,"player_choice":"Ignored","damage_taken":0,"max_hp_gain":0,"max_hp_loss":0,"event_name":"Liars Game","floor":2,"gold_loss":0},{"cards_removed":["Strike_B"],"damage_healed":0,"gold_gain":0,"player_choice":"Card Removal","damage_taken":0,"max_hp_gain":0,"max_hp_loss":0,"event_name":"The Cleric","floor":4,"gold_loss":75},{"damage_healed":0,"gold_gain":0,"player_choice":"Lose Max HP","damage_taken":0,"relics_obtained":["Golden Idol"],"max_hp_gain":0,"max_hp_loss":7,"event_name":"Golden Idol","floor":10,"gold_loss":0}],"is_beta":false,"boss_relics":[{"not_picked":["Coffee Dripper","Runic Pyramid"],"picked":"Inserter"}],"items_purged_floors":[],"is_endless":false,"potions_floor_spawned":[1,3,14,16,18,19],"killed_by":"Shelled Parasite and Fungi","ascension_level":20}