{"gold_per_floor":[113,126,51,63,63,98,98,118,118,147,147,165,181,181,181,181],"floor_reached":16,"playtime":558,"items_purged":["Strike_R"],"score":196,"play_id":"c5f2e9b7-2fcc-4b8b-9707-053c2ae0f215","local_time":"20181019104223","is_ascension_mode":true,"campfire_choices":[{"data":"Disarm","floor":7,"key":"SMITH"},{"data":"True Grit","floor":11,"key":"SMITH"},{"data":"Spot Weakness","floor":15,"key":"SMITH"}],"neow_cost":"PERCENT_DAMAGE","seed_source_timestamp":52494179402203,"circlet_count":0,"master_deck":["Strike_R","Strike_R","Strike_R","Strike_R","Defend_R","Defend_R","Defend_R","Defend_R","Bash","AscendersBane","Anger","Sword Boomerang","Disarm+1","Spot Weakness+1","True Grit+1","Clothesline","Flame Barrier","Immolate"],"relics":["Burning Blood","Bronze Scales","Letter Opener","Bottled Lightning"],"potions_floor_usage":[6],"damage_taken":[{"damage":0,"enemies":"2 Louse","floor":1,"turns":2},{"damage":9,"enemies":"Jaw Worm","floor":2,"turns":4},{"damage":1,"enemies":"Cultist","floor":4,"turns":4},{"damage":22,"enemies":"Gremlin Nob","floor":6,"turns":4},{"damage":3,"enemies":"Large Slime","floor":8,"turns":6},{"damage":23,"enemies":"3 Sentries","floor":10,"turns":7},{"damage":19,"enemies":"Exordium Thugs","floor":12,"turns":4},{"damage":14,"enemies":"Exordium Wildlife","floor":13,"turns":4},{"damage":0,"enemies":"Slime Boss","floor":16,"turns":1}],"seed_played":"8624971752615841330","potions_obtained":[{"floor":2,"key":"SteroidPotion"},{"floor":10,"key":"Ancient Potion"},{"floor":13,"key":"AttackPotion"}],"is_trial":false,"path_per_floor":["M","M","$","M","?","E","R","M","T","E","R","M","M","?","R"],"character_chosen":"IRONCLAD","items_purchased":[],"campfire_rested":0,"item_purchase_floors":[],"current_hp_per_floor":[70,67,67,72,77,61,61,64,64,47,47,34,26,26,26,26],"gold":181,"neow_bonus":"TWENTY_PERCENT_HP_BONUS","is_prod":false,"is_daily":false,"chose_seed":false,"campfire_upgraded":3,"win_rate":0,"timestamp":1539960143,"path_taken":["M","M","$","M","?","E","R","M","T","E","R","M","M","?","R","BOSS"],"build_version":"2018-10-18","purchased_purges":1,"victory":false,"max_hp_per_floor":[89,89,89,89,94,94,94,94,94,94,94,94,94,94,94,94],"card_choices":[{"not_picked":["Headbutt","Heavy Blade"],"picked":"Anger","floor":1},{"not_picked":["Reckless Charge","Havoc"],"picked":"Sword Boomerang","floor":2},{"not_picked":["Sever Soul","Body Slam"],"picked":"Disarm","floor":4},{"not_picked":["Dual Wield","Perfected Strike"],"picked":"Spot Weakness","floor":6},{"not_picked":["Wild Strike","Armaments"],"picked":"True Grit","floor":8},{"not_picked":["Burning Pact","Body Slam"],"picked":"Clothesline","floor":10},{"not_picked":["Body Slam","Flex"],"picked":"Flame Barrier","floor":12},{"not_picked":["Havoc","Rupture","Clash"],"picked":"SKIP","floor":13}],"player_experience":925630,"relics_obtained":[{"floor":6,"key":"Bronze Scales"},{"floor":9,"key":"Letter Opener"},{"floor":10,"key":"Bottled Lightning"}],"event_choices":[{"damage_healed":0,"gold_gain":0,"player_choice":"Donut","damage_taken":0,"max_hp_gain":5,"max_hp_loss":0,"event_name":"Big Fish","floor":5,"gold_loss":0},{"damage_healed":0,"gold_gain":0,"player_choice":"1 cards matched","damage_taken":0,"max_hp_gain":0,"max_hp_loss":0,"event_name":"Match and Keep!","floor":14,"gold_loss":0,"cards_obtained":["Immolate"]}],"is_beta":false,"boss_relics":[],"items_purged_floors":[3],"is_endless":false,"potions_floor_spawned":[2,10,13],"killed_by":"Slime Boss","ascension_level":15}