{"gold_per_floor":[114,189,189,199,209,239,239,191,191,204,204,217,217,236,236,236],"floor_reached":16,"playtime":1317,"items_purged":[],"score":102,"play_id":"4c053566-0538-4456-84e0-63b22aea5a1e","local_time":"20190713144424","is_ascension_mode":false,"campfire_choices":[{"floor":11,"key":"REST"},{"floor":13,"key":"REST"},{"floor":15,"key":"REST"}],"neow_cost":"NONE","seed_source_timestamp":83578760159486,"circlet_count":0,"master_deck":["Strike_G","Strike_G","Strike_G","Strike_G","Strike_G","Defend_G","Defend_G","Defend_G","Defend_G","Defend_G","Survivor","Neutralize","Poisoned Stab","Masterful Stab","Backstab","Flying Knee","Poisoned Stab","Backstab","Poisoned Stab"],"relics":["Ring of the Snake","Sundial","Gremlin Horn"],"potions_floor_usage":[6,16,16,16],"damage_taken":[{"damage":9,"enemies":"Cultist","floor":1,"turns":4},{"damage":0,"enemies":"2 Louse","floor":4,"turns":4},{"damage":3,"enemies":"Jaw Worm","floor":5,"turns":2},{"damage":44,"enemies":"Lagavulin","floor":6,"turns":10},{"damage":0,"enemies":"Lots of Slimes","floor":10,"turns":2},{"damage":0,"enemies":"Large Slime","floor":12,"turns":2},{"damage":0,"enemies":"Looter","floor":14,"turns":2},{"damage":68,"enemies":"Hexaghost","floor":16,"turns":9}],"seed_played":"6350526219847050836","potions_obtained":[{"floor":0,"key":"Swift Potion"},{"floor":0,"key":"PowerPotion"},{"floor":0,"key":"SneckoOil"}],"is_trial":false,"path_per_floor":["M","?","?","M","M","E","T","$","T","M","R","M","R","M","R","B"],"character_chosen":"THE_SILENT","items_purchased":["Explosive Potion"],"campfire_rested":3,"item_purchase_floors":[8],"current_hp_per_floor":[61,50,50,50,47,3,3,3,3,3,24,24,45,45,66,0],"gold":236,"neow_bonus":"THREE_SMALL_POTIONS","is_prod":false,"is_daily":false,"chose_seed":false,"campfire_upgraded":0,"win_rate":0,"timestamp":1563043464,"path_taken":["M","?","?","?","M","E","?","$","T","M","R","M","R","M","R","BOSS"],"build_version":"2019-07-05","purchased_purges":0,"victory":false,"max_hp_per_floor":[70,70,70,70,70,70,70,70,70,70,70,70,70,70,70,70],"card_choices":[{"not_picked":["Deadly Poison","Noxious Fumes"],"picked":"Poisoned Stab","floor":1},{"not_picked":["Poisoned Stab","Envenom"],"picked":"Masterful Stab","floor":4},{"not_picked":["Bane","Dagger Spray"],"picked":"Backstab","floor":5},{"not_picked":["Blade Dance","Deflect"],"picked":"Flying Knee","floor":6},{"not_picked":["Envenom","Deadly Poison"],"picked":"Poisoned Stab","floor":10},{"not_picked":["Concentrate","PiercingWail"],"picked":"Backstab","floor":12},{"not_picked":["Cloak And Dagger","Dagger Throw"],"picked":"Poisoned Stab","floor":14}],"player_experience":521220,"relics_obtained":[{"floor":6,"key":"Sundial"},{"floor":7,"key":"Gremlin Horn"}],"event_choices":[{"damage_healed":0,"gold_gain":75,"player_choice":"Gather Gold","damage_taken":11,"max_hp_gain":0,"max_hp_loss":0,"event_name":"World of Goop","floor":2,"gold_loss":0},{"damage_healed":0,"gold_gain":0,"player_choice":"Ignored","damage_taken":0,"max_hp_gain":0,"max_hp_loss":0,"event_name":"Purifier","floor":3,"gold_loss":0}],"is_beta":false,"boss_relics":[],"items_purged_floors":[],"is_endless":false,"potions_floor_spawned":[10,12,14],"killed_by":"Hexaghost","ascension_level":0}