{"gold_per_floor":[111,122,122,138,154,185,185,261,261,271,25,25,87,105,105,201,201,214,246,266,286,300,300,314,341,364,375,375,375,375,405,405,503,503,521,541,541,763,777,777,802,802,857,869,895,895,944,379,379,379],"floor_reached":51,"playtime":8745,"items_purged":["Calculated Gamble"],"score":1003,"play_id":"8c58cade-3e4d-423f-9bb9-170cfb83cfcc","local_time":"20190710201758","is_ascension_mode":true,"campfire_choices":[{"data":"Skewer","floor":7.0,"key":"SMITH"},{"data":"A Thousand Cuts","floor":12.0,"key":"SMITH"},{"floor":15.0,"key":"REST"},{"data":"After Image","floor":23.0,"key":"SMITH"},{"data":"Doppelganger","floor":28.0,"key":"SMITH"},{"data":"Neutralize","floor":30.0,"key":"SMITH"},{"data":"Bouncing Flask","floor":32.0,"key":"SMITH"},{"data":"Prepared","floor":40.0,"key":"SMITH"},{"data":"Tools of the Trade","floor":42.0,"key":"SMITH"},{"data":"Sucker Punch","floor":46.0,"key":"SMITH"},{"data":"Footwork","floor":49,"key":"SMITH"}],"neow_cost":"NONE","seed_source_timestamp":0,"circlet_count":0,"master_deck":["Survivor","Neutralize+1","Skewer+1","Sucker Punch+1","PiercingWail","Bouncing Flask+1","A Thousand Cuts+1","After Image+1","All Out Attack","PiercingWail","Underhanded Strike","Leg Sweep","Doppelganger+1","Bane","Prepared+1","Flying Knee","Backflip","Escape Plan","Deadly Poison+1","Distraction+1","Blur","After Image","Bouncing Flask+1","Acrobatics+1","Tools of the Trade+1","Acrobatics+1","Dash+1","Night Terror","Catalyst+1","Footwork+1"],"special_seed":0,"relics":["Ring of the Snake","Regal Pillow","The Specimen","Question Card","Ornamental Fan","Mummified Hand","Tiny Chest","Pandora\u0027s Box","Red Mask","Pear","Juzu Bracelet","Nilry\u0027s Codex","Darkstone Periapt","Coffee Dripper","Ancient Tea Set","Potion Belt","Orichalcum","Pocketwatch","Paper Crane","Bag of Preparation"],"potions_floor_usage":[50,50,50,50,50],"damage_taken":[{"damage":5.0,"enemies":"Small Slimes","floor":1.0,"turns":5.0},{"damage":0.0,"enemies":"Jaw Worm","floor":2.0,"turns":3.0},{"damage":1.0,"enemies":"Cultist","floor":4.0,"turns":3.0},{"damage":3.0,"enemies":"Blue Slaver","floor":5.0,"turns":5.0},{"damage":30.0,"enemies":"3 Sentries","floor":6.0,"turns":9.0},{"damage":1.0,"enemies":"2 Fungi Beasts","floor":10.0,"turns":3.0},{"damage":21.0,"enemies":"Gremlin Nob","floor":13.0,"turns":4.0},{"damage":1.0,"enemies":"Looter","floor":14.0,"turns":3.0},{"damage":24.0,"enemies":"The Guardian","floor":16.0,"turns":9.0},{"damage":10.0,"enemies":"2 Thieves","floor":18.0,"turns":3.0},{"damage":0.0,"enemies":"Masked Bandits","floor":19.0,"turns":3.0},{"damage":0.0,"enemies":"Spheric Guardian","floor":20.0,"turns":4.0},{"damage":0.0,"enemies":"Shelled Parasite and Fungi","floor":21.0,"turns":5.0},{"damage":0.0,"enemies":"Centurion and Healer","floor":22.0,"turns":5.0},{"damage":0.0,"enemies":"3 Cultists","floor":24.0,"turns":4.0},{"damage":17.0,"enemies":"Gremlin Leader","floor":25.0,"turns":8.0},{"damage":0.0,"enemies":"Snake Plant","floor":27.0,"turns":4.0},{"damage":3.0,"enemies":"Book of Stabbing","floor":31.0,"turns":5.0},{"damage":1.0,"enemies":"Collector","floor":33.0,"turns":7.0},{"damage":0.0,"enemies":"3 Darklings","floor":35.0,"turns":3.0},{"damage":1.0,"enemies":"Orb Walker","floor":36.0,"turns":3.0},{"damage":0.0,"enemies":"Spire Growth","floor":39.0,"turns":4.0},{"damage":0.0,"enemies":"Giant Head","floor":41.0,"turns":7.0},{"damage":0.0,"enemies":"Jaw Worm Horde","floor":44.0,"turns":3.0},{"damage":12.0,"enemies":"Nemesis","floor":45.0,"turns":5.0},{"damage":21.0,"enemies":"2 Orb Walkers","floor":47.0,"turns":5.0},{"damage":0,"enemies":"Time Eater","floor":50,"turns":8}],"seed_played":"5077367610206433657","potions_obtained":[{"floor":2.0,"key":"Fire Potion"},{"floor":4.0,"key":"GamblersBrew"},{"floor":10.0,"key":"Dexterity Potion"},{"floor":16.0,"key":"EssenceOfSteel"},{"floor":19.0,"key":"Strength Potion"},{"floor":24.0,"key":"SpeedPotion"},{"floor":25.0,"key":"FearPotion"},{"floor":31.0,"key":"LiquidBronze"},{"floor":36.0,"key":"FairyPotion"},{"floor":44.0,"key":"Strength Potion"},{"floor":45.0,"key":"Ancient Potion"}],"is_trial":false,"path_per_floor":["M","M","?","M","M","E","R","T","T","M","$","R","E","M","R","B",null,"M","?","M","M","M","R","M","E","T","M","R","?","R","E","R","B",null,"M","M","?","?","M","R","E","R","T","M","E","R","?","$","R","B",null],"character_chosen":"THE_SILENT","items_purchased":["Mummified Hand","Footwork","Paper Crane","Dexterity Potion","Bag of Preparation"],"campfire_rested":1,"item_purchase_floors":[11,48,48,48,48],"current_hp_per_floor":[65,65,65,64,61,31,31,31,31,30,30,30,9,8,44,20,58,48,48,48,48,48,48,48,41,41,41,41,25,25,22,22,21,65,65,64,64,64,64,64,64,64,64,64,52,52,31,31,31,31],"gold":379,"neow_bonus":"RANDOM_COMMON_RELIC","is_prod":false,"is_daily":false,"chose_seed":false,"campfire_upgraded":10,"win_rate":0,"timestamp":1562753878,"path_taken":["M","M","?","M","M","E","R","?","T","?","?","R","E","M","R","BOSS","M","?","M","M","M","R","M","E","T","M","R","?","R","E","R","BOSS","M","M","?","?","M","R","E","R","T","M","E","R","?","$","R","BOSS"],"build_version":"2019-07-05","purchased_purges":1,"victory":true,"max_hp_per_floor":[70,70,70,70,70,70,70,70,70,70,70,70,70,70,70,70,70,70,70,70,70,70,70,70,80,80,80,80,80,80,80,80,80,80,80,80,76,76,76,76,76,76,76,76,76,76,76,76,76,76],"card_choices":[{"not_picked":["Outmaneuver","Flying Knee"],"picked":"Skewer","floor":1.0},{"not_picked":["Dodge and Roll","Dagger Spray"],"picked":"Sucker Punch","floor":2.0},{"not_picked":["Cloak And Dagger","Reflex"],"picked":"PiercingWail","floor":4.0},{"not_picked":["Deflect","Flying Knee"],"picked":"Bouncing Flask","floor":5.0},{"not_picked":["Underhanded Strike","Sucker Punch","Flying Knee"],"picked":"SKIP","floor":6.0},{"not_picked":["All Out Attack","Reflex","Bane"],"picked":"A Thousand Cuts","floor":10.0},{"not_picked":["Accuracy","Concentrate","Acrobatics","Phantasmal Killer"],"picked":"SKIP","floor":13.0},{"not_picked":["Heel Hook","Flying Knee","PiercingWail","Acrobatics"],"picked":"SKIP","floor":14.0},{"not_picked":["Venomology","Die Die Die","Night Terror"],"picked":"After Image","floor":16.0},{"not_picked":["Flying Knee","Dagger Spray","Skewer"],"picked":"Escape Plan","floor":18.0},{"not_picked":["Expertise","PiercingWail+1","Crippling Poison"],"picked":"Deadly Poison+1","floor":19.0},{"not_picked":["Poisoned Stab","Underhanded Strike","Acrobatics"],"picked":"Distraction+1","floor":20.0},{"not_picked":["PiercingWail+1","Terror","Reflex+1"],"picked":"Blur","floor":21.0},{"not_picked":["Quick Slash","Choke+1","Dodge and Roll","Backflip"],"picked":"SKIP","floor":22.0},{"not_picked":["Underhanded Strike","Skewer","Quick Slash"],"picked":"After Image","floor":24.0},{"not_picked":["PiercingWail+1","Dagger Spray","Dodge and Roll","Quick Slash"],"picked":"SKIP","floor":25.0},{"not_picked":["Choke","Poisoned Stab","Underhanded Strike"],"picked":"Bouncing Flask+1","floor":27.0},{"not_picked":["PiercingWail+1","Flying Knee","Dodge and Roll"],"picked":"Acrobatics+1","floor":31.0},{"not_picked":["Storm of Steel","Burst","Grand Finale"],"picked":"Tools of the Trade","floor":33.0},{"not_picked":["Accuracy","Masterful Stab+1","Outmaneuver","Flechettes+1"],"picked":"SKIP","floor":35.0},{"not_picked":["Sucker Punch","Slice+1","Distraction"],"picked":"Acrobatics+1","floor":36.0},{"not_picked":["Quick Slash+1","Backflip+1","Heel Hook+1"],"picked":"Dash+1","floor":39.0},{"not_picked":["Prepared","Deflect+1","Deadly Poison+1","Riddle With Holes+1"],"picked":"SKIP","floor":41.0},{"not_picked":["Flying Knee+1","Blade Dance","Calculated Gamble"],"picked":"Night Terror","floor":44.0},{"not_picked":["Calculated Gamble","Flying Knee","All Out Attack+1"],"picked":"Catalyst+1","floor":45.0}],"player_experience":649456,"relics_obtained":[{"floor":6.0,"key":"The Specimen"},{"floor":8.0,"key":"Question Card"},{"floor":9.0,"key":"Ornamental Fan"},{"floor":13.0,"key":"Tiny Chest"},{"floor":19.0,"key":"Red Mask"},{"floor":25.0,"key":"Pear"},{"floor":26.0,"key":"Juzu Bracelet"},{"floor":29.0,"key":"Nilry\u0027s Codex"},{"floor":31.0,"key":"Darkstone Periapt"},{"floor":41.0,"key":"Ancient Tea Set"},{"floor":43.0,"key":"Potion Belt"},{"floor":45.0,"key":"Orichalcum"},{"floor":47.0,"key":"Pocketwatch"}],"event_choices":[{"damage_healed":0.0,"max_hp_gain":0.0,"max_hp_loss":0.0,"gold_gain":0.0,"event_name":"Liars Game","player_choice":"Ignored","floor":3.0,"gold_loss":0.0,"damage_taken":0.0},{"damage_healed":0.0,"max_hp_gain":0.0,"max_hp_loss":0.0,"gold_gain":0.0,"event_name":"Masked Bandits","player_choice":"Fought Bandits","floor":19.0,"gold_loss":0.0,"damage_taken":0.0},{"damage_healed":0.0,"max_hp_gain":0.0,"max_hp_loss":0.0,"gold_gain":0.0,"event_name":"Cursed Tome","player_choice":"Obtained Book","floor":29.0,"gold_loss":0.0,"damage_taken":16.0},{"damage_healed":0.0,"max_hp_gain":0.0,"max_hp_loss":4.0,"gold_gain":0.0,"event_name":"Winding Halls","player_choice":"Max HP","floor":37.0,"gold_loss":0.0,"damage_taken":0.0},{"damage_healed":0.0,"max_hp_gain":0.0,"max_hp_loss":0.0,"gold_gain":222.0,"event_name":"Tomb of Lord Red Mask","player_choice":"Wore Mask","floor":38.0,"gold_loss":0.0,"damage_taken":0.0},{"damage_healed":0.0,"max_hp_gain":0.0,"max_hp_loss":0.0,"gold_gain":0.0,"event_name":"Mysterious Sphere","player_choice":"Fight","floor":47.0,"gold_loss":0.0,"damage_taken":0.0}],"is_beta":false,"boss_relics":[{"not_picked":["Calling Bell","Orrery"],"picked":"Pandora\u0027s Box"},{"not_picked":["Runic Dome","Black Star"],"picked":"Coffee Dripper"}],"items_purged_floors":[48],"is_endless":false,"potions_floor_spawned":[2,4,10,16,19,24,25,31,36,44,45],"ascension_level":5}