{"gold_per_floor":[109,119,130,55,74,74,24,24,24,41,60,94,269,289,289,393,393,411,510,510,524,524],"floor_reached":22,"playtime":1265,"items_purged":["Strike_B"],"score":213,"play_id":"13b5c628-92c3-4e3a-865c-90503560449f","local_time":"20180626073926","is_ascension_mode":false,"campfire_choices":[{"data":"Zap","floor":6,"key":"SMITH"},{"data":"Hologram","floor":8,"key":"SMITH"},{"floor":15,"key":"REST"}],"neow_cost":"FIFTY_PERCENT_DAMAGE","seed_source_timestamp":682087314258438,"circlet_count":0,"master_deck":["Strike_B","Strike_B","Defend_B","Defend_B","Defend_B","Defend_B","Zap+1","Dualcast","Hologram+1","Static Discharge","Leap","Capacitor","Biased Cognition","Doubt","Ball Lightning","Echo Form","Panacea","Flash of Steel","Panacea","Mind Blast","Deep Breath","Dramatic Entrance","Sunder"],"relics":["Cracked Core","Darkstone Periapt","Art of War","Lizard Tail"],"potions_floor_usage":[16,21,22],"damage_taken":[{"damage":0,"enemies":"2 Louse","floor":1,"turns":2},{"damage":0,"enemies":"Small Slimes","floor":2,"turns":3},{"damage":0,"enemies":"Cultist","floor":3,"turns":4},{"damage":4,"enemies":"Exordium Wildlife","floor":5,"turns":3},{"damage":1,"enemies":"Looter","floor":10,"turns":4},{"damage":17,"enemies":"Gremlin Gang","floor":11,"turns":5},{"damage":14,"enemies":"Gremlin Nob","floor":12,"turns":4},{"damage":2,"enemies":"Blue Slaver","floor":14,"turns":3},{"damage":16,"enemies":"Slime Boss","floor":16,"turns":4},{"damage":19,"enemies":"Spheric Guardian","floor":18,"turns":7},{"damage":17,"enemies":"2 Thieves","floor":21,"turns":3},{"damage":58,"enemies":"3 Cultists","floor":22,"turns":4}],"seed_played":"-5118168894906626971","potions_obtained":[{"floor":3,"key":"SkillPotion"},{"floor":10,"key":"Dexterity Potion"},{"floor":16,"key":"Weak Potion"},{"floor":21,"key":"Fire Potion"}],"is_trial":false,"path_per_floor":["M","M","M","$","M","R","?","R","T","M","M","E","?","M","R","B",null,"M","?","?","M"],"character_chosen":"DEFECT","items_purchased":[],"campfire_rested":1,"item_purchase_floors":[],"current_hp_per_floor":[45,45,45,45,41,41,41,41,41,40,23,9,15,13,41,25,95,76,76,13,47,0],"gold":524,"neow_bonus":"TWENTY_PERCENT_HP_BONUS","is_prod":false,"is_daily":false,"chose_seed":false,"campfire_upgraded":2,"win_rate":0,"timestamp":1530013166,"path_taken":["M","M","M","$","M","R","?","R","T","M","M","E","?","M","R","BOSS","M","?","?","?","M"],"build_version":"2018-06-21v2","purchased_purges":1,"victory":false,"max_hp_per_floor":[89,89,89,89,89,89,89,89,89,89,89,89,95,95,95,95,95,95,95,95,95,95],"card_choices":[{"not_picked":["Go for the Eyes","Doom and Gloom"],"picked":"Hologram","floor":1},{"not_picked":["Lockon","Doom and Gloom"],"picked":"Static Discharge","floor":2},{"not_picked":["Rebound","Turbo"],"picked":"Leap","floor":3},{"not_picked":["Blizzard","BootSequence"],"picked":"Capacitor","floor":5},{"not_picked":["Conserve Battery","Sweeping Beam"],"picked":"Biased Cognition","floor":10},{"not_picked":["Beam Cell","Static Discharge","Compile Driver"],"picked":"SKIP","floor":11},{"not_picked":["Streamline","Rebound","Force Field"],"picked":"SKIP","floor":12},{"not_picked":["Coolheaded","Aggregate"],"picked":"Ball Lightning","floor":14},{"not_picked":["All For One","Thunder Strike"],"picked":"Echo Form","floor":16},{"not_picked":["Streamline+1","Scrape","Redo+1"],"picked":"SKIP","floor":18},{"not_picked":["Hologram","Recycle"],"picked":"Sunder","floor":21}],"player_experience":77755,"relics_obtained":[{"floor":9,"key":"Darkstone Periapt"},{"floor":12,"key":"Art of War"}],"event_choices":[{"event_name":"The Cleric","player_choice":"Card Removal","floor":7,"damage_taken":0},{"event_name":"Liars Game","player_choice":"agreed","floor":13,"damage_taken":0},{"event_name":"Nest","player_choice":"Stole From Cult","floor":19,"damage_taken":0},{"event_name":"Knowing Skull","player_choice":"CARD CARD CARD CARD CARD CARD ","floor":20,"damage_taken":0}],"boss_relics":[{"not_picked":["Tiny House","Eternal Feather"],"picked":"Lizard Tail"}],"items_purged_floors":[4],"is_endless":false,"potions_floor_spawned":[3,10,16,21],"killed_by":"3 Cultists","ascension_level":0}