{"gold_per_floor":[110,128,140,158,40,69,69,99,124,124,144,160,160,170,170,270,270,285,304,321,331,291,310,310,336,362,379,391,391,391],"floor_reached":30,"playtime":2293,"items_purged":[],"score":279,"play_id":"ae1f80bc-72c1-4153-a75b-3d52daa3fde2","local_time":"20190711073257","is_ascension_mode":true,"campfire_choices":[{"floor":7,"key":"REST"},{"data":"Corruption","floor":10,"key":"SMITH"},{"floor":13,"key":"REST"},{"data":"Armaments","floor":15,"key":"SMITH"},{"floor":24,"key":"REST"}],"neow_cost":"NONE","seed_source_timestamp":94037947383797,"circlet_count":0,"master_deck":["Strike_R","Strike_R+1","Strike_R","Strike_R","Strike_R","Defend_R","Defend_R","Defend_R","Defend_R","Bash+1","Combust+1","Heavy Blade","Corruption+1","Evolve","Shrug It Off","Rage","Wild Strike","Second Wind","Flame Barrier","Armaments+1","Armaments","Immolate","Inflame","Whirlwind","Rupture","Reckless Charge","Fire Breathing","Iron Wave+1","Reckless Charge+1","Flex"],"relics":["Burning Blood","Mercury Hourglass","Lantern","Odd Mushroom","Lizard Tail","Orichalcum","Vajra","NlothsMask"],"potions_floor_usage":[4,4,11,16,16,19,19,20,21],"damage_taken":[{"damage":1,"enemies":"Cultist","floor":1,"turns":3},{"damage":0,"enemies":"Small Slimes","floor":2,"turns":4},{"damage":3,"enemies":"2 Louse","floor":3,"turns":2},{"damage":18,"enemies":"Gremlin Gang","floor":4,"turns":4},{"damage":25,"enemies":"Lagavulin","floor":6,"turns":7},{"damage":27,"enemies":"Gremlin Nob","floor":8,"turns":4},{"damage":14,"enemies":"The Mushroom Lair","floor":11,"turns":3},{"damage":14,"enemies":"Large Slime","floor":12,"turns":6},{"damage":3,"enemies":"Blue Slaver","floor":14,"turns":3},{"damage":39,"enemies":"Slime Boss","floor":16,"turns":9},{"damage":17,"enemies":"2 Thieves","floor":18,"turns":4},{"damage":3,"enemies":"Chosen","floor":19,"turns":4},{"damage":16,"enemies":"Snecko","floor":20,"turns":5},{"damage":22,"enemies":"Cultist and Chosen","floor":21,"turns":6},{"damage":30,"enemies":"Shelled Parasite and Fungi","floor":23,"turns":6},{"damage":70,"enemies":"Gremlin Leader","floor":25,"turns":8},{"damage":21,"enemies":"Snake Plant","floor":27,"turns":4},{"damage":6,"enemies":"Cultist and Chosen","floor":28,"turns":5},{"damage":18,"enemies":"Snecko","floor":30,"turns":4}],"seed_played":"-7139773662262591202","potions_obtained":[{"floor":1,"key":"Weak Potion"},{"floor":3,"key":"EssenceOfSteel"},{"floor":6,"key":"Explosive Potion"},{"floor":11,"key":"SpeedPotion"},{"floor":14,"key":"AttackPotion"},{"floor":16,"key":"Dexterity Potion"},{"floor":18,"key":"Energy Potion"},{"floor":19,"key":"GamblersBrew"},{"floor":20,"key":"PowerPotion"}],"is_trial":false,"path_per_floor":["M","M","M","M","$","E","R","E","T","R","?","M","R","M","R","B",null,"M","M","M","M","?","M","R","E","T","M","M","?","M"],"character_chosen":"IRONCLAD","items_purchased":["Shrug It Off","Rage"],"campfire_rested":3,"item_purchase_floors":[5,5],"current_hp_per_floor":[80,80,80,68,68,49,73,52,52,52,44,36,60,63,63,30,80,69,72,62,46,46,22,46,25,25,10,10,10,0],"gold":391,"neow_bonus":"UPGRADE_CARD","is_prod":false,"is_daily":false,"chose_seed":false,"campfire_upgraded":2,"win_rate":0,"timestamp":1562855577,"path_taken":["M","M","M","M","?","E","R","E","T","R","?","M","R","M","R","BOSS","M","M","M","M","?","M","R","E","T","?","M","?","?"],"build_version":"2019-07-05","purchased_purges":0,"victory":false,"max_hp_per_floor":[80,80,80,80,80,80,80,80,80,80,80,80,80,80,80,80,80,80,80,80,80,80,80,80,80,80,80,80,80,80],"card_choices":[{"not_picked":["Power Through","Hemokinesis"],"picked":"Combust","floor":1},{"not_picked":["Intimidate","Havoc"],"picked":"Heavy Blade","floor":2},{"not_picked":["Clothesline","Clash"],"picked":"Corruption","floor":3},{"not_picked":["Clash","Iron Wave"],"picked":"Evolve","floor":4},{"not_picked":["Dropkick","Body Slam"],"picked":"Wild Strike","floor":6},{"not_picked":["Hemokinesis","Pommel Strike"],"picked":"Second Wind","floor":8},{"not_picked":["Carnage","Heavy Blade"],"picked":"Flame Barrier","floor":11},{"not_picked":["Havoc","Heavy Blade"],"picked":"Armaments","floor":12},{"not_picked":["Sever Soul","Heavy Blade"],"picked":"Armaments","floor":14},{"not_picked":["Juggernaut","Reaper"],"picked":"Immolate","floor":16},{"not_picked":["Clash","Body Slam"],"picked":"Inflame","floor":18},{"not_picked":["Sever Soul","Flex"],"picked":"Whirlwind","floor":19},{"not_picked":["Flex","Power Through"],"picked":"Rupture","floor":20},{"not_picked":["Body Slam","Infernal Blade+1"],"picked":"Reckless Charge","floor":21},{"not_picked":["Wild Strike","Havoc"],"picked":"Fire Breathing","floor":23},{"not_picked":["Bloodletting","Clash"],"picked":"Iron Wave+1","floor":25},{"not_picked":["Havoc+1","Clash+1"],"picked":"Reckless Charge+1","floor":27},{"not_picked":["Carnage+1","Clash"],"picked":"Flex","floor":28}],"player_experience":269270,"relics_obtained":[{"floor":6,"key":"Mercury Hourglass"},{"floor":8,"key":"Lantern"},{"floor":11,"key":"Odd Mushroom"},{"floor":25,"key":"Orichalcum"},{"floor":26,"key":"Vajra"}],"event_choices":[{"damage_healed":0,"gold_gain":0,"player_choice":"Fought Mushrooms","damage_taken":0,"max_hp_gain":0,"max_hp_loss":0,"event_name":"Mushrooms","floor":11,"gold_loss":0},{"damage_healed":0,"gold_gain":0,"player_choice":"Upgraded Two","damage_taken":0,"max_hp_gain":0,"max_hp_loss":0,"event_name":"Designer","floor":22,"gold_loss":40,"cards_upgraded":["Combust","Strike_R"]},{"damage_healed":0,"gold_gain":0,"player_choice":"Trade","damage_taken":0,"relics_obtained":["NlothsMask"],"max_hp_gain":0,"max_hp_loss":0,"event_name":"FaceTrader","floor":29,"gold_loss":0}],"is_beta":false,"boss_relics":[{"not_picked":["Calling Bell","Velvet Choker"],"picked":"Lizard Tail"}],"items_purged_floors":[],"is_endless":false,"potions_floor_spawned":[1,3,6,11,14,16,18,19,20],"killed_by":"Snecko","ascension_level":1}