{"gold_per_floor":[111,111,36,46,62,89,89,117,117,117,133,133,133,133,133,133],"floor_reached":16,"playtime":633,"items_purged":["Strike_R"],"score":157,"play_id":"2b00b181-4a28-4722-99b7-34968d7e6914","local_time":"20190601072018","is_ascension_mode":true,"campfire_choices":[{"floor":7,"key":"REST"},{"floor":10,"key":"REST"},{"data":"True Grit","floor":13,"key":"SMITH"},{"data":"Clothesline","floor":15,"key":"SMITH"}],"neow_cost":"NONE","seed_source_timestamp":70305092827938,"circlet_count":0,"master_deck":["Strike_R+1","Strike_R","Strike_R","Strike_R","Defend_R","Defend_R","Defend_R","Defend_R","Bash","Immolate+1","Clothesline+1","Warcry","Shrug It Off","True Grit+1","Intimidate","Injury","Regret"],"relics":["Burning Blood","Happy Flower","Bottled Flame","Golden Idol","Orichalcum"],"potions_floor_usage":[8],"damage_taken":[{"damage":0,"enemies":"Small Slimes","floor":1,"turns":2},{"damage":2,"enemies":"Jaw Worm","floor":4,"turns":3},{"damage":6,"enemies":"2 Louse","floor":5,"turns":3},{"damage":46,"enemies":"Lagavulin","floor":6,"turns":7},{"damage":30,"enemies":"Gremlin Nob","floor":8,"turns":5},{"damage":0,"enemies":"Lots of Slimes","floor":11,"turns":1},{"damage":60,"enemies":"The Guardian","floor":16,"turns":15}],"seed_played":"-8135230002740801440","potions_obtained":[{"floor":6,"key":"AttackPotion"}],"is_trial":false,"path_per_floor":["M","?","$","M","M","E","R","E","T","R","M","?","R","?","R","B"],"character_chosen":"IRONCLAD","items_purchased":[],"campfire_rested":2,"item_purchase_floors":[],"current_hp_per_floor":[78,62,62,66,66,26,50,26,26,50,56,56,56,56,56,0],"gold":133,"neow_bonus":"ONE_RANDOM_RARE_CARD","is_prod":false,"is_daily":false,"chose_seed":false,"campfire_upgraded":2,"win_rate":0,"timestamp":1559388018,"path_taken":["M","?","$","M","M","E","R","E","T","R","M","?","R","?","R","BOSS"],"build_version":"2019-01-23","purchased_purges":1,"victory":false,"max_hp_per_floor":[80,80,80,80,80,80,80,80,80,80,80,80,80,80,80,80],"card_choices":[{"not_picked":["Armaments","Combust"],"picked":"Clothesline","floor":1},{"not_picked":["Cleave","Clothesline","Headbutt"],"picked":"SKIP","floor":4},{"not_picked":["Cleave","Heavy Blade"],"picked":"Warcry","floor":5},{"not_picked":["Pummel","Twin Strike"],"picked":"Shrug It Off","floor":6},{"not_picked":["Havoc","Reckless Charge"],"picked":"True Grit","floor":8},{"not_picked":["Perfected Strike","Sentinel"],"picked":"Intimidate","floor":11}],"player_experience":331135,"relics_obtained":[{"floor":6,"key":"Happy Flower"},{"floor":8,"key":"Bottled Flame"}],"event_choices":[{"damage_healed":0,"gold_gain":0,"player_choice":"Entered Light","damage_taken":16,"max_hp_gain":0,"max_hp_loss":0,"event_name":"Shining Light","floor":2,"gold_loss":0,"cards_upgraded":["Strike_R","Immolate"]},{"damage_healed":0,"gold_gain":0,"player_choice":"Take Wound","damage_taken":0,"relics_obtained":["Golden Idol"],"max_hp_gain":0,"max_hp_loss":0,"event_name":"Golden Idol","floor":12,"gold_loss":0,"cards_obtained":["Injury"]},{"damage_healed":0,"gold_gain":0,"player_choice":"Box","damage_taken":0,"relics_obtained":["Orichalcum"],"max_hp_gain":0,"max_hp_loss":0,"event_name":"Big Fish","floor":14,"gold_loss":0,"cards_obtained":["Regret"]}],"is_beta":false,"boss_relics":[],"items_purged_floors":[3],"is_endless":false,"potions_floor_spawned":[6],"killed_by":"The Guardian","ascension_level":9}