{"gold_per_floor":[119,119,139,155,155,155,180,207,230,11,11,30,46,73,73,173,173,193,208,224,224,224,224,324,324,400,431,431,459,337,351,351,351],"floor_reached":33,"playtime":1709,"items_purged":["Pain","Clash"],"score":391,"play_id":"df9f3a37-5b5d-4bd2-b851-94c364176386","local_time":"20190717170904","is_ascension_mode":true,"campfire_choices":[{"data":"Entrench","floor":6.0,"key":"SMITH"},{"floor":11.0,"key":"REST"},{"data":"Perfected Strike","floor":15.0,"key":"SMITH"},{"floor":23.0,"key":"RECALL"},{"data":"Clash","floor":25,"key":"SMITH"},{"floor":28,"key":"REST"},{"data":"Pommel Strike","floor":32,"key":"SMITH"}],"neow_cost":"NONE","seed_source_timestamp":342251489885173,"circlet_count":0,"master_deck":["Strike_R","Strike_R","Strike_R","Strike_R","Strike_R","Defend_R","Defend_R+1","Defend_R","Defend_R","Bash+1","Perfected Strike+1","Clash+1","Entrench+1","Reaper","Body Slam","Ghostly","Ghostly","Ghostly","Ghostly","Ghostly","Shrug It Off+1","Pommel Strike+1","Cleave"],"special_seed":0,"relics":["Burning Blood","NeowsBlessing","WarpedTongs","Vajra","Lantern","Pen Nib","Bag of Marbles","Bronze Scales","Snecko Eye","Kunai","Juzu Bracelet","Blood Vial"],"potions_floor_usage":[27,33],"damage_taken":[{"damage":0.0,"enemies":"2 Louse","floor":1.0,"turns":1.0},{"damage":1.0,"enemies":"Cultist","floor":3.0,"turns":1.0},{"damage":0.0,"enemies":"Jaw Worm","floor":4.0,"turns":1.0},{"damage":34.0,"enemies":"Lagavulin","floor":7.0,"turns":7.0},{"damage":3.0,"enemies":"Blue Slaver","floor":12.0,"turns":2.0},{"damage":5.0,"enemies":"Gremlin Gang","floor":13.0,"turns":4.0},{"damage":0.0,"enemies":"Gremlin Nob","floor":14.0,"turns":3.0},{"damage":45.0,"enemies":"Slime Boss","floor":16.0,"turns":9.0},{"damage":0.0,"enemies":"3 Byrds","floor":18.0,"turns":3.0},{"damage":17.0,"enemies":"Spheric Guardian","floor":19.0,"turns":4.0},{"damage":1.0,"enemies":"Cultist and Chosen","floor":20.0,"turns":3.0},{"damage":32,"enemies":"Book of Stabbing","floor":27,"turns":5},{"damage":2,"enemies":"Gremlin Leader","floor":29,"turns":5},{"damage":0,"enemies":"Snake Plant","floor":31,"turns":4},{"damage":51,"enemies":"Automaton","floor":33,"turns":8}],"seed_played":"3491571146911542795","potions_obtained":[{"floor":3.0,"key":"Ancient Potion"},{"floor":4.0,"key":"Swift Potion"},{"floor":7.0,"key":"AttackPotion"},{"floor":16.0,"key":"FearPotion"},{"floor":19.0,"key":"GamblersBrew"}],"is_trial":false,"path_per_floor":["M","?","M","M","?","R","E","T","T","$","R","M","M","E","R","B",null,"M","M","M","?","?","R","?","R","T","E","R","E","$","M","R","B"],"character_chosen":"IRONCLAD","items_purchased":["Bag of Marbles","Pommel Strike"],"campfire_rested":2,"item_purchase_floors":[10,30],"current_hp_per_floor":[80,80,80,80,64,64,36,36,36,36,60,63,64,70,70,31,80,80,69,80,80,40,40,40,40,40,23,35,40,40,40,40,0],"gold":351,"neow_bonus":"THREE_ENEMY_KILL","is_prod":false,"is_daily":false,"chose_seed":false,"campfire_upgraded":4,"win_rate":0,"timestamp":1563376144,"path_taken":["M","?","?","M","?","R","E","?","T","?","R","?","M","E","R","BOSS","M","M","M","?","?","R","?","R","T","E","R","E","$","M","R","BOSS"],"build_version":"2019-07-05","purchased_purges":2,"victory":false,"max_hp_per_floor":[80,80,80,80,80,80,80,80,80,80,80,80,80,80,80,80,80,80,80,80,80,40,40,40,40,40,40,40,40,40,40,40,40],"card_choices":[{"not_picked":["Heavy Blade","Dual Wield"],"picked":"Perfected Strike","floor":1.0},{"not_picked":["Rampage","Thunderclap"],"picked":"Clash","floor":3.0},{"not_picked":["Rupture","Reckless Charge"],"picked":"Entrench","floor":4.0},{"not_picked":["Clothesline","Rampage","Berserk"],"picked":"SKIP","floor":7.0},{"not_picked":["Heavy Blade","Wild Strike","Burning Pact"],"picked":"SKIP","floor":12.0},{"not_picked":["Flex","Corruption"],"picked":"Clash","floor":13.0},{"not_picked":["Metallicize","Twin Strike","Thunderclap"],"picked":"SKIP","floor":14.0},{"not_picked":["Demon Form","Bludgeon"],"picked":"Reaper","floor":16.0},{"not_picked":["Entrench","Warcry+1"],"picked":"Body Slam","floor":18.0},{"not_picked":["Warcry","Body Slam","Wild Strike"],"picked":"SKIP","floor":19.0},{"not_picked":["Shrug It Off","Hemokinesis","True Grit"],"picked":"SKIP","floor":20.0},{"not_picked":["Berserk","Wild Strike","Armaments"],"picked":"SKIP","floor":27},{"not_picked":["Dual Wield","Headbutt"],"picked":"Shrug It Off+1","floor":29},{"not_picked":["Shrug It Off+1","Perfected Strike"],"picked":"Cleave","floor":31}],"player_experience":196382,"relics_obtained":[{"floor":7.0,"key":"Vajra"},{"floor":8.0,"key":"Lantern"},{"floor":9.0,"key":"Pen Nib"},{"floor":14.0,"key":"Bronze Scales"},{"floor":26,"key":"Kunai"},{"floor":27,"key":"Juzu Bracelet"},{"floor":29,"key":"Blood Vial"}],"event_choices":[{"damage_healed":0.0,"max_hp_gain":0.0,"max_hp_loss":0.0,"gold_gain":0.0,"event_name":"Accursed Blacksmith","player_choice":"Rummage","floor":2.0,"gold_loss":0.0,"damage_taken":0.0,"relics_obtained":["WarpedTongs"],"cards_obtained":["Pain"]},{"damage_healed":0.0,"max_hp_gain":0.0,"max_hp_loss":0.0,"gold_gain":0.0,"event_name":"Shining Light","player_choice":"Entered Light","floor":5.0,"gold_loss":0.0,"damage_taken":16.0,"cards_upgraded":["Defend_R","Bash"]},{"damage_healed":0.0,"max_hp_gain":0.0,"max_hp_loss":0.0,"gold_gain":0.0,"event_name":"Vampires","player_choice":"Ignored","floor":21.0,"gold_loss":0.0,"damage_taken":0.0},{"damage_healed":0.0,"max_hp_gain":0.0,"max_hp_loss":40.0,"gold_gain":0.0,"event_name":"Ghosts","player_choice":"Became a Ghost","floor":22.0,"gold_loss":0.0,"damage_taken":0.0,"cards_obtained":["Ghostly","Ghostly","Ghostly","Ghostly","Ghostly"]},{"damage_healed":0.0,"max_hp_gain":0.0,"max_hp_loss":0.0,"gold_gain":100.0,"event_name":"Golden Shrine","player_choice":"Pray","floor":24.0,"gold_loss":0.0,"damage_taken":0.0}],"is_beta":false,"boss_relics":[{"not_picked":["Black Blood","Runic Dome"],"picked":"Snecko Eye"}],"items_purged_floors":[10,30],"is_endless":false,"potions_floor_spawned":[3,4,7,12,16,19],"killed_by":"Automaton","ascension_level":3}