{"gold_per_floor":[111,111,124,124,49,49,74,112,112,112,125,125,148,148,148,238,238,251,267,692,56,75,75,111,111,157,197,197,52,75,75,75,164,164,183,183,58,79,79,79,115,115,115,390,404,404,445,43,43,43],"floor_reached":51,"playtime":2500,"items_purged":["Strike_R","Bash","Strike_R"],"score":1331,"play_id":"cf3325b6-413b-4323-b210-ba70001ca118","local_time":"20181018215121","is_ascension_mode":true,"campfire_choices":[{"data":"Fiend Fire","floor":6,"key":"SMITH"},{"data":"Body Slam","floor":10,"key":"SMITH"},{"data":"Anger","floor":12,"key":"SMITH"},{"data":"True Grit","floor":15,"key":"SMITH"},{"data":"True Grit","floor":23,"key":"SMITH"},{"data":"Inflame","floor":25,"key":"SMITH"},{"data":"Warcry","floor":28,"key":"SMITH"},{"data":"Pommel Strike","floor":32,"key":"SMITH"},{"data":"Demon Form","floor":40,"key":"SMITH"},{"data":"Flame Barrier","floor":42,"key":"SMITH"},{"data":"Entrench","floor":46,"key":"SMITH"},{"data":"Rage","floor":49,"key":"SMITH"}],"neow_cost":"NONE","seed_source_timestamp":4264106561413,"circlet_count":0,"master_deck":["Strike_R","Strike_R","Strike_R","Defend_R","Defend_R","Defend_R","Defend_R","Bash+1","AscendersBane","Anger+1","Power Through","Fiend Fire+1","Body Slam+1","Battle Trance","True Grit+1","Offering","Warcry+1","Shrug It Off","Battle Trance","Shrug It Off","True Grit+1","Blind","Inflame+1","Pommel Strike+1","Dual Wield+1","Seeing Red+1","Feed","Rage+1","Infernal Blade+1","Ghostly","Ghostly","Ghostly","Ghostly","Ghostly","Demon Form+1","Shockwave+1","Dark Shackles","Flash of Steel","Pommel Strike+1","Flame Barrier+1","Entrench+1","Impervious"],"special_seed":0,"relics":["Burning Blood","Golden Idol","Blue Candle","Sundial","Vajra","Runic Dome","Old Coin","Bottled Lightning","Oddly Smooth Stone","Art of War","Omamori","Lantern","Mercury Hourglass","Coffee Dripper","Mango","Boot","Juzu Bracelet","Membership Card","Torii"],"potions_floor_usage":[11,16,16,20,38],"damage_taken":[{"damage":1,"enemies":"Cultist","floor":1,"turns":3},{"damage":7,"enemies":"Small Slimes","floor":3,"turns":3},{"damage":0,"enemies":"Jaw Worm","floor":7,"turns":1},{"damage":25,"enemies":"3 Sentries","floor":8,"turns":11},{"damage":7,"enemies":"Exordium Thugs","floor":11,"turns":3},{"damage":0,"enemies":"Large Slime","floor":13,"turns":4},{"damage":11,"enemies":"Slime Boss","floor":16,"turns":10},{"damage":0,"enemies":"Spheric Guardian","floor":18,"turns":3},{"damage":12,"enemies":"Chosen","floor":19,"turns":2},{"damage":7,"enemies":"Colosseum Slavers","floor":20,"turns":3},{"damage":41,"enemies":"Colosseum Nobs","floor":20,"turns":4},{"damage":0,"enemies":"Snake Plant","floor":22,"turns":3},{"damage":31,"enemies":"Slavers","floor":24,"turns":7},{"damage":6,"enemies":"Book of Stabbing","floor":27,"turns":3},{"damage":0,"enemies":"Centurion and Healer","floor":30,"turns":4},{"damage":19,"enemies":"Collector","floor":33,"turns":11},{"damage":29,"enemies":"3 Darklings","floor":35,"turns":7},{"damage":4,"enemies":"3 Shapes","floor":38,"turns":9},{"damage":8,"enemies":"2 Orb Walkers","floor":41,"turns":6},{"damage":0,"enemies":"Maw","floor":45,"turns":6},{"damage":13,"enemies":"Giant Head","floor":47,"turns":8},{"damage":22,"enemies":"Donu and Deca","floor":50,"turns":8}],"seed_played":"-821648008499381219","potions_obtained":[{"floor":3,"key":"Weak Potion"},{"floor":7,"key":"Poison Potion"},{"floor":13,"key":"Poison Potion"},{"floor":16,"key":"Regen Potion"},{"floor":19,"key":"FairyPotion"},{"floor":24,"key":"Energy Potion"},{"floor":35,"key":"Regen Potion"},{"floor":45,"key":"FairyPotion"}],"is_trial":false,"path_per_floor":["M","?","M","?","$","R","M","E","T","R","M","R","M","?","R","B",null,"M","M","?","$","M","R","E","R","T","E","R","$","M","?","R","B",null,"M","?","$","M","$","R","E","R","T","?","M","R","E","$","R","B"],"character_chosen":"IRONCLAD","items_purchased":["Shrug It Off","Oddly Smooth Stone","True Grit","Blind","Art of War","Inflame","Feed","Rage","Membership Card","Impervious","Torii"],"campfire_rested":0,"item_purchase_floors":[21,21,21,21,21,21,29,29,48,48,48],"current_hp_per_floor":[73,47,46,46,46,46,52,33,33,33,32,32,38,33,33,28,63,69,63,39,39,45,45,20,20,20,20,20,20,29,29,29,19,36,16,6,6,26,26,26,41,41,41,41,47,47,40,40,40,24],"gold":43,"neow_bonus":"UPGRADE_CARD","is_prod":false,"is_daily":false,"chose_seed":false,"campfire_upgraded":12,"win_rate":0,"timestamp":1539913881,"path_taken":["M","?","M","?","$","R","M","E","T","R","M","R","?","?","R","BOSS","M","M","?","?","M","R","E","R","T","E","R","$","?","?","R","BOSS","M","?","?","?","$","R","E","R","T","?","M","R","E","$","R","BOSS"],"build_version":"2018-10-11","purchased_purges":3,"victory":true,"max_hp_per_floor":[75,75,75,75,75,75,75,75,75,75,75,75,75,75,75,75,75,75,75,75,75,75,75,75,75,75,75,75,75,78,39,39,42,42,45,45,45,48,48,48,65,65,65,65,65,65,65,65,65,65],"card_choices":[{"not_picked":["Burning Pact","Iron Wave"],"picked":"Anger","floor":1},{"not_picked":["Iron Wave","Perfected Strike"],"picked":"Power Through","floor":3},{"not_picked":["Disarm","Armaments"],"picked":"Body Slam","floor":7},{"not_picked":["Hemokinesis","Flex","Rupture"],"picked":"SKIP","floor":8},{"not_picked":["Second Wind","Body Slam"],"picked":"Battle Trance","floor":11},{"not_picked":["Anger","Flex"],"picked":"True Grit","floor":13},{"not_picked":["Bludgeon","Impervious"],"picked":"Offering","floor":16},{"not_picked":["Flex","Clothesline"],"picked":"Warcry","floor":18},{"not_picked":["Clothesline+1","Wild Strike"],"picked":"Shrug It Off","floor":19},{"not_picked":["Body Slam","Twin Strike"],"picked":"Battle Trance","floor":20},{"not_picked":["True Grit","Clash"],"picked":"Pommel Strike","floor":22},{"not_picked":["True Grit","Intimidate"],"picked":"Dual Wield+1","floor":24},{"not_picked":["Flame Barrier","Heavy Blade"],"picked":"Seeing Red+1","floor":27},{"not_picked":["Iron Wave","Sword Boomerang"],"picked":"Infernal Blade+1","floor":30},{"not_picked":["Fiend Fire","Berserk"],"picked":"Demon Form","floor":33},{"not_picked":["True Grit","Sever Soul"],"picked":"Shockwave+1","floor":35},{"not_picked":["Madness","Good Instincts"],"picked":"Dark Shackles","floor":36},{"not_picked":["Jack Of All Trades","Swift Strike"],"picked":"Flash of Steel","floor":36},{"not_picked":["Sever Soul","Shockwave+1"],"picked":"Pommel Strike+1","floor":38},{"not_picked":["Feed","Havoc"],"picked":"Flame Barrier","floor":41},{"not_picked":["Wild Strike","Pommel Strike"],"picked":"Entrench","floor":45},{"not_picked":["True Grit","Burning Pact","Anger"],"picked":"SKIP","floor":47}],"player_experience":923130,"relics_obtained":[{"floor":8,"key":"Blue Candle"},{"floor":9,"key":"Sundial"},{"floor":20,"key":"Old Coin"},{"floor":20,"key":"Bottled Lightning"},{"floor":24,"key":"Omamori"},{"floor":26,"key":"Lantern"},{"floor":27,"key":"Mercury Hourglass"},{"floor":41,"key":"Mango"},{"floor":43,"key":"Boot"},{"floor":47,"key":"Juzu Bracelet"}],"event_choices":[{"event_name":"Golden Idol","player_choice":"Take Damage","floor":2,"damage_taken":0},{"event_name":"Match and Keep!","player_choice":"2 cards matched","floor":4,"damage_taken":0},{"event_name":"Scrap Ooze","player_choice":"success","floor":14,"damage_taken":5},{"event_name":"Colosseum","player_choice":"Fight","floor":20,"damage_taken":0},{"event_name":"Colosseum","player_choice":"Fought Nobs","floor":20,"damage_taken":0},{"event_name":"Ghosts","player_choice":"Became a Ghost","floor":31,"damage_taken":0},{"event_name":"SensoryStone","player_choice":"Memory 3","floor":36,"damage_taken":0},{"event_name":"Golden Shrine","player_choice":"Desecrate","floor":44,"damage_taken":0}],"is_beta":false,"boss_relics":[{"not_picked":["Black Star","Busted Crown"],"picked":"Runic Dome"},{"not_picked":["Sozu","Eternal Feather"],"picked":"Coffee Dripper"}],"items_purged_floors":[5,21,37],"is_endless":false,"potions_floor_spawned":[3,7,13,16,19,20,24,35,45],"ascension_level":15}