{"gold_per_floor":[110,110,110,38,53,94,94,164,238,19,19,58,71,95,95,226,226,226,226,226,126,126,126,126],"floor_reached":24,"playtime":923,"items_purged":["Strike_B","Strike_B"],"score":359,"play_id":"7c67aa1d-e69f-459e-b246-952e05910b5e","local_time":"20190512175548","is_ascension_mode":true,"campfire_choices":[{"data":"Zap","floor":7,"key":"SMITH"},{"floor":11,"key":"REST"},{"floor":15,"key":"REST"},{"data":"Fission","floor":23,"key":"SMITH"}],"neow_cost":"NONE","seed_source_timestamp":14915332592650,"circlet_count":0,"master_deck":["AscendersBane","Strike_B","Defend_B","Defend_B","Defend_B","Defend_B","Zap+1","Dualcast","FTL","Go for the Eyes","Cold Snap","Gash","Hologram","Sweeping Beam","Gash","Fission+1","Streamline+1","Gash","Hologram"],"relics":["Cracked Core","NeowsBlessing","Golden Idol","Happy Flower","Tiny Chest","Symbiotic Virus","Vajra","Orichalcum","Ectoplasm"],"potions_floor_usage":[8,16,22],"damage_taken":[{"damage":0,"enemies":"Jaw Worm","floor":1,"turns":1},{"damage":0,"enemies":"Cultist","floor":5,"turns":1},{"damage":0,"enemies":"Gremlin Nob","floor":6,"turns":1},{"damage":20,"enemies":"Lagavulin","floor":8,"turns":6},{"damage":6,"enemies":"3 Sentries","floor":12,"turns":5},{"damage":0,"enemies":"2 Louse","floor":13,"turns":2},{"damage":17,"enemies":"Exordium Thugs","floor":14,"turns":3},{"damage":30,"enemies":"The Guardian","floor":16,"turns":9},{"damage":0,"enemies":"Chosen","floor":18,"turns":4},{"damage":14,"enemies":"3 Byrds","floor":20,"turns":4},{"damage":16,"enemies":"Snecko","floor":22,"turns":5},{"damage":35,"enemies":"Snake Plant","floor":24,"turns":3}],"seed_played":"-7113151059065728206","potions_obtained":[{"floor":1,"key":"SteroidPotion"},{"floor":5,"key":"FocusPotion"},{"floor":12,"key":"Dexterity Potion"},{"floor":13,"key":"LiquidBronze"},{"floor":14,"key":"FocusPotion"},{"floor":18,"key":"EssenceOfSteel"}],"is_trial":false,"path_per_floor":["M","?","?","$","M","E","R","E","T","$","R","E","M","M","R","B",null,"M","?","M","$","M","R","M"],"character_chosen":"DEFECT","items_purchased":["FTL","Vajra"],"campfire_rested":2,"item_purchase_floors":[4,10],"current_hp_per_floor":[68,68,50,50,50,50,50,30,30,30,52,46,46,29,51,21,62,62,62,48,48,32,32,0],"gold":126,"neow_bonus":"THREE_ENEMY_KILL","is_prod":false,"is_daily":false,"chose_seed":false,"campfire_upgraded":2,"win_rate":0,"timestamp":1557698148,"path_taken":["M","?","?","$","M","E","R","E","T","?","R","E","M","?","R","BOSS","M","?","M","?","M","R","M"],"build_version":"2019-01-23","purchased_purges":2,"victory":false,"max_hp_per_floor":[75,75,75,75,75,75,75,75,75,75,75,75,75,75,75,75,75,75,75,75,75,75,75,75],"card_choices":[{"not_picked":["Genetic Algorithm","Beam Cell","Turbo"],"picked":"SKIP","floor":1},{"not_picked":["Cold Snap","Chaos"],"picked":"Go for the Eyes","floor":5},{"not_picked":["Aggregate","Barrage"],"picked":"Cold Snap","floor":6},{"not_picked":["Turbo","Self Repair"],"picked":"Gash","floor":8},{"not_picked":["Cold Snap","Turbo"],"picked":"Hologram","floor":12},{"not_picked":["Stack","Genetic Algorithm"],"picked":"Sweeping Beam","floor":13},{"not_picked":["Redo","Lockon"],"picked":"Gash","floor":14},{"not_picked":["Reboot","Buffer"],"picked":"Fission","floor":16},{"not_picked":["Conserve Battery+1","BootSequence"],"picked":"Streamline+1","floor":18},{"not_picked":["Streamline+1","Melter"],"picked":"Gash","floor":20},{"not_picked":["Creative AI","Sweeping Beam"],"picked":"Hologram","floor":22}],"player_experience":303225,"relics_obtained":[{"floor":6,"key":"Happy Flower"},{"floor":8,"key":"Tiny Chest"},{"floor":9,"key":"Symbiotic Virus"},{"floor":12,"key":"Orichalcum"}],"event_choices":[{"cards_removed":["Strike_B"],"damage_healed":0,"gold_gain":0,"player_choice":"Forget","damage_taken":0,"max_hp_gain":0,"max_hp_loss":0,"event_name":"Living Wall","floor":2,"gold_loss":0},{"damage_healed":0,"gold_gain":0,"player_choice":"Take Damage","damage_taken":18,"relics_obtained":["Golden Idol"],"max_hp_gain":0,"max_hp_loss":0,"event_name":"Golden Idol","floor":3,"gold_loss":0},{"damage_healed":0,"gold_gain":100,"player_choice":"Pray","damage_taken":0,"max_hp_gain":0,"max_hp_loss":0,"event_name":"Golden Shrine","floor":19,"gold_loss":0}],"is_beta":false,"boss_relics":[{"not_picked":["Eternal Feather","Velvet Choker"],"picked":"Ectoplasm"}],"items_purged_floors":[10,21],"is_endless":false,"potions_floor_spawned":[1,5,12,13,14,18],"killed_by":"Snake Plant","ascension_level":10}