{"gold_per_floor":[113,113,125,11,30,30,41,55,100,130,130,164,93,93],"floor_reached":14,"playtime":444,"items_purged":["Strike_B"],"score":170,"play_id":"500727ae-11c5-4d90-bd50-99bc39ec0ae5","local_time":"20190613201924","is_ascension_mode":true,"campfire_choices":[{"floor":6,"key":"REST"},{"floor":11,"key":"REST"}],"neow_cost":"PERCENT_DAMAGE","seed_source_timestamp":150127000234220,"circlet_count":0,"master_deck":["AscendersBane","Strike_B","Strike_B","Strike_B","Defend_B","Defend_B","Defend_B","Defend_B","Zap","Dualcast","Darkness","Self Repair","Doom and Gloom","Self Repair","Capacitor","Cold Snap","Echo Form","Coolheaded","Heatsinks"],"relics":["Cracked Core","Torii","Juzu Bracelet","Mercury Hourglass","Potion Belt"],"potions_floor_usage":[10,14],"damage_taken":[{"damage":1,"enemies":"Small Slimes","floor":1,"turns":4},{"damage":0,"enemies":"Cultist","floor":3,"turns":3},{"damage":0,"enemies":"2 Louse","floor":5,"turns":2},{"damage":10,"enemies":"Blue Slaver","floor":7,"turns":4},{"damage":30,"enemies":"3 Louse","floor":8,"turns":3},{"damage":31,"enemies":"Gremlin Nob","floor":10,"turns":5},{"damage":28,"enemies":"3 Sentries","floor":12,"turns":6},{"damage":35,"enemies":"Gremlin Nob","floor":14,"turns":5}],"seed_played":"-4822585004830269770","potions_obtained":[{"floor":3,"key":"SteroidPotion"},{"floor":10,"key":"Weak Potion"}],"is_trial":false,"path_per_floor":["M","?","M","$","M","R","M","M","T","E","R","E","$","E"],"character_chosen":"DEFECT","items_purchased":["Doom and Gloom","Heatsinks"],"campfire_rested":2,"item_purchase_floors":[4,13],"current_hp_per_floor":[45,45,45,45,45,66,70,54,54,37,58,30,30,0],"gold":93,"neow_bonus":"ONE_RARE_RELIC","is_prod":false,"is_daily":false,"chose_seed":false,"campfire_upgraded":0,"win_rate":0,"timestamp":1560471564,"path_taken":["M","?","M","$","M","R","M","M","T","E","R","E","$","E"],"build_version":"2019-01-23","purchased_purges":1,"victory":false,"max_hp_per_floor":[71,71,71,71,71,71,71,71,71,71,71,71,71,71],"card_choices":[{"not_picked":["Rebound","Conserve Battery"],"picked":"Darkness","floor":1},{"not_picked":["Redo","Beam Cell"],"picked":"Self Repair","floor":3},{"not_picked":["Turbo","Streamline"],"picked":"Self Repair","floor":5},{"not_picked":["Rebound","Compile Driver"],"picked":"Capacitor","floor":7},{"not_picked":["Sweeping Beam","Leap"],"picked":"Cold Snap","floor":8},{"not_picked":["Scrape","Doom and Gloom"],"picked":"Echo Form","floor":10},{"not_picked":["Stack","Conserve Battery"],"picked":"Coolheaded","floor":12}],"player_experience":423453,"relics_obtained":[{"floor":9,"key":"Juzu Bracelet"},{"floor":10,"key":"Mercury Hourglass"},{"floor":12,"key":"Potion Belt"}],"event_choices":[{"damage_healed":0,"gold_gain":0,"player_choice":"Bought 0 Potions","damage_taken":0,"max_hp_gain":0,"max_hp_loss":0,"event_name":"The Woman in Blue","floor":2,"gold_loss":0}],"is_beta":false,"boss_relics":[],"items_purged_floors":[4],"is_endless":false,"potions_floor_spawned":[3,10],"killed_by":"Gremlin Nob","ascension_level":14}