{"gold_per_floor":[111,186,186,205,51,51,79,79,79,97,109,125,136,169,169,169],"floor_reached":16,"playtime":1259,"items_purged":["Strike_R"],"score":112,"play_id":"2c08592e-df8d-4588-bf05-536ef72c6702","local_time":"20190614222354","is_ascension_mode":false,"campfire_choices":[{"data":"Combust","floor":6,"key":"SMITH"},{"data":"Dark Embrace","floor":8,"key":"SMITH"},{"floor":15,"key":"REST"}],"neow_cost":"TEN_PERCENT_HP_LOSS","seed_source_timestamp":164765188542432,"circlet_count":0,"master_deck":["Strike_R","Strike_R","Strike_R","Strike_R","Defend_R","Defend_R","Defend_R","Defend_R","Bash","Dark Embrace+1","Combust+1","Headbutt","Fire Breathing","Headbutt","Seeing Red","True Grit","Havoc","Dual Wield+1"],"relics":["Burning Blood","Meat on the Bone","Frozen Egg 2","Toxic Egg 2"],"potions_floor_usage":[7,14,14,16],"damage_taken":[{"damage":3,"enemies":"Jaw Worm","floor":1,"turns":5},{"damage":5,"enemies":"Small Slimes","floor":4,"turns":4},{"damage":21,"enemies":"3 Sentries","floor":7,"turns":5},{"damage":1,"enemies":"2 Louse","floor":10,"turns":3},{"damage":25,"enemies":"Large Slime","floor":11,"turns":5},{"damage":23,"enemies":"Lots of Slimes","floor":12,"turns":3},{"damage":18,"enemies":"3 Louse","floor":13,"turns":4},{"damage":24,"enemies":"Lagavulin","floor":14,"turns":5},{"damage":56,"enemies":"Hexaghost","floor":16,"turns":7}],"seed_played":"3011856579742493520","potions_obtained":[{"floor":1,"key":"AttackPotion"},{"floor":11,"key":"GamblersBrew"},{"floor":13,"key":"AttackPotion"},{"floor":14,"key":"PowerPotion"}],"is_trial":false,"path_per_floor":["M","?","?","M","$","R","E","R","T","M","M","M","M","E","R","B"],"character_chosen":"IRONCLAD","items_purchased":["Fire Breathing"],"campfire_rested":1,"item_purchase_floors":[5],"current_hp_per_floor":[72,61,61,62,62,62,47,47,47,52,45,40,40,34,55,0],"gold":169,"neow_bonus":"THREE_RARE_CARDS","is_prod":false,"is_daily":false,"chose_seed":false,"campfire_upgraded":2,"win_rate":0,"timestamp":1560543834,"path_taken":["M","?","?","M","$","R","E","R","T","M","M","M","M","E","R","BOSS"],"build_version":"2019-01-23","purchased_purges":1,"victory":false,"max_hp_per_floor":[72,72,72,72,72,72,72,72,72,72,72,72,72,72,72,72],"card_choices":[{"not_picked":["Offering","Impervious"],"picked":"Dark Embrace","floor":0},{"not_picked":["Blood for Blood","Perfected Strike"],"picked":"Combust","floor":1},{"not_picked":["Rampage","Anger"],"picked":"Headbutt","floor":4},{"not_picked":["Berserk","Wild Strike"],"picked":"Headbutt","floor":7},{"not_picked":["Perfected Strike","Body Slam"],"picked":"Seeing Red","floor":10},{"not_picked":["Dual Wield","Body Slam"],"picked":"True Grit","floor":11},{"not_picked":["True Grit","Whirlwind"],"picked":"Havoc","floor":12},{"not_picked":["Infernal Blade","Headbutt","Pummel"],"picked":"SKIP","floor":13},{"not_picked":["Flame Barrier","Clash"],"picked":"Dual Wield","floor":14}],"player_experience":53186,"relics_obtained":[{"floor":7,"key":"Meat on the Bone"},{"floor":9,"key":"Frozen Egg 2"},{"floor":14,"key":"Toxic Egg 2"}],"event_choices":[{"damage_healed":0,"gold_gain":75,"player_choice":"Gather Gold","damage_taken":11,"max_hp_gain":0,"max_hp_loss":0,"event_name":"World of Goop","floor":2,"gold_loss":0},{"damage_healed":0,"gold_gain":0,"player_choice":"Ignored","damage_taken":0,"max_hp_gain":0,"max_hp_loss":0,"event_name":"Liars Game","floor":3,"gold_loss":0}],"is_beta":false,"boss_relics":[],"items_purged_floors":[5],"is_endless":false,"potions_floor_spawned":[1,11,13,14],"killed_by":"Hexaghost","ascension_level":0}