{"gold_per_floor":[110,125,138,157,157,183,183,5,5,5,25,40,40,50,50,126,126,137,147,166,166,35,35],"floor_reached":23,"playtime":1262,"items_purged":["Strike_B"],"score":390,"play_id":"393589ac-8620-4802-89d1-c200c8ed7c09","local_time":"20181023181008","is_ascension_mode":true,"campfire_choices":[{"data":"Zap","floor":7.0,"key":"SMITH"},{"data":"White Noise","floor":10.0,"key":"SMITH"},{"data":"Go for the Eyes","floor":15.0,"key":"SMITH"}],"neow_cost":"NONE","seed_source_timestamp":424129998726041,"circlet_count":0,"master_deck":["Strike_B","Strike_B","Defend_B","Defend_B","Defend_B","Defend_B","Zap+1","Dualcast","AscendersBane","Hologram","White Noise+1","Ball Lightning","Echo Form","Go for the Eyes+1","Loop","Self Repair","Cold Snap","FTL","Biased Cognition","Cold Snap"],"special_seed":0,"relics":["Cracked Core","Anchor","Tiny Chest","Bottled Tornado","Snecko Eye"],"potions_floor_usage":[21,23,23],"damage_taken":[{"damage":4.0,"enemies":"2 Louse","floor":1.0,"turns":3.0},{"damage":0.0,"enemies":"Small Slimes","floor":2.0,"turns":2.0},{"damage":11.0,"enemies":"Jaw Worm","floor":3.0,"turns":5.0},{"damage":6.0,"enemies":"Large Slime","floor":4.0,"turns":7.0},{"damage":15.0,"enemies":"3 Sentries","floor":6.0,"turns":8.0},{"damage":8.0,"enemies":"Red Slaver","floor":11.0,"turns":3.0},{"damage":17.0,"enemies":"3 Louse","floor":12.0,"turns":5.0},{"damage":8.0,"enemies":"Large Slime","floor":14.0,"turns":4.0},{"damage":8,"enemies":"Hexaghost","floor":16,"turns":10},{"damage":8,"enemies":"Chosen","floor":18,"turns":4},{"damage":26,"enemies":"Spheric Guardian","floor":19,"turns":6},{"damage":21,"enemies":"Snake Plant","floor":20,"turns":6},{"damage":48,"enemies":"Colosseum Slavers","floor":21,"turns":4},{"damage":22,"enemies":"Book of Stabbing","floor":23,"turns":4}],"seed_played":"3875959765593639977","potions_obtained":[{"floor":0.0,"key":"Regen Potion"},{"floor":0.0,"key":"Explosive Potion"},{"floor":2.0,"key":"Block Potion"},{"floor":6.0,"key":"Dexterity Potion"},{"floor":11.0,"key":"SteroidPotion"},{"floor":19,"key":"Explosive Potion"}],"is_trial":false,"path_per_floor":["M","M","M","M","?","E","R","$","T","R","M","M","?","M","R","B",null,"M","M","M","?","$"],"character_chosen":"DEFECT","items_purchased":["Tiny Chest","Loop","Block Potion"],"campfire_rested":0,"item_purchase_floors":[8,8,22],"current_hp_per_floor":[60,60,49,58,51,36,36,36,36,36,28,25,25,31,31,37,63,69,57,50,16,16,0],"gold":35,"neow_bonus":"THREE_SMALL_POTIONS","is_prod":false,"is_daily":false,"chose_seed":false,"campfire_upgraded":3,"win_rate":0,"timestamp":1540332608,"path_taken":["M","M","M","M","?","E","R","$","T","R","M","M","?","M","R","BOSS","M","M","M","?","$","E"],"build_version":"2018-10-18","purchased_purges":1,"victory":false,"max_hp_per_floor":[71,71,71,71,71,71,71,71,71,71,71,71,71,71,71,71,71,71,71,71,71,71,71],"card_choices":[{"not_picked":["Force Field","Skim"],"picked":"Hologram","floor":1.0},{"not_picked":["Double Energy","Auto Shields"],"picked":"White Noise","floor":2.0},{"not_picked":["Redo","Static Discharge"],"picked":"Ball Lightning","floor":3.0},{"not_picked":["Compile Driver","Cold Snap"],"picked":"Echo Form","floor":4.0},{"not_picked":["Ball Lightning","Sweeping Beam"],"picked":"Go for the Eyes","floor":6.0},{"not_picked":["Redo","Steam"],"picked":"Self Repair","floor":11.0},{"not_picked":["Stack","Undo"],"picked":"Cold Snap","floor":12.0},{"not_picked":["Cold Snap","Conserve Battery"],"picked":"FTL","floor":14.0},{"not_picked":["Machine Learning","Reboot"],"picked":"Biased Cognition","floor":16},{"not_picked":["Steam Power","BootSequence","Go for the Eyes"],"picked":"SKIP","floor":18},{"not_picked":["Barrage+1","Redo+1"],"picked":"Cold Snap","floor":19},{"not_picked":["BootSequence","Chill","Go for the Eyes"],"picked":"SKIP","floor":20}],"player_experience":959366,"relics_obtained":[{"floor":6.0,"key":"Anchor"},{"floor":9.0,"key":"Bottled Tornado"}],"event_choices":[{"cards_removed":["Strike_B"],"damage_healed":0.0,"max_hp_gain":0.0,"max_hp_loss":0.0,"gold_gain":0.0,"event_name":"Golden Wing","player_choice":"Card Removal","floor":5.0,"gold_loss":0.0,"damage_taken":7.0},{"damage_healed":0.0,"max_hp_gain":0.0,"max_hp_loss":0.0,"gold_gain":0.0,"event_name":"Liars Game","player_choice":"Ignored","floor":13.0,"gold_loss":0.0,"damage_taken":0.0},{"damage_healed":0,"gold_gain":0,"player_choice":"Fight","damage_taken":0,"max_hp_gain":0,"max_hp_loss":0,"event_name":"Colosseum","floor":21,"gold_loss":0},{"damage_healed":0,"gold_gain":0,"player_choice":"Fled From Nobs","damage_taken":0,"max_hp_gain":0,"max_hp_loss":0,"event_name":"Colosseum","floor":21,"gold_loss":0}],"is_beta":false,"boss_relics":[{"not_picked":["White Beast Statue","Philosopher\u0027s Stone"],"picked":"Snecko Eye"}],"items_purged_floors":[22],"is_endless":false,"potions_floor_spawned":[2,6,11,16,18,19],"killed_by":"Book of Stabbing","ascension_level":20}