{"gold_per_floor":[110,35,45,62,79,79,112,12,64,76,64,64,64,139,139,243,243,253,128,145,157,157,157,157],"floor_reached":24,"playtime":990,"items_purged":["Strike_R","Strike_R","Strike_R"],"score":238,"play_id":"64586fff-87b8-4da8-9506-2a5ea4bc9efc","local_time":"20190627152355","is_ascension_mode":true,"campfire_choices":[{"data":"Dual Wield","floor":6,"key":"SMITH"},{"floor":10,"key":"REST"},{"data":"Anger","floor":12,"key":"SMITH"},{"floor":15,"key":"REST"},{"floor":23,"key":"REST"}],"neow_cost":"PERCENT_DAMAGE","seed_source_timestamp":682456151186736,"circlet_count":0,"master_deck":["Strike_R","Defend_R","Defend_R","Defend_R","Defend_R","Bash","Burning Pact","Dual Wield+1","Anger+1","Barricade","Anger+1"],"relics":["Burning Blood","Question Card","MawBank"],"potions_floor_usage":[5,5,7,18,21],"damage_taken":[{"damage":1,"enemies":"Cultist","floor":1,"turns":3},{"damage":8,"enemies":"Jaw Worm","floor":3,"turns":4},{"damage":0,"enemies":"Small Slimes","floor":4,"turns":4},{"damage":6,"enemies":"2 Fungi Beasts","floor":5,"turns":5},{"damage":31,"enemies":"3 Sentries","floor":7,"turns":12},{"damage":62,"enemies":"Hexaghost","floor":16,"turns":8},{"damage":14,"enemies":"3 Byrds","floor":18,"turns":6},{"damage":10,"enemies":"Chosen","floor":20,"turns":5},{"damage":32,"enemies":"Snake Plant","floor":21,"turns":5},{"damage":43,"enemies":"Colosseum Slavers","floor":22,"turns":5},{"damage":49,"enemies":"Book of Stabbing","floor":24,"turns":4}],"seed_played":"1907158537440234983","potions_obtained":[{"floor":1,"key":"Swift Potion"},{"floor":3,"key":"Explosive Potion"},{"floor":5,"key":"Fire Potion"},{"floor":16,"key":"Dexterity Potion"},{"floor":18,"key":"SteroidPotion"}],"is_trial":false,"path_per_floor":["M","$","M","M","M","R","E","$","T","R","$","R","?","?","R","B",null,"M","$","M","M","?","R","E"],"character_chosen":"IRONCLAD","items_purchased":["Anger"],"campfire_rested":3,"item_purchase_floors":[11],"current_hp_per_floor":[77,77,75,81,81,81,56,56,56,84,84,84,84,73,96,40,96,88,88,84,58,21,49,0],"gold":157,"neow_bonus":"TWENTY_PERCENT_HP_BONUS","is_prod":false,"is_daily":false,"chose_seed":false,"campfire_upgraded":2,"win_rate":0,"timestamp":1561641835,"path_taken":["M","?","M","M","M","R","E","$","T","R","$","R","?","?","R","BOSS","M","$","M","M","?","R","E"],"build_version":"2019-01-23","purchased_purges":3,"victory":false,"max_hp_per_floor":[96,96,96,96,96,96,96,96,96,96,96,96,96,96,96,96,96,96,96,96,96,96,96,96],"card_choices":[{"not_picked":["Reckless Charge","Heavy Blade","Clothesline"],"picked":"SKIP","floor":1},{"not_picked":["Inflame","Flex","Thunderclap"],"picked":"SKIP","floor":3},{"not_picked":["Ghostly Armor","Havoc"],"picked":"Burning Pact","floor":4},{"not_picked":["Rage","Sword Boomerang"],"picked":"Dual Wield","floor":5},{"not_picked":["Immolate","Fire Breathing","Clothesline"],"picked":"SKIP","floor":7},{"not_picked":["Berserk","Double Tap","Impervious"],"picked":"Barricade","floor":16},{"not_picked":["Entrench+1","Thunderclap+1","Shrug It Off","Twin Strike"],"picked":"SKIP","floor":18},{"not_picked":["Warcry","Cleave","Entrench","Havoc"],"picked":"SKIP","floor":20},{"not_picked":["Heavy Blade","Headbutt","Armaments+1"],"picked":"Anger+1","floor":21}],"player_experience":151020,"relics_obtained":[{"floor":7,"key":"Question Card"},{"floor":9,"key":"MawBank"}],"event_choices":[{"cards_removed":["Strike_R"],"damage_healed":0,"gold_gain":0,"player_choice":"Forget","damage_taken":0,"max_hp_gain":0,"max_hp_loss":0,"event_name":"Living Wall","floor":13,"gold_loss":0},{"damage_healed":0,"gold_gain":75,"player_choice":"Gather Gold","damage_taken":11,"max_hp_gain":0,"max_hp_loss":0,"event_name":"World of Goop","floor":14,"gold_loss":0},{"damage_healed":0,"gold_gain":0,"player_choice":"Fight","damage_taken":0,"max_hp_gain":0,"max_hp_loss":0,"event_name":"Colosseum","floor":22,"gold_loss":0},{"damage_healed":0,"gold_gain":0,"player_choice":"Fled From Nobs","damage_taken":0,"max_hp_gain":0,"max_hp_loss":0,"event_name":"Colosseum","floor":22,"gold_loss":0}],"is_beta":false,"boss_relics":[{"not_picked":["Snecko Eye","Eternal Feather","Runic Dome"]}],"items_purged_floors":[2,8,19],"is_endless":false,"potions_floor_spawned":[1,3,5,16,18],"killed_by":"Book of Stabbing","ascension_level":2}