{"gold_per_floor":[110,121,134,134,134,134,166,166,220,220,249,268,300,83,83,187,187,206,11,11,11,27,27,62,62,62,81,108,143,160,187,187,290,290,310,310,310,322,336,366,366,400,425,443,665,684,124,137,137,137],"floor_reached":51,"playtime":6305,"items_purged":["Strike_R","Writhe"],"score":1240,"play_id":"70b1c770-35c0-47d0-a3ef-b740b1aba270","local_time":"20180725102430","is_ascension_mode":true,"campfire_choices":[{"data":"Immolate","floor":6.0,"key":"SMITH"},{"data":"Pommel Strike","floor":8.0,"key":"SMITH"},{"data":"Bash","floor":10.0,"key":"SMITH"},{"data":"True Grit","floor":15.0,"key":"SMITH"},{"data":"Fiend Fire","floor":23.0,"key":"SMITH"},{"data":"Burning Pact","floor":25.0,"key":"SMITH"},{"data":"Seeing Red","floor":32.0,"key":"SMITH"},{"data":"Strike_R","floor":41,"key":"PURGE"},{"data":"Injury","floor":49,"key":"PURGE"}],"neow_cost":"NONE","seed_source_timestamp":0,"circlet_count":0,"master_deck":["Strike_R+1","Strike_R+1","Defend_R","Defend_R","Defend_R","Defend_R","Bash+1","Immolate+1","Iron Wave+1","Pommel Strike+1","Burning Pact+1","True Grit+1","Reaper","Fiend Fire+1","Inflame+1","Ghostly Armor","Flame Barrier+1","Seeing Red+1","Dropkick+1","Shrug It Off+1","True Grit+1","Headbutt+1","Offering","Corruption+1","Shrug It Off+1","Offering","Corruption+1"],"special_seed":0,"relics":["Burning Blood","Bag of Marbles","Oddly Smooth Stone","Strawberry","Bronze Scales","Coffee Dripper","ClockworkSouvenir","Bird Faced Urn","Dead Branch","Question Card","Red Mask","Whetstone","Lantern","Fusion Hammer","Peace Pipe","Kunai","Dream Catcher","Pen Nib","Incense Burner"],"potions_floor_usage":[50],"damage_taken":[{"damage":5.0,"enemies":"Small Slimes","floor":1.0,"turns":2.0},{"damage":4.0,"enemies":"Jaw Worm","floor":2.0,"turns":5.0},{"damage":1.0,"enemies":"Cultist","floor":3.0,"turns":3.0},{"damage":9.0,"enemies":"Gremlin Nob","floor":7.0,"turns":3.0},{"damage":2.0,"enemies":"3 Sentries","floor":11.0,"turns":3.0},{"damage":4.0,"enemies":"Looter","floor":12.0,"turns":3.0},{"damage":14.0,"enemies":"Gremlin Nob","floor":13.0,"turns":3.0},{"damage":26.0,"enemies":"The Guardian","floor":16.0,"turns":9.0},{"damage":0.0,"enemies":"3 Byrds","floor":18.0,"turns":2.0},{"damage":4.0,"enemies":"2 Thieves","floor":22.0,"turns":2.0},{"damage":11.0,"enemies":"Book of Stabbing","floor":24.0,"turns":4.0},{"damage":4.0,"enemies":"Cultist and Chosen","floor":27.0,"turns":4.0},{"damage":0.0,"floor":28.0,"turns":1.0},{"damage":13.0,"enemies":"Slavers","floor":29.0,"turns":4.0},{"damage":0.0,"enemies":"Snecko","floor":30.0,"turns":3.0},{"damage":11.0,"enemies":"Gremlin Leader","floor":31.0,"turns":6.0},{"damage":47.0,"enemies":"Collector","floor":33.0,"turns":9.0},{"damage":6.0,"enemies":"3 Darklings","floor":35.0,"turns":3.0},{"damage":5.0,"floor":37.0,"turns":2.0},{"damage":5.0,"enemies":"3 Shapes","floor":38.0,"turns":1.0},{"damage":8.0,"enemies":"Spire Growth","floor":39.0,"turns":5.0},{"damage":11,"enemies":"Giant Head","floor":40,"turns":3},{"damage":5,"enemies":"2 Orb Walkers","floor":42,"turns":2},{"damage":4,"enemies":"Sphere and 2 Shapes","floor":44,"turns":5},{"damage":8,"enemies":"3 Darklings","floor":46,"turns":3},{"damage":5,"enemies":"Maw","floor":48,"turns":2},{"damage":10,"enemies":"Awakened One","floor":50,"turns":2}],"seed_played":"5165889707511966677","potions_obtained":[{"floor":1.0,"key":"AttackPotion"},{"floor":2.0,"key":"SteroidPotion"},{"floor":3.0,"key":"Strength Potion"},{"floor":16.0,"key":"SpeedPotion"},{"floor":22.0,"key":"EssenceOfSteel"},{"floor":29.0,"key":"GamblersBrew"},{"floor":33.0,"key":"EntropicBrew"},{"floor":37.0,"key":"Swift Potion"},{"floor":44,"key":"GamblersBrew"}],"is_trial":false,"path_per_floor":["M","M","M","?","?","R","E","R","T","R","E","M","E","$","R","B",null,"M","$","?","?","M","R","E","R","T","M","?","E","M","E","R","B",null,"M","?","?","M","M","E","R","E","T","M","?","M","$","M","R","B"],"character_chosen":"IRONCLAD","items_purchased":["Reaper","ClockworkSouvenir","Incense Burner","Offering"],"campfire_rested":0,"item_purchase_floors":[14,19,47,47],"current_hp_per_floor":[80,80,80,73,73,73,70,70,70,70,81,83,75,75,75,61,87,87,87,87,70,76,76,83,83,83,92,92,89,92,92,92,66,92,92,92,92,92,92,92,92,95,95,95,95,95,95,95,95,95],"gold":137,"neow_bonus":"ONE_RANDOM_RARE_CARD","is_prod":false,"is_daily":false,"chose_seed":false,"campfire_upgraded":7,"win_rate":0,"timestamp":1532478270,"path_taken":["M","M","M","?","?","R","E","R","T","R","E","M","E","$","R","BOSS","M","$","?","?","?","R","E","R","T","M","?","E","M","E","R","BOSS","M","?","?","M","M","E","R","E","T","M","?","M","$","?","R","BOSS"],"build_version":"2018-07-19v2","purchased_purges":2,"victory":true,"max_hp_per_floor":[80,80,80,80,80,80,80,80,80,80,87,87,87,87,87,87,87,87,87,87,92,92,92,92,92,92,92,92,92,92,92,92,92,92,92,92,92,92,92,92,92,95,95,95,95,95,95,95,95,95],"card_choices":[{"not_picked":["Sword Boomerang","Corruption"],"picked":"Iron Wave","floor":1.0},{"not_picked":["Combust","Sword Boomerang"],"picked":"Pommel Strike","floor":2.0},{"not_picked":["Sword Boomerang","Shockwave"],"picked":"Burning Pact","floor":3.0},{"not_picked":["Sever Soul","Sword Boomerang","Reckless Charge"],"picked":"SKIP","floor":7.0},{"not_picked":["Blood for Blood","Havoc"],"picked":"True Grit","floor":11.0},{"not_picked":["Rupture","Cleave","Thunderclap"],"picked":"SKIP","floor":12.0},{"not_picked":["Wild Strike","Havoc","Reckless Charge"],"picked":"SKIP","floor":13.0},{"not_picked":["Barricade","Immolate"],"picked":"Fiend Fire","floor":16.0},{"not_picked":["Second Wind","Bloodletting"],"picked":"Inflame+1","floor":18.0},{"not_picked":["Iron Wave","Anger"],"picked":"Ghostly Armor","floor":22.0},{"not_picked":["Bloodletting+1","Fire Breathing"],"picked":"Flame Barrier","floor":24.0},{"not_picked":["Burning Pact","Clash","Heavy Blade"],"picked":"Seeing Red","floor":27.0},{"not_picked":["Evolve+1","Havoc","Burning Pact"],"picked":"Dropkick+1","floor":28.0},{"not_picked":["Exhume","Pommel Strike","Body Slam"],"picked":"Shrug It Off+1","floor":29.0},{"not_picked":["Anger","Clothesline","Wild Strike"],"picked":"True Grit+1","floor":30.0},{"not_picked":["Fiend Fire","Shockwave","Clothesline"],"picked":"Headbutt+1","floor":31.0},{"not_picked":["Demon Form","Bludgeon","Immolate"],"picked":"Offering","floor":33.0},{"not_picked":["Flame Barrier","Wild Strike+1","Shockwave"],"picked":"Corruption+1","floor":35.0},{"not_picked":["Fire Breathing+1","Cleave","Infernal Blade","Hemokinesis+1"],"picked":"SKIP","floor":38.0},{"not_picked":["Searing Blow","Perfected Strike","Flex+1","Body Slam"],"picked":"SKIP","floor":39.0},{"not_picked":["Entrench","Clothesline","Whirlwind"],"picked":"Shrug It Off+1","floor":40},{"not_picked":["Clash+1","Bloodletting+1","Body Slam","Wild Strike+1"],"picked":"SKIP","floor":42},{"not_picked":["Second Wind+1","Carnage","Cleave+1","True Grit"],"picked":"SKIP","floor":44},{"not_picked":["Twin Strike","Spot Weakness","Sword Boomerang+1","Whirlwind"],"picked":"SKIP","floor":46},{"not_picked":["Metallicize","Heavy Blade","Ghostly Armor"],"picked":"Corruption+1","floor":48}],"player_experience":551204,"relics_obtained":[{"floor":7.0,"key":"Bag of Marbles"},{"floor":9.0,"key":"Oddly Smooth Stone"},{"floor":11.0,"key":"Strawberry"},{"floor":13.0,"key":"Bronze Scales"},{"floor":24.0,"key":"Dead Branch"},{"floor":26.0,"key":"Question Card"},{"floor":28.0,"key":"Red Mask"},{"floor":29.0,"key":"Whetstone"},{"floor":31.0,"key":"Lantern"},{"floor":37.0,"key":"Peace Pipe"},{"floor":40,"key":"Kunai"},{"floor":42,"key":"Dream Catcher"},{"floor":43,"key":"Pen Nib"}],"event_choices":[{"event_name":"Golden Wing","player_choice":"Card Removal","floor":4.0,"damage_taken":0.0},{"event_name":"Living Wall","player_choice":"Grow","floor":5.0,"damage_taken":0.0},{"event_name":"The Mausoleum","player_choice":"Yes","floor":20.0,"damage_taken":0.0},{"event_name":"Forgotten Altar","player_choice":"Shed Blood","floor":21.0,"damage_taken":0.0},{"event_name":"Masked Bandits","player_choice":"Fought over 81 gold","floor":28.0,"damage_taken":0.0},{"event_name":"Accursed Blacksmith","player_choice":"Forge","floor":36.0,"damage_taken":0.0},{"event_name":"MindBloom","player_choice":"Fight","floor":37.0,"damage_taken":0.0},{"event_name":"Tomb of Lord Red Mask","player_choice":"Wore Mask","floor":45,"damage_taken":0}],"is_beta":false,"boss_relics":[{"not_picked":["Velvet Choker","Black Blood"],"picked":"Coffee Dripper"},{"not_picked":["Black Star","Empty Cage"],"picked":"Fusion Hammer"}],"items_purged_floors":[14,47],"is_endless":false,"potions_floor_spawned":[1,2,3,16,18,22,29,33,37,42,44,46],"ascension_level":1}