{"gold_per_floor":[115,39,39,39,114,141,141,171,171,171,202,225,225,58,58,135,135,150,81,91,103,121,154,154,181,181,213,213,242,242,442,442,516,516,530,545,468,514,531,561,561,401,401,430,442,442,442,462,462,462,462,462,0,31,31],"floor_reached":56,"playtime":3755,"items_purged":["Strike_R"],"score":2094,"play_id":"2f11cee1-97dc-48d1-9421-07f274f5d2a2","local_time":"20190723161859","is_ascension_mode":true,"campfire_choices":[{"data":"Combust","floor":7.0,"key":"SMITH"},{"data":"Bash","floor":10.0,"key":"SMITH"},{"data":"Anger","floor":13.0,"key":"SMITH"},{"data":"Inflame","floor":15.0,"key":"SMITH"},{"data":"Fiend Fire","floor":24.0,"key":"SMITH"},{"data":"Dark Embrace","floor":28.0,"key":"SMITH"},{"data":"Shockwave","floor":32.0,"key":"SMITH"},{"data":"True Grit","floor":41.0,"key":"SMITH"},{"data":"Demon Form","floor":47.0,"key":"SMITH"},{"floor":49,"key":"RECALL"},{"data":"1","floor":52,"key":"LIFT"}],"neow_cost":"NONE","seed_source_timestamp":500701843293397,"circlet_count":0,"master_deck":["AscendersBane","Bash+1","Thunderclap","Combust+1","Shrug It Off","Anger+1","Reaper","Inflame+1","Shrug It Off","Fiend Fire+1","Battle Trance","Flame Barrier","Dark Embrace+1","Power Through","Demon Form+1","Ghostly Armor","Pommel Strike+1","Shockwave+1","Body Slam+1","Shockwave","Reaper","Bloodletting+1","Flame Barrier","Second Wind+1","Power Through","Wild Strike+1","Offering","Power Through+1","Iron Wave+1","Shrug It Off","True Grit+1","Flame Barrier+1","Reaper","Feel No Pain","Finesse","Shrug It Off","Metallicize+1","Finesse","Master of Strategy","Dark Shackles","True Grit+1","Offering","Dual Wield"],"special_seed":0,"relics":["Burning Blood","NeowsBlessing","Ornamental Fan","Regal Pillow","Red Skull","Question Card","PreservedInsect","Strawberry","Pandora\u0027s Box","Bottled Flame","Shuriken","Pantograph","Happy Flower","Red Mask","Coffee Dripper","Girya","Kunai","Singing Bowl","Pear","Whetstone"],"potions_floor_usage":[55,55],"damage_taken":[{"damage":0.0,"enemies":"Small Slimes","floor":1.0,"turns":1.0},{"damage":0.0,"enemies":"3 Sentries","floor":6.0,"turns":1.0},{"damage":0.0,"enemies":"Gremlin Nob","floor":8.0,"turns":1.0},{"damage":37.0,"enemies":"Lagavulin","floor":11.0,"turns":6.0},{"damage":25.0,"enemies":"Slime Boss","floor":16.0,"turns":8.0},{"damage":28.0,"enemies":"Spheric Guardian","floor":18.0,"turns":6.0},{"damage":11.0,"enemies":"Shell Parasite","floor":20.0,"turns":4.0},{"damage":23.0,"enemies":"Chosen and Byrds","floor":21.0,"turns":5.0},{"damage":39.0,"enemies":"Cultist and Chosen","floor":22.0,"turns":6.0},{"damage":19.0,"enemies":"Gremlin Leader","floor":23.0,"turns":5.0},{"damage":38.0,"enemies":"Slavers","floor":25.0,"turns":4.0},{"damage":35.0,"enemies":"Book of Stabbing","floor":27.0,"turns":4.0},{"damage":23.0,"enemies":"Masked Bandits","floor":29.0,"turns":4.0},{"damage":40.0,"enemies":"Champ","floor":33.0,"turns":9.0},{"damage":17.0,"enemies":"3 Darklings","floor":35.0,"turns":5.0},{"damage":25.0,"enemies":"3 Shapes","floor":36.0,"turns":5.0},{"damage":6.0,"enemies":"2 Orb Walkers","floor":38.0,"turns":6.0},{"damage":41.0,"enemies":"Jaw Worm Horde","floor":39.0,"turns":7.0},{"damage":56.0,"enemies":"Reptomancer","floor":40.0,"turns":8.0},{"damage":6.0,"enemies":"Giant Head","floor":44.0,"turns":5.0},{"damage":21.0,"enemies":"Writhing Mass","floor":45.0,"turns":11.0},{"damage":29.0,"enemies":"Spire Growth","floor":48.0,"turns":7.0},{"damage":49,"enemies":"Donu and Deca","floor":50,"turns":9},{"damage":79,"enemies":"Shield and Spear","floor":54,"turns":12},{"damage":120,"enemies":"The Heart","floor":55,"turns":13}],"seed_played":"1740895403116675950","potions_obtained":[{"floor":11.0,"key":"Regen Potion"},{"floor":20.0,"key":"EssenceOfSteel"},{"floor":22.0,"key":"LiquidBronze"},{"floor":27.0,"key":"AttackPotion"},{"floor":39.0,"key":"LiquidBronze"}],"is_trial":false,"path_per_floor":["M","$","?","?","?","E","R","E","T","R","E","T","R","$","R","B",null,"M","$","M","M","M","E","R","E","T","E","R","?","?","?","R","B",null,"M","M","$","?","M","E","R","$","T","E","M","?","R","M","R","B",null,"R","$","E","B",null],"character_chosen":"IRONCLAD","items_purchased":["Combust","Inflame","Shrug It Off","Shockwave","Shrug It Off","Swift Potion","Feel No Pain","Finesse","Offering","Pear","Ancient Potion","SpeedPotion"],"campfire_rested":0,"item_purchase_floors":[2,14,14,19,37,37,42,42,53,53,53,53],"current_hp_per_floor":[74,74,69,69,58,64,64,70,70,70,39,46,46,46,46,27,68,64,64,59,48,42,78,78,54,54,54,54,54,54,54,54,82,82,82,74,74,82,67,17,17,17,17,29,78,68,68,82,82,82,82,82,92,52,40],"gold":31,"neow_bonus":"THREE_ENEMY_KILL","is_prod":false,"is_daily":false,"chose_seed":false,"campfire_upgraded":9,"win_rate":0,"timestamp":1563913139,"path_taken":["M","$","?","?","?","E","R","E","T","R","E","?","R","?","R","BOSS","M","$","M","M","M","E","R","E","T","E","R","?","?","?","R","BOSS","M","?","$","?","M","E","R","$","T","E","M","?","R","M","R","BOSS","R","$","E","BOSS"],"build_version":"2019-07-17","purchased_purges":1,"victory":true,"max_hp_per_floor":[75,75,75,75,75,75,75,75,75,75,75,82,82,82,82,82,82,82,82,82,82,82,82,82,82,82,82,82,82,82,82,82,82,82,82,82,82,82,82,82,82,82,82,82,82,82,82,82,82,82,82,82,92,92,92],"card_choices":[{"not_picked":["Warcry","True Grit"],"picked":"Thunderclap","floor":1.0},{"not_picked":["Anger","Sentinel"],"picked":"Shrug It Off","floor":6.0},{"not_picked":["Power Through","Perfected Strike"],"picked":"Anger","floor":8.0},{"not_picked":["Anger","Shrug It Off","Pommel Strike"],"picked":"Reaper","floor":11.0},{"not_picked":["Exhume","Bludgeon","Double Tap"],"picked":"Fiend Fire","floor":16.0},{"not_picked":["Body Slam","Heavy Blade","Thunderclap"],"picked":"Pommel Strike","floor":18.0},{"not_picked":["Dual Wield","Cleave","Heavy Blade","Twin Strike"],"picked":"SKIP","floor":20.0},{"not_picked":["Perfected Strike","Clothesline","Inflame"],"picked":"Body Slam+1","floor":21.0},{"not_picked":["Wild Strike","Carnage","Havoc"],"picked":"Shockwave","floor":22.0},{"not_picked":["Havoc+1","Rupture","Blood for Blood"],"picked":"Reaper","floor":23.0},{"not_picked":["Pommel Strike","Wild Strike","Rage"],"picked":"Bloodletting+1","floor":25.0},{"not_picked":["Sword Boomerang","True Grit","Second Wind"],"picked":"Flame Barrier","floor":27.0},{"not_picked":["Anger","Havoc","Thunderclap"],"picked":"Second Wind+1","floor":29.0},{"not_picked":["Limit Break","Dark Embrace","Demon Form"],"picked":"Offering","floor":33.0},{"not_picked":["Twin Strike","Clothesline+1","Cleave"],"picked":"Power Through+1","floor":35.0},{"not_picked":["Armaments","Havoc+1","Twin Strike+1"],"picked":"Iron Wave+1","floor":36.0},{"not_picked":["Warcry","Inflame","Flex+1"],"picked":"True Grit","floor":38.0},{"not_picked":["Entrench","Armaments","Twin Strike"],"picked":"Flame Barrier+1","floor":39.0},{"not_picked":["Uppercut","Burning Pact","Bloodletting"],"picked":"Reaper","floor":40.0},{"not_picked":["Sword Boomerang","Havoc","Clash"],"picked":"Shrug It Off","floor":44.0},{"not_picked":["Rampage","Intimidate","Second Wind"],"picked":"Metallicize+1","floor":45.0},{"not_picked":["Secret Technique","Chrysalis","Forethought"],"picked":"Finesse","floor":46.0},{"not_picked":["Panacea","Jack Of All Trades","Enlightenment"],"picked":"Master of Strategy","floor":46.0},{"not_picked":["Madness","Magnetism","Dramatic Entrance"],"picked":"Dark Shackles","floor":46.0},{"not_picked":["Anger+1","Rage","Wild Strike"],"picked":"True Grit+1","floor":48.0},{"not_picked":["Twin Strike","Second Wind","Shrug It Off"],"picked":"Dual Wield","floor":54}],"player_experience":1540311,"relics_obtained":[{"floor":6.0,"key":"Regal Pillow"},{"floor":8.0,"key":"Red Skull"},{"floor":9.0,"key":"Question Card"},{"floor":11.0,"key":"PreservedInsect"},{"floor":12.0,"key":"Strawberry"},{"floor":23.0,"key":"Bottled Flame"},{"floor":25.0,"key":"Shuriken"},{"floor":26.0,"key":"Pantograph"},{"floor":27.0,"key":"Happy Flower"},{"floor":29.0,"key":"Red Mask"},{"floor":38.0,"key":"Girya"},{"floor":40.0,"key":"Kunai"},{"floor":44.0,"key":"Singing Bowl"},{"floor":54,"key":"Whetstone"}],"event_choices":[{"damage_healed":0.0,"max_hp_gain":0.0,"max_hp_loss":0.0,"gold_gain":0.0,"event_name":"Scrap Ooze","player_choice":"Success","floor":3.0,"gold_loss":0.0,"damage_taken":5.0,"relics_obtained":["Ornamental Fan"]},{"damage_healed":0.0,"max_hp_gain":0.0,"max_hp_loss":0.0,"gold_gain":0.0,"event_name":"The Cleric","player_choice":"Leave","floor":4.0,"gold_loss":0.0,"damage_taken":0.0},{"damage_healed":0.0,"max_hp_gain":0.0,"max_hp_loss":0.0,"gold_gain":75.0,"event_name":"World of Goop","player_choice":"Gather Gold","floor":5.0,"gold_loss":0.0,"damage_taken":11.0},{"damage_healed":0.0,"max_hp_gain":0.0,"max_hp_loss":0.0,"gold_gain":0.0,"event_name":"Masked Bandits","player_choice":"Fought Bandits","floor":29.0,"gold_loss":0.0,"damage_taken":0.0},{"damage_healed":0.0,"max_hp_gain":0.0,"max_hp_loss":0.0,"gold_gain":0.0,"cards_transformed":["Combust","Carnage"],"event_name":"Drug Dealer","player_choice":"Became Test Subject","floor":30.0,"gold_loss":0.0,"damage_taken":0.0,"cards_obtained":["Power Through","Wild Strike"]},{"damage_healed":0.0,"max_hp_gain":0.0,"max_hp_loss":0.0,"gold_gain":250.0,"event_name":"The Joust","player_choice":"Bet on Owner","floor":31.0,"gold_loss":50.0,"damage_taken":0.0},{"damage_healed":0.0,"max_hp_gain":0.0,"max_hp_loss":0.0,"gold_gain":0.0,"event_name":"Mysterious Sphere","player_choice":"Fight","floor":38.0,"gold_loss":0.0,"damage_taken":0.0},{"damage_healed":0.0,"max_hp_gain":0.0,"max_hp_loss":0.0,"gold_gain":0.0,"event_name":"SensoryStone","player_choice":"Memory 3","floor":46.0,"gold_loss":0.0,"damage_taken":10.0}],"is_beta":false,"boss_relics":[{"not_picked":["Ectoplasm","Empty Cage"],"picked":"Pandora\u0027s Box"},{"not_picked":["White Beast Statue","Orrery"],"picked":"Coffee Dripper"}],"items_purged_floors":[14],"is_endless":false,"potions_floor_spawned":[11,20,21,22,27,39,44,45,48,54],"ascension_level":15}