{"gold_per_floor":[117,134,153,7,24,57,75,75,75,75,88,88,88,99,99,204,204,214,225,245,344,2,2],"floor_reached":23,"playtime":1567,"items_purged":[],"score":195,"play_id":"08818fde-abcc-439c-ad0f-d8b9971aa08f","local_time":"20190629030303","is_ascension_mode":false,"campfire_choices":[{"floor":8,"key":"REST"},{"floor":13,"key":"REST"},{"floor":15,"key":"REST"}],"neow_cost":"NONE","seed_source_timestamp":563533165447700,"circlet_count":0,"master_deck":["Strike_B","Strike_B","Strike_B","Strike_B","Defend_B","Defend_B","Defend_B","Defend_B","Zap+1","Dualcast","Cold Snap","Ball Lightning","Barrage","All For One","Gash","Go for the Eyes","Lockon","Reprogram","Streamline","Thunder Strike","Steam","Blizzard+1","Loop","Swift Strike"],"relics":["Cracked Core","Shuriken","Letter Opener","Gambling Chip","Black Star","Meat on the Bone"],"potions_floor_usage":[16,16,19],"damage_taken":[{"damage":13,"enemies":"Jaw Worm","floor":1,"turns":3},{"damage":0,"enemies":"2 Louse","floor":2,"turns":3},{"damage":1,"enemies":"Cultist","floor":3,"turns":3},{"damage":1,"enemies":"Large Slime","floor":5,"turns":4},{"damage":22,"enemies":"Lagavulin","floor":6,"turns":5},{"damage":19,"enemies":"Exordium Thugs","floor":7,"turns":4},{"damage":5,"enemies":"Looter","floor":11,"turns":2},{"damage":8,"enemies":"Exordium Wildlife","floor":14,"turns":5},{"damage":53,"enemies":"The Guardian","floor":16,"turns":8},{"damage":24,"enemies":"Shell Parasite","floor":18,"turns":4},{"damage":3,"enemies":"3 Byrds","floor":19,"turns":3},{"damage":49,"enemies":"Centurion and Healer","floor":20,"turns":7},{"damage":7,"enemies":"Book of Stabbing","floor":23,"turns":1}],"seed_played":"-7939573514818806913","potions_obtained":[{"floor":3,"key":"FocusPotion"},{"floor":5,"key":"FearPotion"},{"floor":11,"key":"Dexterity Potion"},{"floor":18,"key":"Fire Potion"},{"floor":20,"key":"Weak Potion"}],"is_trial":false,"path_per_floor":["M","M","M","$","M","E","M","R","T","?","M","?","R","M","R","B",null,"M","M","M","?","$","E"],"character_chosen":"DEFECT","items_purchased":["All For One","Meat on the Bone","Swift Strike"],"campfire_rested":3,"item_purchase_floors":[4,22,22],"current_hp_per_floor":[69,69,68,68,67,45,26,50,50,43,38,38,62,54,78,25,82,58,55,6,6,6,0],"gold":2,"neow_bonus":"TEN_PERCENT_HP_BONUS","is_prod":false,"is_daily":false,"chose_seed":false,"campfire_upgraded":0,"win_rate":0.0,"timestamp":1561802583,"path_taken":["M","M","M","$","M","E","M","R","T","?","M","?","R","M","R","BOSS","M","M","M","?","$","E"],"build_version":"2019-01-23","purchased_purges":0,"victory":false,"max_hp_per_floor":[82,82,82,82,82,82,82,82,82,82,82,82,82,82,82,82,82,82,82,82,82,82,82],"card_choices":[{"not_picked":["White Noise","Go for the Eyes"],"picked":"Cold Snap","floor":1},{"not_picked":["Melter","Sweeping Beam"],"picked":"Ball Lightning","floor":2},{"not_picked":["Hologram","Biased Cognition"],"picked":"Barrage","floor":3},{"not_picked":["Stack","Steam"],"picked":"Gash","floor":5},{"not_picked":["Gash","Melter"],"picked":"Go for the Eyes","floor":6},{"not_picked":["Hologram","Redo"],"picked":"Lockon","floor":7},{"not_picked":["Redo","White Noise"],"picked":"Reprogram","floor":11},{"not_picked":["Leap","Double Energy"],"picked":"Streamline","floor":14},{"not_picked":["Buffer","All For One"],"picked":"Thunder Strike","floor":16},{"not_picked":["Sweeping Beam","Redo"],"picked":"Steam","floor":18},{"not_picked":["Ball Lightning","Hello World"],"picked":"Blizzard+1","floor":19},{"not_picked":["Glacier","Reprogram"],"picked":"Loop","floor":20}],"player_experience":21635,"relics_obtained":[{"floor":6,"key":"Shuriken"},{"floor":9,"key":"Letter Opener"}],"event_choices":[{"damage_healed":0,"gold_gain":0,"player_choice":"Success","damage_taken":7,"relics_obtained":["Gambling Chip"],"max_hp_gain":0,"max_hp_loss":0,"event_name":"Scrap Ooze","floor":10,"gold_loss":0},{"damage_healed":0,"gold_gain":0,"player_choice":"Grow","damage_taken":0,"max_hp_gain":0,"max_hp_loss":0,"event_name":"Living Wall","floor":12,"gold_loss":0,"cards_upgraded":["Zap"]},{"damage_healed":0,"gold_gain":99,"player_choice":"Stole From Cult","damage_taken":0,"max_hp_gain":0,"max_hp_loss":0,"event_name":"Nest","floor":21,"gold_loss":0}],"is_beta":false,"boss_relics":[{"not_picked":["Lizard Tail","Philosopher\u0027s Stone"],"picked":"Black Star"}],"items_purged_floors":[],"is_endless":false,"potions_floor_spawned":[3,5,11,14,18,20],"killed_by":"Book of Stabbing","ascension_level":0}