{"gold_per_floor":[111,34,34,34,47,47,64,74,74,84,94,94,119,93,93,93],"floor_reached":16,"playtime":1150,"items_purged":[],"score":114,"play_id":"445cbb9d-9a0d-4e5d-8e2a-05f53dfb9d9f","local_time":"20180704220026","is_ascension_mode":true,"campfire_choices":[{"data":"Searing Blow","floor":6,"key":"SMITH"},{"data":"Searing Blow+1","floor":12,"key":"SMITH"},{"data":"Searing Blow+2","floor":15,"key":"SMITH"}],"neow_cost":"TEN_PERCENT_HP_LOSS","seed_source_timestamp":17855169390885,"circlet_count":0,"master_deck":["Strike_R","Strike_R","Strike_R+1","Defend_R+1","Defend_R","Defend_R","Defend_R","Bash","Burning Pact","Searing Blow+3","Shrug It Off","Warcry","Warcry"],"relics":["Burning Blood","Dream Catcher","Bottled Lightning"],"potions_floor_usage":[14,16,16],"damage_taken":[{"damage":0,"enemies":"2 Louse","floor":1,"turns":3},{"damage":1,"enemies":"Small Slimes","floor":5,"turns":4},{"damage":1,"enemies":"Cultist","floor":7,"turns":3},{"damage":6,"enemies":"Looter","floor":8,"turns":4},{"damage":7,"enemies":"Exordium Wildlife","floor":10,"turns":5},{"damage":25,"enemies":"Lots of Slimes","floor":11,"turns":7},{"damage":14,"enemies":"3 Sentries","floor":13,"turns":10},{"damage":10,"enemies":"Exordium Thugs","floor":14,"turns":5},{"damage":39,"enemies":"Hexaghost","floor":16,"turns":11}],"seed_played":"-296764084711040167","potions_obtained":[{"floor":5,"key":"Ancient Potion"},{"floor":7,"key":"Weak Potion"},{"floor":10,"key":"Weak Potion"},{"floor":11,"key":"PowerPotion"}],"is_trial":false,"path_per_floor":["M","$","?","?","M","R","M","M","T","M","M","R","E","M","R"],"character_chosen":"IRONCLAD","items_purchased":["Searing Blow"],"campfire_rested":0,"item_purchase_floors":[2],"current_hp_per_floor":[72,72,72,58,63,63,68,68,68,67,48,48,40,36,36,0],"gold":93,"neow_bonus":"REMOVE_TWO","is_prod":false,"is_daily":false,"chose_seed":false,"campfire_upgraded":3,"win_rate":0,"timestamp":1530759626,"path_taken":["M","$","?","?","?","R","M","M","T","M","M","R","E","M","R","BOSS"],"build_version":"2018-06-28","purchased_purges":0,"victory":false,"max_hp_per_floor":[72,72,72,72,72,72,72,72,72,72,72,72,72,72,72,72],"card_choices":[{"not_picked":["Heavy Blade","Hemokinesis"],"picked":"Burning Pact","floor":1},{"not_picked":["Shockwave","Twin Strike","Uppercut"],"picked":"SKIP","floor":5},{"not_picked":["Battle Trance","Headbutt"],"picked":"Shrug It Off","floor":7},{"not_picked":["Dual Wield","Cleave","Heavy Blade"],"picked":"SKIP","floor":8},{"not_picked":["Intimidate","Entrench","Thunderclap"],"picked":"SKIP","floor":10},{"not_picked":["Evolve","Rupture"],"picked":"Warcry","floor":11},{"not_picked":["Clash","Power Through","Cleave"],"picked":"SKIP","floor":13},{"not_picked":["Metallicize","Reckless Charge"],"picked":"Warcry","floor":14}],"player_experience":147262,"relics_obtained":[{"floor":9,"key":"Dream Catcher"},{"floor":13,"key":"Bottled Lightning"}],"event_choices":[{"event_name":"The Cleric","player_choice":"Leave","floor":3,"damage_taken":0},{"event_name":"Shining Light","player_choice":"Entered Light","floor":4,"damage_taken":0}],"boss_relics":[],"items_purged_floors":[],"is_endless":false,"potions_floor_spawned":[5,7,10,11],"killed_by":"Hexaghost","ascension_level":2}