{"gold_per_floor":[110,110,125,136,286,286,306,306,358,283,299,334,50,125,125,196,196,212,212,0,0,0,0],"floor_reached":23,"playtime":884,"items_purged":["Writhe"],"score":399,"play_id":"ef2df9a7-01b8-4516-bc5f-857d522fa456","local_time":"20181123141027","is_ascension_mode":true,"campfire_choices":[{"data":"Zap","floor":6,"key":"SMITH"},{"data":"Hologram","floor":8,"key":"SMITH"},{"floor":15,"key":"REST"}],"neow_cost":"NONE","seed_source_timestamp":226539920045289,"circlet_count":0,"master_deck":["AscendersBane","Defend_B","Defend_B","Defend_B","Defend_B","Zap+1","Dualcast","Hologram+1","Biased Cognition","Fusion","Genetic Algorithm","FTL","Cold Snap","Core Surge","Capacitor+1","Dark Shackles","Capacitor+1","Bite","Bite","Bite","Bite","Bite"],"relics":["Cracked Core","Oddly Smooth Stone","Centennial Puzzle","Meat on the Bone","Frozen Egg 2","Philosopher\u0027s Stone","PreservedInsect"],"potions_floor_usage":[12,16,16,21],"damage_taken":[{"damage":2,"enemies":"Jaw Worm","floor":1,"turns":3},{"damage":6,"enemies":"Small Slimes","floor":3,"turns":3},{"damage":0,"enemies":"2 Louse","floor":4,"turns":4},{"damage":6,"enemies":"Large Slime","floor":7,"turns":5},{"damage":0,"enemies":"3 Louse","floor":11,"turns":4},{"damage":14,"enemies":"Gremlin Nob","floor":12,"turns":3},{"damage":32,"enemies":"The Guardian","floor":16,"turns":14},{"damage":10,"enemies":"Spheric Guardian","floor":18,"turns":4},{"damage":37,"enemies":"Colosseum Slavers","floor":21,"turns":7},{"damage":58,"enemies":"Gremlin Leader","floor":23,"turns":6}],"seed_played":"-4342797866133743073","potions_obtained":[{"floor":1,"key":"Fire Potion"},{"floor":4,"key":"SpeedPotion"},{"floor":12,"key":"AttackPotion"},{"floor":16,"key":"Weak Potion"},{"floor":18,"key":"Energy Potion"}],"is_trial":false,"path_per_floor":["M","?","M","M","?","R","M","R","T","?","M","E","$","?","R","B",null,"M","?","$","?","?","E"],"character_chosen":"DEFECT","items_purchased":["Frozen Egg 2","Dark Shackles","Capacitor+1"],"campfire_rested":1,"item_purchase_floors":[13,20,20],"current_hp_per_floor":[69,58,52,52,52,52,46,46,46,46,46,32,32,21,44,24,65,55,55,55,30,30,0],"gold":0,"neow_bonus":"TEN_PERCENT_HP_BONUS","is_prod":false,"is_daily":false,"chose_seed":false,"campfire_upgraded":2,"win_rate":0,"timestamp":1543000227,"path_taken":["M","?","M","M","?","R","M","R","T","?","M","E","$","?","R","BOSS","M","?","$","?","?","E"],"build_version":"2018-11-15","purchased_purges":1,"victory":false,"max_hp_per_floor":[78,78,78,78,78,78,78,78,78,78,78,78,78,78,78,78,78,78,78,78,78,54,54],"card_choices":[{"not_picked":["Auto Shields","Stack"],"picked":"Hologram","floor":1},{"not_picked":["Steam","Sunder"],"picked":"Biased Cognition","floor":3},{"not_picked":["Leap","Barrage"],"picked":"Fusion","floor":4},{"not_picked":["Sweeping Beam","Turbo"],"picked":"Genetic Algorithm","floor":7},{"not_picked":["Leap","Consume"],"picked":"FTL","floor":11},{"not_picked":["Beam Cell","Fusion"],"picked":"Cold Snap","floor":12},{"not_picked":["Hyperbeam","Amplify"],"picked":"Core Surge","floor":16},{"not_picked":["Scrape+1","Gash"],"picked":"Capacitor+1","floor":18}],"player_experience":1146549,"relics_obtained":[{"floor":9,"key":"Centennial Puzzle"},{"floor":12,"key":"Meat on the Bone"}],"event_choices":[{"damage_healed":0,"gold_gain":0,"player_choice":"Success","damage_taken":11,"relics_obtained":["Oddly Smooth Stone"],"max_hp_gain":0,"max_hp_loss":0,"event_name":"Scrap Ooze","floor":2,"gold_loss":0},{"damage_healed":0,"gold_gain":150,"player_choice":"AGREE","damage_taken":0,"max_hp_gain":0,"max_hp_loss":0,"event_name":"Liars Game","floor":5,"gold_loss":0,"cards_obtained":["Doubt"]},{"cards_removed":["Doubt"],"damage_healed":0,"gold_gain":0,"player_choice":"Card Removal","damage_taken":0,"max_hp_gain":0,"max_hp_loss":0,"event_name":"The Cleric","floor":10,"gold_loss":75},{"damage_healed":0,"gold_gain":75,"player_choice":"Gather Gold","damage_taken":11,"max_hp_gain":0,"max_hp_loss":0,"event_name":"World of Goop","floor":14,"gold_loss":0},{"damage_healed":0,"gold_gain":0,"player_choice":"Opened","damage_taken":0,"relics_obtained":["PreservedInsect"],"max_hp_gain":0,"max_hp_loss":0,"event_name":"The Mausoleum","floor":19,"gold_loss":0,"cards_obtained":["Writhe"]},{"damage_healed":0,"gold_gain":0,"player_choice":"Fight","damage_taken":0,"max_hp_gain":0,"max_hp_loss":0,"event_name":"Colosseum","floor":21,"gold_loss":0},{"damage_healed":0,"gold_gain":0,"player_choice":"Fled From Nobs","damage_taken":0,"max_hp_gain":0,"max_hp_loss":0,"event_name":"Colosseum","floor":21,"gold_loss":0},{"damage_healed":0,"gold_gain":0,"player_choice":"Became a vampire","damage_taken":0,"max_hp_gain":0,"max_hp_loss":24,"event_name":"Vampires","floor":22,"gold_loss":0,"cards_obtained":["Bite","Bite","Bite","Bite","Bite"]}],"is_beta":false,"boss_relics":[{"not_picked":["Sozu","Ectoplasm"],"picked":"Philosopher\u0027s Stone"}],"items_purged_floors":[20],"is_endless":false,"potions_floor_spawned":[1,4,12,16,18],"killed_by":"Gremlin Leader","ascension_level":20}