{"gold_per_floor":[114,23,41,51,70,96,96,129,154,9,20,52,63,83,83,187,187,198,217,217,14,113,113],"floor_reached":23,"playtime":1161,"items_purged":["Strike_R"],"score":288,"play_id":"6e7257f0-cc71-44ae-8a5b-b56a47dcb1c0","local_time":"20190515192803","is_ascension_mode":true,"campfire_choices":[{"data":"Limit Break","floor":7,"key":"SMITH"},{"floor":15,"key":"REST"}],"neow_cost":"PERCENT_DAMAGE","seed_source_timestamp":2254467695755,"circlet_count":0,"master_deck":["Strike_R","Strike_R","Strike_R","Strike_R","Defend_R","Defend_R","Defend_R","Defend_R","Bash","Panache","Finesse","Carnage","Bandage Up+1","Flex+1","Headbutt","Anger","Limit Break+1","Uppercut","Disarm","Headbutt","Fiend Fire","Thunderclap","Flex","Dark Embrace","Bloodletting","Corruption+1"],"relics":["Burning Blood","Pen Nib","Omamori","Ancient Tea Set","War Paint","Runic Pyramid","Vajra","Membership Card"],"potions_floor_usage":[5,6,6,13,16],"damage_taken":[{"damage":1,"enemies":"Cultist","floor":1,"turns":4},{"damage":16,"enemies":"Jaw Worm","floor":3,"turns":4},{"damage":7,"enemies":"Small Slimes","floor":4,"turns":3},{"damage":5,"enemies":"3 Louse","floor":5,"turns":4},{"damage":12,"enemies":"Gremlin Nob","floor":6,"turns":4},{"damage":28,"enemies":"3 Sentries","floor":8,"turns":5},{"damage":9,"enemies":"Looter","floor":11,"turns":2},{"damage":24,"enemies":"Lagavulin","floor":12,"turns":7},{"damage":22,"enemies":"Exordium Thugs","floor":13,"turns":5},{"damage":5,"enemies":"Blue Slaver","floor":14,"turns":4},{"damage":29,"enemies":"The Guardian","floor":16,"turns":8},{"damage":19,"enemies":"3 Byrds","floor":18,"turns":4},{"damage":25,"enemies":"Spheric Guardian","floor":19,"turns":4},{"damage":47,"enemies":"Slavers","floor":23,"turns":2}],"seed_played":"4238933081082707793","potions_obtained":[{"floor":1,"key":"Weak Potion"},{"floor":4,"key":"Block Potion"},{"floor":5,"key":"Fruit Juice"},{"floor":12,"key":"Fire Potion"},{"floor":13,"key":"Weak Potion"}],"is_trial":false,"path_per_floor":["M","$","M","M","M","E","R","E","T","$","M","E","M","M","R","B",null,"M","M","?","$","?","E"],"character_chosen":"IRONCLAD","items_purchased":["Bandage Up","Disarm","Membership Card"],"campfire_rested":1,"item_purchase_floors":[2,10,21],"current_hp_per_floor":[56,56,50,53,63,61,61,43,43,43,44,30,20,27,52,35,73,60,47,47,47,47,0],"gold":113,"neow_bonus":"RANDOM_COLORLESS_2","is_prod":false,"is_daily":false,"chose_seed":false,"campfire_upgraded":1,"win_rate":0,"timestamp":1557962883,"path_taken":["M","$","M","M","M","E","R","E","T","$","M","E","M","M","R","BOSS","M","?","?","?","?","E"],"build_version":"2019-01-23","purchased_purges":1,"victory":false,"max_hp_per_floor":[80,80,80,80,85,85,85,85,85,85,85,85,85,85,85,85,85,85,85,85,85,85,85],"card_choices":[{"not_picked":["Cleave","Evolve"],"picked":"Carnage","floor":1},{"not_picked":["Havoc","Body Slam"],"picked":"Flex","floor":3},{"not_picked":["Cleave","Clash"],"picked":"Headbutt","floor":4},{"not_picked":["Warcry","Cleave"],"picked":"Anger","floor":5},{"not_picked":["Shrug It Off","Iron Wave"],"picked":"Limit Break","floor":6},{"not_picked":["Havoc","Second Wind"],"picked":"Uppercut","floor":8},{"not_picked":["Warcry","Whirlwind"],"picked":"Headbutt","floor":11},{"not_picked":["Dual Wield","True Grit"],"picked":"Fiend Fire","floor":12},{"not_picked":["Sever Soul","Clash"],"picked":"Thunderclap","floor":13},{"not_picked":["Evolve","Iron Wave"],"picked":"Flex","floor":14},{"not_picked":["Immolate","Juggernaut"],"picked":"Dark Embrace","floor":16},{"not_picked":["Thunderclap","Carnage","Bloodletting"],"picked":"SKIP","floor":18},{"not_picked":["Thunderclap","Carnage"],"picked":"Bloodletting","floor":18},{"not_picked":["Rupture+1","Armaments"],"picked":"Corruption+1","floor":19}],"player_experience":324465,"relics_obtained":[{"floor":6,"key":"Pen Nib"},{"floor":8,"key":"Omamori"},{"floor":9,"key":"Ancient Tea Set"},{"floor":12,"key":"War Paint"}],"event_choices":[{"damage_healed":0,"gold_gain":0,"player_choice":"Opened","damage_taken":0,"relics_obtained":["Vajra"],"max_hp_gain":0,"max_hp_loss":0,"event_name":"The Mausoleum","floor":20,"gold_loss":0,"cards_obtained":["Writhe"]},{"damage_healed":0,"gold_gain":99,"player_choice":"Stole From Cult","damage_taken":0,"max_hp_gain":0,"max_hp_loss":0,"event_name":"Nest","floor":22,"gold_loss":0}],"is_beta":false,"boss_relics":[{"not_picked":["Pandora\u0027s Box","Empty Cage"],"picked":"Runic Pyramid"}],"items_purged_floors":[10],"is_endless":false,"potions_floor_spawned":[1,4,5,12,13],"killed_by":"Slavers","ascension_level":7}