{"gold_per_floor":[112,125,145,155,165,193,193,193,241,270,282,327,339,328,340,451,463,485,497,520,113,130,130,162,172,195,205,235,255,255,170,170,274,274,289,334,166,177,177,177,195,195,220,231,231,231,242,276,276,276],"floor_reached":51,"playtime":5336,"items_purged":["Strike_G","Concentrate+1"],"score":930,"play_id":"7e28a59f-4e19-4b28-9d78-2d4a44e72ce3","local_time":"20180801132357","is_ascension_mode":true,"campfire_choices":[{"data":"Neutralize","floor":7.0,"key":"SMITH"},{"data":"Sucker Punch","floor":11.0,"key":"SMITH"},{"data":"Noxious Fumes","floor":13.0,"key":"SMITH"},{"data":"Deadly Poison","floor":15.0,"key":"SMITH"},{"data":"Footwork","floor":23.0,"key":"SMITH"},{"data":"Adrenaline","floor":30.0,"key":"SMITH"},{"data":"Dagger Spray","floor":32.0,"key":"SMITH"},{"floor":40,"key":"DIG"},{"floor":42,"key":"DIG"},{"floor":45,"key":"DIG"},{"floor":49,"key":"DIG"}],"neow_cost":"","seed_source_timestamp":0,"circlet_count":0,"master_deck":["Defend_G","Defend_G","Defend_G+1","Defend_G","Defend_G","Survivor","Neutralize+1","Deadly Poison+1","Dagger Spray+1","Dash+1","Noxious Fumes+1","Sucker Punch+1","Adrenaline+1","Catalyst+1","Unload+1","RitualDagger+1","Noxious Fumes","Footwork+1","Backstab+1","Cloak And Dagger","Adrenaline+1","Bullet Time","Footwork","Acrobatics+1","Well Laid Plans","Noxious Fumes+1","Dash+1","Footwork+1","Dash+1"],"special_seed":0,"relics":["Ring of the Snake","Shovel","MawBank","Molten Egg 2","Astrolabe","Blood Vial","Happy Flower","War Paint","Boot","Vajra","Pear","Fusion Hammer","Mango","Meat on the Bone","Potion Belt","Ice Cream","Pen Nib","Bottled Flame","Thread and Needle","Art of War"],"potions_floor_usage":[33,33,33,33,41,48,50],"damage_taken":[{"damage":0.0,"enemies":"Small Slimes","floor":1.0,"turns":4.0},{"damage":0.0,"enemies":"2 Louse","floor":2.0,"turns":2.0},{"damage":2.0,"enemies":"Jaw Worm","floor":3.0,"turns":5.0},{"damage":0.0,"enemies":"Blue Slaver","floor":4.0,"turns":4.0},{"damage":8.0,"enemies":"Large Slime","floor":5.0,"turns":6.0},{"damage":16.0,"enemies":"3 Sentries","floor":6.0,"turns":7.0},{"damage":10.0,"enemies":"Exordium Wildlife","floor":10.0,"turns":4.0},{"damage":16.0,"enemies":"Lagavulin","floor":12.0,"turns":8.0},{"damage":0.0,"enemies":"Hexaghost","floor":16.0,"turns":8.0},{"damage":10.0,"enemies":"Spheric Guardian","floor":18.0,"turns":4.0},{"damage":6.0,"enemies":"Chosen","floor":20.0,"turns":4.0},{"damage":35.0,"enemies":"Slaver and Parasite","floor":22.0,"turns":5.0},{"damage":13.0,"enemies":"Gremlin Leader","floor":24.0,"turns":7.0},{"damage":5.0,"enemies":"Snake Plant","floor":25.0,"turns":4.0},{"damage":0.0,"enemies":"Cultist and Chosen","floor":27.0,"turns":5.0},{"damage":1.0,"enemies":"Slavers","floor":28.0,"turns":7.0},{"damage":2.0,"enemies":"3 Cultists","floor":29.0,"turns":4.0},{"damage":52,"enemies":"Automaton","floor":33,"turns":9},{"damage":4,"enemies":"3 Shapes","floor":35,"turns":3},{"damage":10,"floor":36,"turns":4},{"damage":0,"enemies":"Flame Bruiser 1 Orb","floor":38,"turns":5},{"damage":14,"enemies":"Transient","floor":41,"turns":5},{"damage":0,"enemies":"Sphere and 2 Shapes","floor":44,"turns":4},{"damage":7,"enemies":"Spire Growth","floor":47,"turns":3},{"damage":7,"enemies":"Nemesis","floor":48,"turns":5},{"damage":39,"enemies":"Time Eater","floor":50,"turns":12}],"seed_played":"6236324062582970734","potions_obtained":[{"floor":2.0,"key":"EntropicBrew"},{"floor":6.0,"key":"Dexterity Potion"},{"floor":10.0,"key":"FairyPotion"},{"floor":12.0,"key":"Block Potion"},{"floor":22.0,"key":"Regen Potion"},{"floor":27.0,"key":"GamblersBrew"},{"floor":29.0,"key":"LiquidBronze"},{"floor":33,"key":"PowerPotion"},{"floor":47,"key":"Swift Potion"},{"floor":48,"key":"SteroidPotion"}],"is_trial":false,"path_per_floor":["M","M","M","M","M","E","R","?","T","M","R","E","R","?","R","B",null,"M","?","M","$","M","R","E","M","T","M","E","M","R","?","R","B",null,"M","?","$","M","T","R","M","R","T","M","R","?","M","E","R","B"],"character_chosen":"THE_SILENT","items_purchased":["Footwork","Blood Vial","Happy Flower","Well Laid Plans"],"campfire_rested":0,"item_purchase_floors":[21,21,21,37],"current_hp_per_floor":[70,70,68,68,60,44,44,30,30,20,20,4,4,4,4,4,70,60,54,48,48,15,15,19,16,16,18,19,19,19,29,29,6,80,76,82,82,84,84,84,72,72,72,74,74,74,69,64,64,39],"gold":276,"neow_bonus":"","is_prod":false,"is_daily":false,"chose_seed":false,"campfire_upgraded":7,"win_rate":0,"timestamp":1533093837,"path_taken":["M","M","M","M","M","E","R","?","T","M","R","E","R","?","R","BOSS","M","?","M","$","M","R","E","M","T","M","E","M","R","?","R","BOSS","M","?","$","M","?","R","M","R","T","M","R","?","M","E","R","BOSS"],"build_version":"2018-07-26","purchased_purges":2,"victory":true,"max_hp_per_floor":[70,70,70,70,70,70,70,70,70,70,70,70,70,70,70,70,70,70,70,70,70,70,70,70,70,70,70,70,70,70,80,80,80,80,80,94,94,94,94,94,94,94,94,94,94,94,94,94,94,94],"card_choices":[{"not_picked":["Quick Slash","Deflect"],"picked":"Deadly Poison","floor":1.0},{"not_picked":["Sucker Punch","PiercingWail"],"picked":"Dagger Spray","floor":2.0},{"not_picked":["Poisoned Stab","Deflect"],"picked":"Dash","floor":3.0},{"not_picked":["Acrobatics","Choke"],"picked":"Noxious Fumes","floor":4.0},{"not_picked":["All Out Attack","Eviscerate"],"picked":"Sucker Punch","floor":5.0},{"not_picked":["Grand Finale","Acrobatics","Dagger Throw"],"picked":"SKIP","floor":6.0},{"not_picked":["Bouncing Flask","Acrobatics","Eviscerate"],"picked":"SKIP","floor":10.0},{"not_picked":["Phantasmal Killer","Infinite Blades","Prepared"],"picked":"SKIP","floor":12.0},{"not_picked":["Die Die Die+1","Glass Knife+1"],"picked":"Adrenaline","floor":16.0},{"not_picked":["Riddle With Holes+1","Dodge and Roll","PiercingWail"],"picked":"SKIP","floor":18.0},{"not_picked":["Infinite Blades","Deadly Poison"],"picked":"Noxious Fumes","floor":20.0},{"not_picked":["Prepared","Heel Hook+1","Deadly Poison+1"],"picked":"SKIP","floor":22.0},{"not_picked":["Masterful Stab+1","Riddle With Holes+1","Bouncing Flask"],"picked":"SKIP","floor":24.0},{"not_picked":["Outmaneuver","Catalyst"],"picked":"Backstab+1","floor":25.0},{"not_picked":["Distraction","Corpse Explosion"],"picked":"Cloak And Dagger","floor":27.0},{"not_picked":["Cloak And Dagger+1","Acrobatics"],"picked":"Adrenaline","floor":28.0},{"not_picked":["Deadly Poison","Outmaneuver+1","Quick Slash+1"],"picked":"SKIP","floor":29.0},{"not_picked":["Night Terror","Unload+1"],"picked":"Bullet Time","floor":33},{"not_picked":["Acrobatics","Bane+1"],"picked":"Footwork","floor":35},{"not_picked":["Deadly Poison+1","Expertise"],"picked":"Acrobatics+1","floor":36},{"not_picked":["Deadly Poison","Dagger Throw+1"],"picked":"Noxious Fumes+1","floor":38},{"not_picked":["Skewer+1","Bullet Time"],"picked":"Dash+1","floor":41},{"not_picked":["Flying Knee+1","Infinite Blades+1"],"picked":"Footwork+1","floor":44},{"not_picked":["Quick Slash+1","Bane+1","Skewer+1"],"picked":"SKIP","floor":47},{"not_picked":["Dodge and Roll","Flying Knee+1"],"picked":"Dash+1","floor":48}],"player_experience":572059,"relics_obtained":[{"floor":6.0,"key":"Shovel"},{"floor":9.0,"key":"MawBank"},{"floor":12.0,"key":"Molten Egg 2"},{"floor":24.0,"key":"War Paint"},{"floor":26.0,"key":"Boot"},{"floor":28.0,"key":"Vajra"},{"floor":36,"key":"Mango"},{"floor":39,"key":"Meat on the Bone"},{"floor":40,"key":"Potion Belt"},{"floor":42,"key":"Ice Cream"},{"floor":43,"key":"Pen Nib"},{"floor":45,"key":"Bottled Flame"},{"floor":48,"key":"Thread and Needle"},{"floor":49,"key":"Art of War"}],"event_choices":[{"event_name":"Shining Light","player_choice":"Entered Light","floor":8.0,"damage_taken":0.0},{"event_name":"World of Goop","player_choice":"Left","floor":14.0,"damage_taken":0.0},{"event_name":"Nest","player_choice":"Joined the Cult","floor":19.0,"damage_taken":0.0},{"event_name":"Addict","player_choice":"Obtained Relic","floor":31.0,"damage_taken":0.0},{"event_name":"Mysterious Sphere","player_choice":"Fight","floor":36,"damage_taken":0},{"event_name":"Bonfire Elementals","player_choice":"BASIC","floor":46,"damage_taken":0}],"is_beta":false,"boss_relics":[{"not_picked":["Orrery","Pandora\u0027s Box"],"picked":"Astrolabe"},{"not_picked":["Snecko Eye","Velvet Choker"],"picked":"Fusion Hammer"}],"items_purged_floors":[21,37],"is_endless":false,"potions_floor_spawned":[2,6,10,12,22,27,29,33,47,48],"ascension_level":4}