{"gold_per_floor":[219,229,179,189,39,69,69,97,97,97,129,129,129,140,140,237,237,249,249,249,266,282,315,315,95,177,203,203,231,231,250,250,250],"floor_reached":33,"playtime":2599,"items_purged":["Strike_R","Strike_R"],"score":449,"play_id":"d8448591-c9c9-4778-8b1e-662719c90e69","local_time":"20180730115828","is_ascension_mode":true,"campfire_choices":[{"data":"Metallicize","floor":7,"key":"SMITH"},{"data":"True Grit","floor":12,"key":"SMITH"},{"data":"Bash","floor":15,"key":"SMITH"},{"data":"Limit Break","floor":24,"key":"SMITH"},{"data":"True Grit","floor":28,"key":"SMITH"},{"data":"Barricade","floor":30,"key":"SMITH"},{"data":"Spot Weakness","floor":32,"key":"SMITH"}],"neow_cost":"NONE","seed_source_timestamp":1613640142302252,"circlet_count":0,"master_deck":["Strike_R","Defend_R","Defend_R","Defend_R","Defend_R","Bash+1","Spot Weakness+1","Power Through","Metallicize+1","Shrug It Off","Cleave","Offering","True Grit+1","Double Tap","Headbutt","Limit Break+1","Headbutt+1","Heavy Blade","Battle Trance","Shrug It Off+1","Bludgeon","True Grit+1","Barricade+1","Armaments+1","Thunderclap"],"relics":["Burning Blood","Lantern","Smiling Mask","Bronze Scales","Meat on the Bone","Sozu","Oddly Smooth Stone","Omamori","Matryoshka","Dead Branch","Strawberry"],"potions_floor_usage":[8,8,21],"damage_taken":[{"damage":3,"enemies":"2 Louse","floor":1,"turns":3},{"damage":9,"enemies":"Jaw Worm","floor":2,"turns":5},{"damage":4,"enemies":"Small Slimes","floor":4,"turns":3},{"damage":14,"enemies":"3 Sentries","floor":6,"turns":9},{"damage":56,"enemies":"Gremlin Nob","floor":8,"turns":7},{"damage":29,"enemies":"Lagavulin","floor":11,"turns":13},{"damage":2,"enemies":"Red Slaver","floor":14,"turns":6},{"damage":18,"enemies":"Hexaghost","floor":16,"turns":11},{"damage":5,"enemies":"Chosen","floor":18,"turns":4},{"damage":5,"enemies":"Shell Parasite","floor":21,"turns":4},{"damage":19,"enemies":"Snake Plant","floor":22,"turns":3},{"damage":27,"enemies":"Slavers","floor":23,"turns":4},{"damage":19,"enemies":"Gremlin Leader","floor":27,"turns":6},{"damage":27,"enemies":"Book of Stabbing","floor":29,"turns":8},{"damage":15,"enemies":"Slaver and Parasite","floor":31,"turns":5},{"damage":60,"enemies":"Automaton","floor":33,"turns":6}],"seed_played":"717272203670568152","potions_obtained":[{"floor":2,"key":"SpeedPotion"},{"floor":4,"key":"FearPotion"},{"floor":14,"key":"Block Potion"}],"is_trial":false,"path_per_floor":["M","M","?","M","$","E","R","E","T","?","E","R","?","M","R","B",null,"M","?","?","M","M","E","R","$","T","E","R","E","R","M","R"],"character_chosen":"IRONCLAD","items_purchased":["Shrug It Off","Cleave","Omamori","True Grit"],"campfire_rested":0,"item_purchase_floors":[5,5,25,25],"current_hp_per_floor":[75,72,72,74,74,66,66,16,16,42,19,19,19,35,35,35,69,70,70,70,71,58,49,49,49,49,48,48,46,46,49,49,0],"gold":250,"neow_bonus":"HUNDRED_GOLD","is_prod":false,"is_daily":false,"chose_seed":false,"campfire_upgraded":7,"win_rate":0,"timestamp":1532966308,"path_taken":["M","M","?","M","$","E","R","E","T","?","E","R","?","M","R","BOSS","M","?","?","M","M","E","R","$","T","E","R","E","R","M","R","BOSS"],"build_version":"2018-07-26","purchased_purges":2,"victory":false,"max_hp_per_floor":[80,80,80,80,80,80,80,80,80,80,80,80,80,80,80,80,80,80,80,80,80,80,80,80,80,80,80,80,87,87,87,87,87],"card_choices":[{"not_picked":["Iron Wave","Armaments"],"picked":"Spot Weakness","floor":1},{"not_picked":["Flex","Thunderclap"],"picked":"Power Through","floor":2},{"not_picked":["Sword Boomerang","Warcry"],"picked":"Metallicize","floor":4},{"not_picked":["Warcry","Clash"],"picked":"Offering","floor":6},{"not_picked":["Cleave","Bloodletting"],"picked":"True Grit","floor":8},{"not_picked":["Havoc","Disarm"],"picked":"Double Tap","floor":11},{"not_picked":["Carnage","Wild Strike"],"picked":"Headbutt","floor":14},{"not_picked":["Brutality","Berserk"],"picked":"Limit Break","floor":16},{"not_picked":["Battle Trance","Flame Barrier"],"picked":"Headbutt+1","floor":18},{"not_picked":["Sever Soul","Perfected Strike"],"picked":"Battle Trance","floor":21},{"not_picked":["Metallicize","Armaments"],"picked":"Shrug It Off+1","floor":22},{"not_picked":["Wild Strike","Dropkick"],"picked":"Bludgeon","floor":23},{"not_picked":["Wild Strike+1","True Grit"],"picked":"Barricade","floor":27},{"not_picked":["Thunderclap","Shrug It Off"],"picked":"Armaments+1","floor":29},{"not_picked":["Rupture","Combust"],"picked":"Thunderclap","floor":31}],"player_experience":385095,"relics_obtained":[{"floor":6,"key":"Lantern"},{"floor":8,"key":"Smiling Mask"},{"floor":9,"key":"Bronze Scales"},{"floor":11,"key":"Meat on the Bone"},{"floor":23,"key":"Oddly Smooth Stone"},{"floor":26,"key":"Matryoshka"},{"floor":27,"key":"Dead Branch"},{"floor":29,"key":"Strawberry"}],"event_choices":[{"event_name":"The Cleric","player_choice":"Card Removal","floor":3,"damage_taken":0},{"event_name":"Big Fish","player_choice":"Banana","floor":10,"damage_taken":0},{"event_name":"Wheel of Change","player_choice":"Card Removal","floor":13,"damage_taken":0},{"event_name":"Drug Dealer","player_choice":"Ignored","floor":19,"damage_taken":0},{"event_name":"The Library","player_choice":"Read","floor":20,"damage_taken":0}],"is_beta":false,"boss_relics":[{"not_picked":["Cursed Key","Velvet Choker"],"picked":"Sozu"}],"items_purged_floors":[5,25],"is_endless":false,"potions_floor_spawned":[2,4,14,18,21,23,29],"killed_by":"Automaton","ascension_level":8}