{"gold_per_floor":[116,116,116,116,133,133,159,159,184,198,198,48,48,48,48,179,179,192,107,40,40,139,139,117,138,163,163,184,197,19,33,33,154,154,179,19,32,32,132,132,151,151,151,174,0,0,0,23,23,23],"floor_reached":51,"playtime":3434,"items_purged":["Strike_B","Injury","Trip"],"score":707,"play_id":"7de3290e-bb24-4b5a-99b5-6988d73f3877","local_time":"20190428213235","is_ascension_mode":true,"campfire_choices":[{"data":"Turbo","floor":6,"key":"SMITH"},{"data":"Sunder","floor":8,"key":"SMITH"},{"data":"Zap","floor":11,"key":"SMITH"},{"floor":13,"key":"REST"},{"data":"Conserve Battery","floor":15,"key":"SMITH"},{"data":"Hologram","floor":23,"key":"SMITH"},{"floor":32,"key":"REST"},{"data":"Defragment","floor":40,"key":"SMITH"},{"data":"Machine Learning","floor":42,"key":"SMITH"},{"data":"Echo Form","floor":49,"key":"SMITH"}],"neow_cost":"NONE","seed_source_timestamp":101412879681542,"circlet_count":0,"master_deck":["Strike_B+1","Defend_B+1","Defend_B+1","Defend_B+1","Defend_B+1","Zap+1","Dualcast+1","Turbo+1","Sunder+1","Conserve Battery+1","Machine Learning+1","Coolheaded+1","Defragment+1","Hologram+1","Turbo+1","Hello World+1","Thunder Strike+1","Undo+1","Chill+1","Buffer+1","White Noise+1","Sunder+1","Sunder+1","Hologram+1","Streamline+1","Echo Form+1"],"relics":["Cracked Core","Oddly Smooth Stone","Centennial Puzzle","Juzu Bracelet","Golden Idol","Velvet Choker","Ancient Tea Set","Bag of Preparation","Snecko Eye","Pantograph","Red Mask","Mark of the Bloom"],"potions_floor_usage":[7,7,16,25,29,33,48,50,50],"damage_taken":[{"damage":4,"enemies":"Jaw Worm","floor":1,"turns":3},{"damage":0,"enemies":"2 Louse","floor":5,"turns":1},{"damage":22,"enemies":"Lagavulin","floor":7,"turns":5},{"damage":0,"enemies":"Small Slimes","floor":10,"turns":2},{"damage":55,"enemies":"Slime Boss","floor":16,"turns":13},{"damage":6,"enemies":"3 Byrds","floor":18,"turns":4},{"damage":27,"enemies":"2 Thieves","floor":24,"turns":5},{"damage":3,"enemies":"Centurion and Healer","floor":25,"turns":6},{"damage":7,"enemies":"Cultist and Chosen","floor":28,"turns":5},{"damage":12,"enemies":"Snake Plant","floor":29,"turns":2},{"damage":4,"enemies":"Centurion and Healer","floor":31,"turns":7},{"damage":40,"enemies":"Automaton","floor":33,"turns":11},{"damage":0,"enemies":"3 Darklings","floor":35,"turns":11},{"damage":0,"enemies":"3 Shapes","floor":37,"turns":5},{"damage":0,"enemies":"Transient","floor":41,"turns":5},{"damage":29,"enemies":"Jaw Worm Horde","floor":44,"turns":4},{"damage":0,"enemies":"3 Darklings","floor":48,"turns":4},{"damage":7,"enemies":"Time Eater","floor":50,"turns":6}],"seed_played":"7213114924249074623","potions_obtained":[{"floor":1,"key":"FocusPotion"},{"floor":5,"key":"Regen Potion"},{"floor":25,"key":"Fruit Juice"},{"floor":28,"key":"Regen Potion"},{"floor":31,"key":"Dexterity Potion"},{"floor":41,"key":"Energy Potion"},{"floor":44,"key":"Weak Potion"},{"floor":48,"key":"Strength Potion"}],"is_trial":false,"path_per_floor":["M","?","?","?","M","R","E","R","T","M","R","$","R","?","R","B",null,"M","?","$","?","?","R","M","M","T","?","M","M","$","M","R","B",null,"M","$","M","?","?","R","M","R","T","M","?","?","?","M","R","B",null],"character_chosen":"DEFECT","items_purchased":["GamblersBrew","Defragment","GamblersBrew","Sunder"],"campfire_rested":2,"item_purchase_floors":[12,20,30,36],"current_hp_per_floor":[71,59,59,44,44,44,36,36,36,36,36,36,58,58,58,3,75,69,69,69,69,69,69,42,44,44,44,37,30,30,26,50,10,80,80,80,80,80,80,80,80,80,80,51,51,51,51,51,51,44],"gold":23,"neow_bonus":"RANDOM_COLORLESS","is_prod":false,"is_daily":false,"chose_seed":false,"campfire_upgraded":8,"win_rate":0,"timestamp":1556501555,"path_taken":["M","?","?","?","M","R","E","R","T","M","R","$","R","?","R","BOSS","M","?","$","?","?","R","M","M","T","?","M","M","?","M","R","BOSS","M","$","M","?","?","R","M","R","T","M","?","?","?","M","R","BOSS"],"build_version":"2019-01-23","purchased_purges":3,"victory":true,"max_hp_per_floor":[75,75,75,75,75,75,75,75,75,75,75,75,75,75,75,75,75,75,75,75,75,75,75,75,80,80,80,80,80,80,80,80,80,80,80,80,80,80,80,80,80,80,80,80,80,80,80,80,80,80],"card_choices":[{"not_picked":["Rebound","Undo"],"picked":"Turbo","floor":1},{"not_picked":["Lockon","Cold Snap"],"picked":"Sunder","floor":5},{"not_picked":["Ball Lightning","Cold Snap"],"picked":"Turbo","floor":7},{"not_picked":["Barrage","Stack"],"picked":"Conserve Battery","floor":10},{"not_picked":["Electrodynamics","Amplify"],"picked":"Machine Learning","floor":16},{"not_picked":["Genetic Algorithm","Hello World"],"picked":"Coolheaded","floor":18},{"not_picked":["Gash","Conserve Battery"],"picked":"Turbo+1","floor":24},{"not_picked":["Sweeping Beam","Beam Cell+1"],"picked":"Hello World+1","floor":25},{"not_picked":["Go for the Eyes","Turbo","Ball Lightning+1"],"picked":"SKIP","floor":28},{"not_picked":["Gash","Rebound"],"picked":"Undo","floor":29},{"not_picked":["Turbo+1","Streamline"],"picked":"Chill","floor":31},{"not_picked":["Biased Cognition","Thunder Strike"],"picked":"Buffer","floor":33},{"not_picked":["Beam Cell","Cold Snap"],"picked":"White Noise+1","floor":35},{"not_picked":["Beam Cell","Compile Driver"],"picked":"Sunder","floor":37},{"not_picked":["Heatsinks+1","Electrodynamics"],"picked":"Hologram+1","floor":41},{"not_picked":["Steam+1","Steam Power+1"],"picked":"Streamline","floor":44},{"not_picked":["Hologram+1","Turbo+1"],"picked":"Echo Form","floor":48}],"player_experience":206279,"relics_obtained":[{"floor":7,"key":"Centennial Puzzle"},{"floor":9,"key":"Juzu Bracelet"},{"floor":26,"key":"Bag of Preparation"},{"floor":43,"key":"Pantograph"}],"event_choices":[{"damage_healed":0,"gold_gain":0,"player_choice":"Success","damage_taken":12,"relics_obtained":["Oddly Smooth Stone"],"max_hp_gain":0,"max_hp_loss":0,"event_name":"Scrap Ooze","floor":2,"gold_loss":0},{"cards_removed":["Strike_B"],"damage_healed":0,"gold_gain":0,"player_choice":"Forget","damage_taken":0,"max_hp_gain":0,"max_hp_loss":0,"event_name":"Living Wall","floor":3,"gold_loss":0},{"damage_healed":0,"gold_gain":0,"player_choice":"Entered Light","damage_taken":15,"max_hp_gain":0,"max_hp_loss":0,"event_name":"Shining Light","floor":4,"gold_loss":0,"cards_upgraded":["Dualcast","Strike_B"]},{"damage_healed":0,"gold_gain":0,"player_choice":"Take Wound","damage_taken":0,"relics_obtained":["Golden Idol"],"max_hp_gain":0,"max_hp_loss":0,"event_name":"Golden Idol","floor":14,"gold_loss":0,"cards_obtained":["Injury"]},{"damage_healed":0,"gold_gain":0,"player_choice":"Obtained Relic","damage_taken":0,"relics_obtained":["Ancient Tea Set"],"max_hp_gain":0,"max_hp_loss":0,"event_name":"Addict","floor":19,"gold_loss":85},{"damage_healed":0,"gold_gain":0,"player_choice":"Read","damage_taken":0,"max_hp_gain":0,"max_hp_loss":0,"event_name":"The Library","floor":21,"gold_loss":0,"cards_obtained":["Hologram"]},{"damage_healed":0,"gold_gain":99,"player_choice":"Stole From Cult","damage_taken":0,"max_hp_gain":0,"max_hp_loss":0,"event_name":"Nest","floor":22,"gold_loss":0},{"damage_healed":0,"gold_gain":0,"cards_transformed":["Turbo"],"player_choice":"Transformed","damage_taken":0,"max_hp_gain":0,"max_hp_loss":0,"event_name":"Transmorgrifier","floor":27,"gold_loss":0,"cards_obtained":["Thunder Strike"]},{"cards_removed":["Strike_B"],"damage_healed":0,"gold_gain":0,"player_choice":"Removed Attack","damage_taken":0,"max_hp_gain":0,"max_hp_loss":0,"event_name":"Falling","floor":38,"gold_loss":0},{"damage_healed":0,"gold_gain":100,"player_choice":"Pray","damage_taken":0,"max_hp_gain":0,"max_hp_loss":0,"event_name":"Golden Shrine","floor":39,"gold_loss":0},{"damage_healed":0,"gold_gain":0,"player_choice":"Paid","damage_taken":0,"relics_obtained":["Red Mask"],"max_hp_gain":0,"max_hp_loss":0,"event_name":"Tomb of Lord Red Mask","floor":45,"gold_loss":174},{"damage_healed":0,"gold_gain":0,"player_choice":"Ignored","damage_taken":0,"max_hp_gain":0,"max_hp_loss":0,"event_name":"Mysterious Sphere","floor":46,"gold_loss":0},{"damage_healed":0,"gold_gain":0,"player_choice":"Upgrade","damage_taken":0,"relics_obtained":["Mark of the Bloom"],"max_hp_gain":0,"max_hp_loss":0,"event_name":"MindBloom","floor":47,"gold_loss":0,"cards_upgraded":["Defend_B","Defend_B","Defend_B","Defend_B","Coolheaded","Thunder Strike","Undo","Chill","Buffer","Sunder","Sunder","Streamline"]}],"is_beta":false,"boss_relics":[{"not_picked":["Ectoplasm","Calling Bell"],"picked":"Velvet Choker"},{"not_picked":["Nuclear Battery","Orrery"],"picked":"Snecko Eye"}],"items_purged_floors":[12,30,36],"is_endless":false,"potions_floor_spawned":[1,5,25,28,31,41,44,48],"ascension_level":3}