{"gold_per_floor":[113,129,143,143,156,181,61,72,72,72,85,85,95,123,123,195,195,206,206,106,167,167,167,194,244,318,318],"floor_reached":27,"playtime":1185,"items_purged":["Strike_B","Strike_B"],"score":490,"play_id":"fa1901be-17a9-4fe3-ba01-21ebd97f8d56","local_time":"20190522184439","is_ascension_mode":true,"campfire_choices":[{"data":"Go for the Eyes","floor":10,"key":"SMITH"},{"data":"Defragment","floor":12,"key":"SMITH"},{"data":"Loop","floor":15,"key":"SMITH"},{"data":"Creative AI","floor":23,"key":"SMITH"}],"neow_cost":"NONE","seed_source_timestamp":109303573771946,"circlet_count":0,"master_deck":["AscendersBane","Strike_B","Strike_B","Defend_B","Defend_B","Defend_B","Defend_B","Zap","Dualcast","Go for the Eyes+1","Ball Lightning","Ball Lightning","Conserve Battery","Creative AI+1","FTL","Cold Snap","Defragment+1","Loop+1","Compile Driver","Biased Cognition","Hologram","Leap+1","Ghostly","Ghostly","Ghostly"],"relics":["Cracked Core","Strawberry","Ginger","Meat on the Bone","Bag of Preparation","Inserter","SsserpentHead","Calipers","Mercury Hourglass"],"potions_floor_usage":[5,6,11,14,16,22,24],"damage_taken":[{"damage":0,"enemies":"Cultist","floor":1,"turns":3},{"damage":5,"enemies":"Small Slimes","floor":2,"turns":4},{"damage":2,"enemies":"2 Louse","floor":3,"turns":2},{"damage":1,"enemies":"Red Slaver","floor":5,"turns":3},{"damage":24,"enemies":"Gremlin Nob","floor":6,"turns":5},{"damage":12,"enemies":"Large Slime","floor":8,"turns":3},{"damage":5,"enemies":"Lots of Slimes","floor":11,"turns":4},{"damage":0,"enemies":"3 Louse","floor":13,"turns":3},{"damage":12,"enemies":"3 Sentries","floor":14,"turns":6},{"damage":5,"enemies":"Hexaghost","floor":16,"turns":13},{"damage":0,"enemies":"Chosen","floor":18,"turns":3},{"damage":23,"enemies":"Spheric Guardian","floor":21,"turns":6},{"damage":0,"enemies":"Cultist and Chosen","floor":22,"turns":2},{"damage":42,"enemies":"Gremlin Leader","floor":24,"turns":7},{"damage":21,"enemies":"Slavers","floor":27,"turns":4}],"seed_played":"4537374914982360093","potions_obtained":[{"floor":4,"key":"Ancient Potion"},{"floor":4,"key":"Explosive Potion"},{"floor":6,"key":"EssenceOfSteel"},{"floor":11,"key":"SkillPotion"},{"floor":13,"key":"Dexterity Potion"},{"floor":14,"key":"SmokeBomb"},{"floor":18,"key":"Poison Potion"}],"is_trial":false,"path_per_floor":["M","M","M","?","M","E","$","M","T","R","M","R","M","E","R","B",null,"M","?","$","M","M","R","E","?","T","E"],"character_chosen":"DEFECT","items_purchased":["FTL"],"campfire_rested":0,"item_purchase_floors":[7],"current_hp_per_floor":[71,66,64,64,63,39,39,27,27,27,34,34,46,46,46,41,69,69,69,69,46,46,46,16,16,16,0],"gold":318,"neow_bonus":"RANDOM_COMMON_RELIC","is_prod":false,"is_daily":false,"chose_seed":false,"campfire_upgraded":4,"win_rate":0,"timestamp":1558565079,"path_taken":["M","?","M","?","M","E","$","M","T","R","?","R","?","E","R","BOSS","M","?","$","?","M","R","E","?","T","E"],"build_version":"2019-01-23","purchased_purges":2,"victory":false,"max_hp_per_floor":[78,78,78,78,78,78,78,78,78,78,78,78,78,78,78,78,78,78,78,78,78,78,78,78,39,39,39],"card_choices":[{"not_picked":["Leap","Streamline"],"picked":"Go for the Eyes","floor":1},{"not_picked":["Hologram","Go for the Eyes"],"picked":"Ball Lightning","floor":2},{"not_picked":["Fusion","Redo"],"picked":"Ball Lightning","floor":3},{"not_picked":["Redo","Steam"],"picked":"Conserve Battery","floor":5},{"not_picked":["Rebound","Steam"],"picked":"Creative AI","floor":6},{"not_picked":["Beam Cell","Core Surge"],"picked":"Cold Snap","floor":8},{"not_picked":["Gash","Sweeping Beam"],"picked":"Defragment","floor":11},{"not_picked":["Barrage","Redo"],"picked":"Loop","floor":13},{"not_picked":["Reprogram","Capacitor"],"picked":"Compile Driver","floor":14},{"not_picked":["Fission","Hyperbeam"],"picked":"Biased Cognition","floor":16},{"not_picked":["Skim","Beam Cell"],"picked":"Hologram","floor":18},{"not_picked":["Streamline","Rebound","Steam"],"picked":"SKIP","floor":21},{"not_picked":["Ball Lightning","Streamline"],"picked":"Leap+1","floor":24}],"player_experience":1437812,"relics_obtained":[{"floor":6,"key":"Ginger"},{"floor":9,"key":"Meat on the Bone"},{"floor":14,"key":"Bag of Preparation"},{"floor":24,"key":"Calipers"},{"floor":26,"key":"Mercury Hourglass"}],"event_choices":[{"damage_healed":0,"gold_gain":0,"player_choice":"Got Potions","damage_taken":0,"max_hp_gain":0,"max_hp_loss":0,"event_name":"Lab","floor":4,"gold_loss":0},{"damage_healed":0,"gold_gain":0,"player_choice":"Trade","damage_taken":0,"relics_obtained":["SsserpentHead"],"max_hp_gain":0,"max_hp_loss":0,"event_name":"FaceTrader","floor":19,"gold_loss":0},{"damage_healed":0,"gold_gain":0,"player_choice":"Became a Ghost","damage_taken":0,"max_hp_gain":0,"max_hp_loss":39,"event_name":"Ghosts","floor":25,"gold_loss":0,"cards_obtained":["Ghostly","Ghostly","Ghostly"]}],"is_beta":false,"boss_relics":[{"not_picked":["Eternal Feather","Ectoplasm"],"picked":"Inserter"}],"items_purged_floors":[7,20],"is_endless":false,"potions_floor_spawned":[6,11,13,14,18,22],"killed_by":"Slavers","ascension_level":20}