{"gold_per_floor":[110,125,138,152,152,152,186,186,186,186,199,199,228,239,239,313,313,263,276,114,164,178,178,190,221,221,221,221,252,252,269,269,346,346,364,364,376,59,71,97,97,130,176,176,210,210,244,257,257,257,257],"floor_reached":51,"playtime":3095,"items_purged":["Strike_G","Pain"],"score":1905,"play_id":"df436aef-1cfe-4ebb-b675-096678ed8afa","local_time":"20190518004502","is_ascension_mode":true,"campfire_choices":[{"data":"Deadly Poison","floor":6.0,"key":"SMITH"},{"data":"Neutralize","floor":8.0,"key":"SMITH"},{"floor":10.0,"key":"REST"},{"data":"Dodge and Roll","floor":15.0,"key":"SMITH"},{"data":"Catalyst","floor":23.0,"key":"SMITH"},{"floor":27.0,"key":"REST"},{"data":"Catalyst","floor":32,"key":"SMITH"},{"floor":41,"key":"REST"},{"floor":44,"key":"RECALL"},{"floor":46,"key":"REST"},{"floor":49,"key":"REST"}],"neow_cost":"NONE","seed_source_timestamp":12562585936618,"circlet_count":0,"master_deck":["AscendersBane","Defend_G","Defend_G+1","Defend_G+1","Defend_G","Defend_G","Strike_G","Strike_G","Strike_G","Survivor","Neutralize+1","PiercingWail","Deadly Poison+1","Dagger Throw","Dodge and Roll+1","Poisoned Stab","Escape Plan","Wraith Form v2+1","Acrobatics","Backflip","Catalyst+1","PiercingWail+1","Catalyst+1","PiercingWail","Wraith Form v2+1","PiercingWail+1","Prepared+1","Burst","Caltrops+1","Cloak And Dagger+1"],"special_seed":0,"relics":["Ring of the Snake","Paper Crane","Frozen Egg 2","Mummified Hand","Velvet Choker","Juzu Bracelet","WarpedTongs","War Paint","Fusion Hammer","Medical Kit","Tingsha","Bag of Marbles","Smiling Mask","Letter Opener","Happy Flower"],"potions_floor_usage":[50,50],"damage_taken":[{"damage":5.0,"enemies":"Cultist","floor":1.0,"turns":5.0},{"damage":2.0,"enemies":"Jaw Worm","floor":2.0,"turns":6.0},{"damage":6.0,"enemies":"Small Slimes","floor":3.0,"turns":5.0},{"damage":3.0,"enemies":"Blue Slaver","floor":4.0,"turns":6.0},{"damage":39.0,"enemies":"Gremlin Nob","floor":7.0,"turns":4.0},{"damage":14.0,"enemies":"Lots of Slimes","floor":11.0,"turns":5.0},{"damage":1.0,"enemies":"Lagavulin","floor":13.0,"turns":8.0},{"damage":0.0,"enemies":"2 Fungi Beasts","floor":14.0,"turns":3.0},{"damage":8.0,"enemies":"Hexaghost","floor":16.0,"turns":12.0},{"damage":0.0,"enemies":"2 Thieves","floor":18.0,"turns":5.0},{"damage":8.0,"enemies":"Chosen","floor":19.0,"turns":5.0},{"damage":6.0,"enemies":"Snecko","floor":22.0,"turns":7.0},{"damage":22.0,"enemies":"Sentry and Sphere","floor":24.0,"turns":7.0},{"damage":0.0,"enemies":"Gremlin Leader","floor":25.0,"turns":5.0},{"damage":3.0,"enemies":"Book of Stabbing","floor":29.0,"turns":4.0},{"damage":5,"enemies":"Chosen and Byrds","floor":31,"turns":7},{"damage":2,"enemies":"Collector","floor":33,"turns":4},{"damage":20,"enemies":"3 Darklings","floor":35,"turns":10},{"damage":4,"enemies":"Orb Walker","floor":37,"turns":5},{"damage":7,"enemies":"4 Shapes","floor":39,"turns":13},{"damage":4,"enemies":"Nemesis","floor":40,"turns":9},{"damage":0,"enemies":"Giant Head","floor":42,"turns":8},{"damage":3,"enemies":"Reptomancer","floor":45,"turns":4},{"damage":0,"enemies":"Nemesis","floor":47,"turns":5},{"damage":0,"enemies":"3 Darklings","floor":48,"turns":7},{"damage":71,"enemies":"Time Eater","floor":50,"turns":17},{"damage":9,"enemies":"Donu and Deca","floor":51,"turns":3}],"seed_played":"-5886050407011406779","potions_obtained":[{"floor":7.0,"key":"Dexterity Potion"},{"floor":11.0,"key":"EntropicBrew"}],"is_trial":false,"path_per_floor":["M","M","M","M","?","R","E","R","T","R","M","?","E","M","R","B",null,"M","M","$","?","M","R","M","E","T","R","?","E","?","M","R","B",null,"M","?","M","$","M","E","R","E","T","R","E","R","E","M","R","B","B"],"character_chosen":"THE_SILENT","items_purchased":["Catalyst","Medical Kit"],"campfire_rested":5,"item_purchase_floors":[20,38],"current_hp_per_floor":[60,58,52,49,54,54,15,15,15,38,24,17,16,16,16,8,60,60,52,52,52,46,46,24,24,24,47,47,44,35,30,30,28,65,45,45,41,41,34,30,53,53,53,53,50,73,73,73,77,6,0],"gold":257,"neow_bonus":"TEN_PERCENT_HP_BONUS","is_prod":false,"is_daily":false,"chose_seed":false,"campfire_upgraded":5,"win_rate":0,"timestamp":1558154702,"path_taken":["M","M","?","M","?","R","E","R","T","R","M","?","E","M","R","BOSS","M","M","$","?","M","R","?","E","T","R","?","E","?","M","R","BOSS","M","?","M","$","M","E","R","E","T","R","E","R","E","M","R","BOSS","BOSS"],"build_version":"2019-01-23","purchased_purges":2,"victory":false,"max_hp_per_floor":[72,72,72,72,77,77,77,77,77,77,77,77,77,77,77,77,77,77,77,77,77,77,77,77,77,77,77,77,77,77,77,77,77,77,77,77,77,77,77,77,77,77,77,77,77,77,77,77,77,77,77],"card_choices":[{"not_picked":["Acrobatics","Bane"],"picked":"PiercingWail","floor":1.0},{"not_picked":["Outmaneuver","Deflect"],"picked":"Deadly Poison","floor":2.0},{"not_picked":["Flying Knee","Escape Plan"],"picked":"Dagger Throw","floor":3.0},{"not_picked":["Blade Dance","Flying Knee","Dagger Throw"],"picked":"SKIP","floor":4.0},{"not_picked":["Envenom","Accuracy"],"picked":"Dodge and Roll","floor":7.0},{"not_picked":["Choke","Acrobatics"],"picked":"Poisoned Stab","floor":11.0},{"not_picked":["Choke","Prepared"],"picked":"Escape Plan","floor":13.0},{"not_picked":["Distraction","Dagger Throw","Masterful Stab"],"picked":"SKIP","floor":14.0},{"not_picked":["After Image+1","Corpse Explosion"],"picked":"Wraith Form v2+1","floor":16.0},{"not_picked":["Infinite Blades+1","Flying Knee"],"picked":"Acrobatics","floor":18.0},{"not_picked":["Expertise","Deflect"],"picked":"Backflip","floor":19.0},{"not_picked":["Underhanded Strike","Sucker Punch","Deflect"],"picked":"SKIP","floor":22.0},{"not_picked":["Eviscerate","Endless Agony+1"],"picked":"PiercingWail+1","floor":24.0},{"not_picked":["Prepared","Backstab"],"picked":"Catalyst","floor":25.0},{"not_picked":["Escape Plan","Backstab"],"picked":"PiercingWail","floor":29.0},{"not_picked":["Escape Plan","Grand Finale","Riddle With Holes"],"picked":"SKIP","floor":31},{"not_picked":["Night Terror","Malaise"],"picked":"Wraith Form v2+1","floor":33},{"not_picked":["Prepared+1","Heel Hook"],"picked":"PiercingWail+1","floor":35},{"not_picked":["Backstab","Poisoned Stab"],"picked":"Prepared+1","floor":37},{"not_picked":["Predator","Eviscerate","Blade Dance"],"picked":"SKIP","floor":39},{"not_picked":["Riddle With Holes","Slice","Flechettes"],"picked":"SKIP","floor":40},{"not_picked":["Blade Dance","Poisoned Stab+1","Quick Slash"],"picked":"SKIP","floor":42},{"not_picked":["Distraction","Escape Plan"],"picked":"Burst","floor":45},{"not_picked":["Die Die Die","Underhanded Strike"],"picked":"Caltrops+1","floor":47},{"not_picked":["Finisher","Infinite Blades+1"],"picked":"Cloak And Dagger+1","floor":48}],"player_experience":1423217,"relics_obtained":[{"floor":7.0,"key":"Paper Crane"},{"floor":9.0,"key":"Frozen Egg 2"},{"floor":13.0,"key":"Mummified Hand"},{"floor":25.0,"key":"Juzu Bracelet"},{"floor":29.0,"key":"War Paint"},{"floor":40,"key":"Tingsha"},{"floor":42,"key":"Bag of Marbles"},{"floor":43,"key":"Smiling Mask"},{"floor":45,"key":"Letter Opener"},{"floor":47,"key":"Happy Flower"}],"event_choices":[{"damage_healed":0.0,"max_hp_gain":5.0,"max_hp_loss":0.0,"gold_gain":0.0,"event_name":"Big Fish","player_choice":"Donut","floor":5.0,"gold_loss":0.0,"damage_taken":0.0},{"cards_removed":["Strike_G"],"damage_healed":0.0,"max_hp_gain":0.0,"max_hp_loss":0.0,"gold_gain":0.0,"event_name":"Golden Wing","player_choice":"Card Removal","floor":12.0,"gold_loss":0.0,"damage_taken":7.0},{"damage_healed":0.0,"max_hp_gain":0.0,"max_hp_loss":0.0,"gold_gain":100.0,"event_name":"The Joust","player_choice":"Bet on Murderer","floor":21.0,"gold_loss":50.0,"damage_taken":0.0},{"damage_healed":0.0,"max_hp_gain":0.0,"max_hp_loss":0.0,"gold_gain":0.0,"event_name":"Accursed Blacksmith","player_choice":"Rummage","floor":28.0,"gold_loss":0.0,"damage_taken":0.0,"relics_obtained":["WarpedTongs"],"cards_obtained":["Pain"]},{"damage_healed":0,"gold_gain":0,"player_choice":"Stopped","damage_taken":9,"max_hp_gain":0,"max_hp_loss":0,"event_name":"Cursed Tome","floor":30,"gold_loss":0},{"damage_healed":0,"gold_gain":0,"player_choice":"Ignored","damage_taken":0,"max_hp_gain":0,"max_hp_loss":0,"event_name":"Tomb of Lord Red Mask","floor":36,"gold_loss":0}],"is_beta":false,"boss_relics":[{"not_picked":["Sozu","Ring of the Serpent"],"picked":"Velvet Choker"},{"not_picked":["Cursed Key","White Beast Statue"],"picked":"Fusion Hammer"}],"items_purged_floors":[20,38],"is_endless":false,"potions_floor_spawned":[7,11,14,22,24,31,37,42,47],"killed_by":"Donu and Deca","ascension_level":20}