{"gold_per_floor":[114,131,149,44,74,74,105,105,132,162,174,217,240,283,295,379,391,417,429,366,378,403,126,126,157,234,245,245,159,183,0,0,76,76,89,89,109,22,41,41,7,7,56,56,56,56,56,86,86,86],"floor_reached":50,"playtime":1828,"items_purged":["Strike_G","Decay","Regret"],"score":896,"play_id":"bf86979d-98d5-4afb-af40-582b22d01e37","local_time":"20190713142209","is_ascension_mode":true,"campfire_choices":[{"floor":6,"key":"REST"},{"floor":8,"key":"REST"},{"floor":11,"key":"RECALL"},{"floor":15,"key":"REST"},{"floor":24,"key":"REST"},{"floor":28,"key":"REST"},{"floor":32,"key":"REST"},{"floor":40,"key":"REST"},{"floor":42,"key":"REST"},{"floor":47,"key":"REST"},{"floor":49,"key":"REST"}],"neow_cost":"NONE","seed_source_timestamp":81730456932541,"circlet_count":0,"master_deck":["AscendersBane","Strike_G","Strike_G","Strike_G","Defend_G","Defend_G","Defend_G","Defend_G","Defend_G","Neutralize+1","Bouncing Flask","Footwork","Predator+1","Deadly Poison","Adrenaline","Catalyst+1","Burst","Footwork","Dark Shackles","Catalyst","Crippling Poison","Burst","Well Laid Plans","Noxious Fumes","Decay"],"relics":["Fusion Hammer","Tiny Chest","Smiling Mask","MawBank","Ancient Tea Set","Potion Belt","Cursed Key","Enchiridion","Whetstone","Turnip","Question Card","Anchor","Busted Crown","Bottled Lightning"],"potions_floor_usage":[12,16,16,22,27,35,50],"damage_taken":[{"damage":0,"enemies":"Jaw Worm","floor":1,"turns":5},{"damage":0,"enemies":"2 Louse","floor":2,"turns":3},{"damage":6,"enemies":"Small Slimes","floor":3,"turns":4},{"damage":28,"enemies":"Gremlin Nob","floor":7,"turns":5},{"damage":0,"enemies":"2 Fungi Beasts","floor":10,"turns":3},{"damage":3,"enemies":"3 Sentries","floor":12,"turns":8},{"damage":0,"enemies":"Red Slaver","floor":13,"turns":3},{"damage":12,"enemies":"Gremlin Nob","floor":14,"turns":4},{"damage":35,"enemies":"Slime Boss","floor":16,"turns":10},{"damage":15,"enemies":"2 Thieves","floor":18,"turns":4},{"damage":4,"enemies":"Shell Parasite","floor":22,"turns":4},{"damage":22,"enemies":"Slavers","floor":25,"turns":7},{"damage":16,"enemies":"Centurion and Healer","floor":27,"turns":6},{"damage":10,"enemies":"Champ","floor":33,"turns":5},{"damage":37,"enemies":"3 Darklings","floor":35,"turns":9},{"damage":13,"enemies":"Orb Walker","floor":37,"turns":4},{"damage":5,"enemies":"Maw","floor":39,"turns":5},{"damage":55,"enemies":"Reptomancer","floor":48,"turns":5},{"damage":36,"enemies":"Donu and Deca","floor":50,"turns":4}],"seed_played":"-9061084935550069655","potions_obtained":[{"floor":3,"key":"Fire Potion"},{"floor":10,"key":"Strength Potion"},{"floor":12,"key":"Swift Potion"},{"floor":18,"key":"SkillPotion"},{"floor":25,"key":"Swift Potion"},{"floor":33,"key":"Regen Potion"},{"floor":48,"key":"Strength Potion"}],"is_trial":false,"path_per_floor":["M","M","M","$","?","R","E","R","T","M","R","E","M","E","R","B",null,"M","?","?","?","M","$","R","E","T","M","R","$","T","?","R","B",null,"M","?","M","$","M","R","$","R","T","?","?","?","R","E","R","B"],"character_chosen":"THE_SILENT","items_purchased":["Footwork","Predator","Whetstone","Dark Shackles","Crippling Poison","Well Laid Plans","Noxious Fumes"],"campfire_rested":10,"item_purchase_floors":[4,4,23,23,29,38,41],"current_hp_per_floor":[59,59,53,53,50,66,38,57,57,57,57,54,54,42,61,26,56,41,25,25,25,21,21,40,18,18,2,21,21,21,21,40,30,57,35,35,22,22,17,36,36,55,55,55,55,55,63,8,26,0],"gold":86,"neow_bonus":"BOSS_RELIC","is_prod":false,"is_daily":false,"chose_seed":false,"campfire_upgraded":0,"win_rate":0,"timestamp":1563042129,"path_taken":["M","M","M","$","?","R","E","R","T","M","R","E","M","E","R","BOSS","M","?","?","?","M","$","R","E","T","?","R","$","?","?","R","BOSS","M","?","M","$","M","R","$","R","T","?","?","?","R","E","R","BOSS"],"build_version":"2019-07-05","purchased_purges":3,"victory":false,"max_hp_per_floor":[66,66,66,66,66,66,66,66,66,66,66,66,66,66,66,66,66,66,66,66,66,66,66,66,66,66,66,66,66,66,66,66,66,66,66,66,66,66,66,66,66,66,66,66,66,63,63,63,63,63],"card_choices":[{"not_picked":["Acrobatics","Caltrops"],"picked":"Bouncing Flask","floor":1},{"not_picked":["Poisoned Stab","Finisher","Underhanded Strike"],"picked":"SKIP","floor":2},{"not_picked":["Bane","Tactician","Sucker Punch"],"picked":"SKIP","floor":3},{"not_picked":["Choke","Distraction"],"picked":"Deadly Poison","floor":7},{"not_picked":["Blade Dance","Underhanded Strike","Dagger Throw"],"picked":"SKIP","floor":10},{"not_picked":["Cloak And Dagger","Dagger Spray"],"picked":"Adrenaline","floor":12},{"not_picked":["Outmaneuver","Sucker Punch","Terror"],"picked":"SKIP","floor":13},{"not_picked":["Setup","Cloak And Dagger"],"picked":"Catalyst","floor":14},{"not_picked":["Storm of Steel","Venomology"],"picked":"Burst","floor":16},{"not_picked":["Cloak And Dagger","Eviscerate"],"picked":"Footwork","floor":18},{"not_picked":["Dagger Spray","PiercingWail","Underhanded Strike"],"picked":"SKIP","floor":22},{"not_picked":["Predator","Quick Slash"],"picked":"Catalyst","floor":25},{"not_picked":["Reflex","Bane+1","Quick Slash","Outmaneuver"],"picked":"SKIP","floor":27},{"not_picked":["Bullet Time","After Image","Wraith Form v2"],"picked":"Burst","floor":33},{"not_picked":["Crippling Poison","Outmaneuver"],"picked":"SKIP","floor":35},{"not_picked":["Cloak And Dagger","Terror"],"picked":"SKIP","floor":37},{"not_picked":["Setup","Poisoned Stab"],"picked":"SKIP","floor":39},{"not_picked":["Riddle With Holes","Dash"],"picked":"SKIP","floor":48}],"player_experience":519392,"relics_obtained":[{"floor":7,"key":"Smiling Mask"},{"floor":9,"key":"MawBank"},{"floor":12,"key":"Ancient Tea Set"},{"floor":14,"key":"Potion Belt"},{"floor":19,"key":"Enchiridion"},{"floor":25,"key":"Turnip"},{"floor":26,"key":"Question Card"},{"floor":30,"key":"Anchor"},{"floor":48,"key":"Bottled Lightning"}],"event_choices":[{"damage_healed":0,"gold_gain":0,"player_choice":"Success","damage_taken":3,"relics_obtained":["Tiny Chest"],"max_hp_gain":0,"max_hp_loss":0,"event_name":"Scrap Ooze","floor":5,"gold_loss":0},{"damage_healed":0,"gold_gain":0,"player_choice":"Obtained Book","damage_taken":16,"max_hp_gain":0,"max_hp_loss":0,"event_name":"Cursed Tome","floor":19,"gold_loss":0},{"cards_removed":["Strike_G"],"damage_healed":0,"gold_gain":0,"player_choice":"Gave Gold","damage_taken":0,"max_hp_gain":0,"max_hp_loss":0,"event_name":"Beggar","floor":20,"gold_loss":75},{"damage_healed":0,"gold_gain":0,"player_choice":"Forge","damage_taken":0,"max_hp_gain":0,"max_hp_loss":0,"event_name":"Accursed Blacksmith","floor":21,"gold_loss":0,"cards_upgraded":["Catalyst"]},{"damage_healed":0,"gold_gain":0,"player_choice":"Paid Fearfully","damage_taken":0,"max_hp_gain":0,"max_hp_loss":0,"event_name":"Masked Bandits","floor":31,"gold_loss":183},{"cards_removed":["Survivor"],"damage_healed":0,"gold_gain":0,"player_choice":"Removed Skill","damage_taken":0,"max_hp_gain":0,"max_hp_loss":0,"event_name":"Falling","floor":36,"gold_loss":0},{"damage_healed":0,"gold_gain":0,"player_choice":"Memory 1","damage_taken":0,"max_hp_gain":0,"max_hp_loss":0,"event_name":"SensoryStone","floor":44,"gold_loss":0},{"damage_healed":0,"gold_gain":0,"player_choice":"Ignored","damage_taken":0,"max_hp_gain":0,"max_hp_loss":0,"event_name":"Mysterious Sphere","floor":45,"gold_loss":0},{"damage_healed":0,"gold_gain":0,"player_choice":"Max HP","damage_taken":0,"max_hp_gain":0,"max_hp_loss":3,"event_name":"Winding Halls","floor":46,"gold_loss":0}],"is_beta":false,"boss_relics":[{"not_picked":["Coffee Dripper","Lizard Tail"],"picked":"Cursed Key"},{"not_picked":["Velvet Choker","Snecko Eye"],"picked":"Busted Crown"}],"items_purged_floors":[23,29,38],"is_endless":false,"potions_floor_spawned":[3,10,12,18,25,33,48],"killed_by":"Donu and Deca","ascension_level":14}