{"gold_per_floor":[118,128,203,221,232,232,119,119,144,173,173,198,198,212,212,283,283],"floor_reached":17,"playtime":581,"items_purged":["Strike_B"],"score":289,"play_id":"2243e55d-cc5f-4f3f-83f0-1287a96e1a93","local_time":"20181211201313","is_ascension_mode":true,"campfire_choices":[{"data":"Zap","floor":6,"key":"SMITH"},{"data":"Sunder","floor":8,"key":"SMITH"},{"floor":13,"key":"REST"},{"data":"Hologram","floor":15,"key":"SMITH"}],"neow_cost":"NONE","seed_source_timestamp":14020522945409,"circlet_count":0,"master_deck":["AscendersBane","Strike_B","Strike_B+1","Strike_B","Defend_B","Defend_B","Defend_B","Defend_B","Zap+1","Dualcast","Leap","Streamline+1","Glacier","Hologram+1","Sunder+1","Steam","Hologram+1","Cold Snap","All For One"],"relics":["Cracked Core","Anchor","Omamori","Whetstone","Velvet Choker"],"potions_floor_usage":[12,12],"damage_taken":[{"damage":4,"enemies":"2 Louse","floor":1,"turns":3},{"damage":0,"enemies":"Small Slimes","floor":2,"turns":3},{"damage":0,"enemies":"Jaw Worm","floor":4,"turns":4},{"damage":24,"enemies":"Exordium Thugs","floor":5,"turns":9},{"damage":22,"enemies":"Gremlin Nob","floor":10,"turns":4},{"damage":1,"enemies":"Lagavulin","floor":12,"turns":7},{"damage":0,"enemies":"Looter","floor":14,"turns":3},{"damage":29,"enemies":"Slime Boss","floor":16,"turns":10}],"seed_played":"-6082660166415784244","potions_obtained":[{"floor":5,"key":"Dexterity Potion"},{"floor":10,"key":"EssenceOfSteel"},{"floor":16,"key":"Weak Potion"}],"is_trial":false,"path_per_floor":["M","M","?","M","M","R","$","R","T","E","?","E","R","M","R","B",null],"character_chosen":"DEFECT","items_purchased":["Sunder"],"campfire_rested":1,"item_purchase_floors":[7],"current_hp_per_floor":[67,67,56,56,32,32,32,32,32,10,10,9,32,32,32,3,59],"gold":283,"neow_bonus":"TEN_PERCENT_HP_BONUS","is_prod":false,"is_daily":false,"chose_seed":false,"campfire_upgraded":3,"win_rate":0,"timestamp":1544577193,"path_taken":["M","M","?","M","M","R","$","R","T","E","?","E","R","M","R","BOSS"],"build_version":"2018-12-06","purchased_purges":1,"victory":false,"max_hp_per_floor":[78,78,78,78,78,78,78,78,78,78,78,78,78,78,78,78,78],"card_choices":[{"not_picked":["Gash","Turbo"],"picked":"Leap","floor":1},{"not_picked":["Redo","Stack"],"picked":"Streamline","floor":2},{"not_picked":["Go for the Eyes","Buffer"],"picked":"Glacier","floor":4},{"not_picked":["Streamline","Barrage"],"picked":"Hologram","floor":5},{"not_picked":["Skim","Beam Cell"],"picked":"Steam","floor":10},{"not_picked":["Undo","Sunder"],"picked":"Hologram","floor":12},{"not_picked":["Go for the Eyes","Coolheaded"],"picked":"Cold Snap","floor":14},{"not_picked":["Seek","Rainbow"],"picked":"All For One","floor":16}],"player_experience":1265318,"relics_obtained":[{"floor":9,"key":"Anchor"},{"floor":10,"key":"Omamori"},{"floor":12,"key":"Whetstone"}],"event_choices":[{"damage_healed":0,"gold_gain":75,"player_choice":"Gather Gold","damage_taken":11,"max_hp_gain":0,"max_hp_loss":0,"event_name":"World of Goop","floor":3,"gold_loss":0},{"damage_healed":0,"gold_gain":0,"player_choice":"Grow","damage_taken":0,"max_hp_gain":0,"max_hp_loss":0,"event_name":"Living Wall","floor":11,"gold_loss":0,"cards_upgraded":["Hologram"]}],"is_beta":false,"boss_relics":[{"not_picked":["FrozenCore","Orrery"],"picked":"Velvet Choker"}],"items_purged_floors":[7],"is_endless":false,"potions_floor_spawned":[5,10,16],"ascension_level":15}