{"gold_per_floor":[110,122,21,36,36,36,71,88,88,88,38,38,49,60,60,157,157,170,95,111,123,52,52,64,64,64,74,74,74,36,56,56,155,155,171,21,41,56,0,0,13,27,27,27,27,27,41,4,4,4],"floor_reached":51,"playtime":4536,"items_purged":["Strike_B"],"score":626,"play_id":"9dcfef6a-637d-4226-9a54-12678e5c3c36","local_time":"20180624181439","is_ascension_mode":false,"campfire_choices":[{"data":"Zap","floor":6.0,"key":"SMITH"},{"floor":10.0,"key":"REST"},{"data":"Loop","floor":12.0,"key":"SMITH"},{"data":"Loop","floor":15.0,"key":"SMITH"},{"data":"Coolheaded","floor":23,"key":"SMITH"},{"floor":25,"key":"REST"},{"floor":29,"key":"REST"},{"floor":32,"key":"REST"},{"floor":40,"key":"REST"},{"floor":44,"key":"REST"},{"floor":49,"key":"REST"}],"neow_cost":"","seed_source_timestamp":0,"circlet_count":0,"master_deck":["Strike_B","Strike_B","Defend_B","Defend_B","Defend_B+1","Zap+1","Dualcast+1","Skim","Conserve Battery","Ball Lightning","Loop+1","Coolheaded+1","Cold Snap","Conserve Battery","Loop+1","Fission+1","Redo+1","Stack+1","Barrage","Blizzard","Sweeping Beam+1","Cold Snap","Necronomicurse","Chill","Chaos+1","Rainbow","Stack+1","Defragment","Coolheaded","Darkness","Compile Driver+1","Chaos+1","Blind","White Noise+1","Lockon"],"special_seed":0,"relics":["Cracked Core","Vajra","Bottled Flame","Velvet Choker","War Paint","Necronomicon","Lizard Tail","Red Mask","Question Card","Matryoshka"],"potions_floor_usage":[27,27,31,50,50,50],"damage_taken":[{"damage":0.0,"enemies":"Cultist","floor":1.0,"turns":3.0},{"damage":6.0,"enemies":"Jaw Worm","floor":2.0,"turns":3.0},{"damage":7.0,"enemies":"2 Louse","floor":4.0,"turns":2.0},{"damage":15.0,"enemies":"3 Sentries","floor":7.0,"turns":6.0},{"damage":16.0,"enemies":"Large Slime","floor":8.0,"turns":3.0},{"damage":10.0,"enemies":"Blue Slaver","floor":13.0,"turns":2.0},{"damage":2.0,"enemies":"2 Fungi Beasts","floor":14.0,"turns":3.0},{"damage":23.0,"enemies":"The Guardian","floor":16.0,"turns":11.0},{"damage":9,"enemies":"3 Byrds","floor":18,"turns":6},{"damage":15,"enemies":"Spheric Guardian","floor":20,"turns":4},{"damage":7,"enemies":"Snecko","floor":21,"turns":5},{"damage":22,"enemies":"Snake Plant","floor":24,"turns":3},{"damage":11,"enemies":"Cultist and Chosen","floor":27,"turns":8},{"damage":4,"enemies":"Centurion and Healer","floor":31,"turns":9},{"damage":40,"enemies":"Automaton","floor":33,"turns":11},{"damage":51,"enemies":"3 Darklings","floor":35,"turns":5},{"damage":20,"enemies":"3 Shapes","floor":37,"turns":4},{"damage":11,"enemies":"Sphere and 2 Shapes","floor":38,"turns":5},{"damage":24,"enemies":"Maw","floor":41,"turns":9},{"damage":0,"enemies":"4 Shapes","floor":42,"turns":4},{"damage":22,"enemies":"3 Darklings","floor":47,"turns":6},{"damage":35,"enemies":"Time Eater","floor":50,"turns":11}],"seed_played":"-5051657121168691094","potions_obtained":[{"floor":1.0,"key":"FearPotion"},{"floor":8.0,"key":"SkillPotion"},{"floor":13.0,"key":"GamblersBrew"},{"floor":20,"key":"SkillPotion"},{"floor":24,"key":"GamblersBrew"},{"floor":33,"key":"Weak Potion"},{"floor":41,"key":"SteroidPotion"},{"floor":42,"key":"PowerPotion"}],"is_trial":false,"path_per_floor":["M","M","$","M","?","R","E","M","T","R","$","R","M","M","R","B",null,"M","?","M","M","$","R","M","R","T","M","?","R","$","M","R","B",null,"M","$","M","M","?","R","M","M","T","R","T","?","M","$","R","B"],"character_chosen":"DEFECT","items_purchased":["Conserve Battery","Cold Snap","Blizzard","Chill","Defragment","FocusPotion","Lockon"],"campfire_rested":7,"item_purchase_floors":[],"current_hp_per_floor":[75,69,69,62,62,62,47,31,31,53,53,53,43,41,41,18,75,66,66,51,44,44,44,22,44,44,33,17,39,39,35,57,17,75,24,24,4,37,37,59,35,35,35,57,57,57,35,35,57,22],"gold":4,"neow_bonus":"","is_prod":false,"is_daily":false,"chose_seed":false,"campfire_upgraded":4,"win_rate":0.0,"timestamp":1529878479,"path_taken":["M","?","$","M","?","R","E","M","T","R","$","R","M","M","R","BOSS","M","?","?","M","$","R","?","R","T","M","?","R","$","M","R","BOSS","M","$","M","M","?","R","M","M","T","R","?","?","M","$","R","BOSS"],"build_version":"2018-06-21v2","purchased_purges":1,"victory":true,"max_hp_per_floor":[75,75,75,75,75,75,75,75,75,75,75,75,75,75,75,75,75,75,75,75,75,75,75,75,75,75,75,75,75,75,75,75,75,75,75,75,75,75,75,75,75,75,75,75,75,75,75,75,75,75],"card_choices":[{"not_picked":["Steam Power","Stack","Steam"],"picked":"SKIP","floor":1.0},{"not_picked":["Beam Cell","Self Repair"],"picked":"Skim","floor":2.0},{"not_picked":["Lockon","Double Energy"],"picked":"Ball Lightning","floor":4.0},{"not_picked":["Sweeping Beam","Multi-Cast"],"picked":"Loop","floor":7.0},{"not_picked":["Streamline","Beam Cell"],"picked":"Coolheaded","floor":8.0},{"not_picked":["Go for the Eyes","Coolheaded"],"picked":"Conserve Battery","floor":13.0},{"not_picked":["Gash","Coolheaded"],"picked":"Loop","floor":14.0},{"not_picked":["Creative AI","Multi-Cast"],"picked":"Fission","floor":16.0},{"not_picked":["Gash","Leap"],"picked":"Redo+1","floor":18},{"not_picked":["Leap","Skim"],"picked":"Stack+1","floor":20},{"not_picked":["Rip and Tear","Gash"],"picked":"Barrage","floor":21},{"not_picked":["Barrage+1","FTL"],"picked":"Sweeping Beam+1","floor":24},{"not_picked":["Streamline","Gash"],"picked":"Cold Snap","floor":27},{"not_picked":["Reinforced Body","Reprogram"],"picked":"Chaos+1","floor":31},{"not_picked":["Reboot","Amplify"],"picked":"Rainbow","floor":33},{"not_picked":["Rip and Tear","Gash+1"],"picked":"Stack+1","floor":35},{"not_picked":["Redo","Barrage"],"picked":"Coolheaded","floor":37},{"not_picked":["Coolheaded","Go for the Eyes"],"picked":"Darkness","floor":38},{"not_picked":["Double Energy","Sweeping Beam"],"picked":"Compile Driver+1","floor":41},{"not_picked":["Heatsinks","Melter"],"picked":"Chaos+1","floor":42},{"not_picked":["Panacea","Magnetism","Purity"],"picked":"Blind","floor":46},{"not_picked":["Steam+1","Hologram+1","Barrage"],"picked":"White Noise+1","floor":47}],"player_experience":13789,"relics_obtained":[{"floor":7.0,"key":"Vajra"},{"floor":9.0,"key":"Bottled Flame"},{"floor":26,"key":"War Paint"},{"floor":28,"key":"Necronomicon"},{"floor":43,"key":"Question Card"},{"floor":45,"key":"Matryoshka"}],"event_choices":[{"event_name":"Purifier","player_choice":"One Purge","floor":5.0,"damage_taken":0.0},{"event_name":"Beggar","player_choice":"Gave Gold","floor":19,"damage_taken":0},{"event_name":"Cursed Tome","player_choice":"Obtained Book","floor":28,"damage_taken":0},{"event_name":"Tomb of Lord Red Mask","player_choice":"Paid","floor":39,"damage_taken":0},{"event_name":"SensoryStone","player_choice":"Memory 1","floor":46,"damage_taken":0}],"boss_relics":[{"not_picked":["Sozu","Coffee Dripper"],"picked":"Velvet Choker"},{"not_picked":["Runic Pyramid","Fusion Hammer"],"picked":"Lizard Tail"}],"items_purged_floors":[],"is_endless":false,"potions_floor_spawned":[1,8,13,20,24,33,41,42,47],"ascension_level":0}