{"gold_per_floor":[112,37,52,69,83,83,111,111,111,111,111,125,125,144,144,144],"floor_reached":16,"playtime":557,"items_purged":["Strike_B"],"score":158,"play_id":"61271852-9703-4e56-8d2c-e1d38fe4ff20","local_time":"20190513194343","is_ascension_mode":true,"campfire_choices":[{"data":"Zap","floor":6.0,"key":"SMITH"},{"floor":10.0,"key":"REST"},{"floor":11.0,"key":"REST"},{"data":"Defragment","floor":13,"key":"SMITH"},{"floor":15,"key":"REST"}],"neow_cost":"NONE","seed_source_timestamp":43173231427410,"circlet_count":0,"master_deck":["AscendersBane","Strike_B","Strike_B","Strike_B","Defend_B","Defend_B","Defend_B","Defend_B","Zap+1","Dualcast","Streamline","Chill","Defragment+1","Conserve Battery","Chill","Defragment"],"special_seed":0,"relics":["Runic Dome","Bag of Marbles","WingedGreaves","Singing Bowl"],"potions_floor_usage":[16],"damage_taken":[{"damage":2.0,"enemies":"2 Louse","floor":1.0,"turns":2.0},{"damage":1.0,"enemies":"Cultist","floor":3.0,"turns":3.0},{"damage":0.0,"enemies":"Jaw Worm","floor":4.0,"turns":5.0},{"damage":6.0,"enemies":"2 Fungi Beasts","floor":5.0,"turns":4.0},{"damage":54.0,"enemies":"Gremlin Nob","floor":7.0,"turns":7.0},{"damage":10,"enemies":"Large Slime","floor":12,"turns":5},{"damage":3,"enemies":"Blue Slaver","floor":14,"turns":3},{"damage":59,"enemies":"Slime Boss","floor":16,"turns":13}],"seed_played":"-6532304077990749105","potions_obtained":[{"floor":3.0,"key":"Ancient Potion"},{"floor":4.0,"key":"PowerPotion"},{"floor":12,"key":"GamblersBrew"}],"is_trial":false,"path_per_floor":["M","$","M","M","M","R","E","?","T","R","R","M","R","M","R","B"],"character_chosen":"DEFECT","items_purchased":[],"campfire_rested":3,"item_purchase_floors":[],"current_hp_per_floor":[66,66,65,65,59,59,5,5,5,27,49,39,39,36,58,0],"gold":144,"neow_bonus":"BOSS_RELIC","is_prod":false,"is_daily":false,"chose_seed":false,"campfire_upgraded":2,"win_rate":0,"timestamp":1557791023,"path_taken":["M","$","M","M","M","R","E","?","T","R","R","M","R","?","R","BOSS"],"build_version":"2019-01-23","purchased_purges":1,"victory":false,"max_hp_per_floor":[75,75,75,75,75,75,75,75,75,75,75,75,75,75,75,75],"card_choices":[{"not_picked":["Redo","Chill"],"picked":"Streamline","floor":1.0},{"not_picked":["Sunder","Rip and Tear"],"picked":"Chill","floor":3.0},{"not_picked":["Go for the Eyes","Rip and Tear"],"picked":"Defragment","floor":4.0},{"not_picked":["Leap","Rip and Tear"],"picked":"Conserve Battery","floor":5.0},{"not_picked":["Skim","Barrage","Stack"],"picked":"SKIP","floor":7.0},{"not_picked":["Hello World","Conserve Battery"],"picked":"Chill","floor":12},{"not_picked":["Aggregate","Chaos"],"picked":"Defragment","floor":14}],"player_experience":316304,"relics_obtained":[{"floor":7.0,"key":"Bag of Marbles"},{"floor":9.0,"key":"Singing Bowl"}],"event_choices":[{"damage_healed":0.0,"max_hp_gain":0.0,"max_hp_loss":0.0,"gold_gain":0.0,"event_name":"WeMeetAgain","player_choice":"Gave Potion","floor":8.0,"gold_loss":0.0,"damage_taken":0.0,"relics_obtained":["WingedGreaves"]}],"is_beta":false,"boss_relics":[],"items_purged_floors":[2],"is_endless":false,"potions_floor_spawned":[3,4,12],"killed_by":"Slime Boss","ascension_level":11}