{"gold_per_floor":[19,37,37,37,62,62,85,120,120,70,70,89,89,123,123,123],"floor_reached":16,"playtime":822,"items_purged":[],"score":132,"play_id":"f3a7cc53-55e2-42dd-831c-ccc3d0879c81","local_time":"20190508075955","is_ascension_mode":true,"campfire_choices":[{"data":"Whirlwind","floor":6,"key":"SMITH"},{"floor":11,"key":"REST"},{"floor":13,"key":"RECALL"},{"floor":15,"key":"REST"}],"neow_cost":"NO_GOLD","seed_source_timestamp":39670306172075,"circlet_count":0,"master_deck":["Strike_R","Strike_R","Defend_R","Defend_R","Defend_R","Bash","Carnage","Whirlwind+1","True Grit"],"relics":["Burning Blood","Golden Idol","WingedGreaves","Kunai"],"potions_floor_usage":[8,14,14],"damage_taken":[{"damage":4,"enemies":"2 Louse","floor":1,"turns":4},{"damage":0,"enemies":"Small Slimes","floor":2,"turns":2},{"damage":4,"enemies":"Jaw Worm","floor":5,"turns":4},{"damage":0,"enemies":"Large Slime","floor":7,"turns":3},{"damage":30,"enemies":"Lagavulin","floor":8,"turns":5},{"damage":7,"enemies":"Looter","floor":12,"turns":3},{"damage":16,"enemies":"Gremlin Nob","floor":14,"turns":3},{"damage":92,"enemies":"The Guardian","floor":16,"turns":12}],"seed_played":"6522538676888017233","potions_obtained":[{"floor":1,"key":"Explosive Potion"},{"floor":8,"key":"PowerPotion"},{"floor":12,"key":"SteroidPotion"}],"is_trial":false,"path_per_floor":["M","M","?","?","M","R","M","E","T","?","R","M","R","E","R","B"],"character_chosen":"IRONCLAD","items_purchased":[],"campfire_rested":2,"item_purchase_floors":[],"current_hp_per_floor":[80,80,60,53,55,55,61,37,37,37,61,60,60,50,74,0],"gold":123,"neow_bonus":"REMOVE_TWO","is_prod":false,"is_daily":false,"chose_seed":false,"campfire_upgraded":1,"win_rate":0,"timestamp":1557316795,"path_taken":["M","M","?","?","M","R","M","E","T","?","R","M","R","E","R","BOSS"],"build_version":"2019-01-23","purchased_purges":0,"victory":false,"max_hp_per_floor":[80,80,80,80,80,80,80,80,80,80,80,80,80,80,80,80],"card_choices":[{"not_picked":["Flame Barrier","Combust"],"picked":"Carnage","floor":1},{"not_picked":["Shrug It Off","Warcry"],"picked":"Whirlwind","floor":2},{"not_picked":["Twin Strike","Warcry","Entrench"],"picked":"SKIP","floor":5},{"not_picked":["Wild Strike","Flex","Cleave"],"picked":"SKIP","floor":7},{"not_picked":["Seeing Red","Clothesline","Flex"],"picked":"SKIP","floor":8},{"not_picked":["Rupture","Sever Soul"],"picked":"True Grit","floor":12},{"not_picked":["Sword Boomerang","Warcry","Wild Strike"],"picked":"SKIP","floor":14}],"player_experience":236800,"relics_obtained":[{"floor":8,"key":"WingedGreaves"},{"floor":14,"key":"Kunai"}],"event_choices":[{"damage_healed":0,"gold_gain":0,"player_choice":"Take Damage","damage_taken":20,"relics_obtained":["Golden Idol"],"max_hp_gain":0,"max_hp_loss":0,"event_name":"Golden Idol","floor":3,"gold_loss":0},{"cards_removed":["Strike_R"],"damage_healed":0,"gold_gain":0,"player_choice":"Card Removal","damage_taken":7,"max_hp_gain":0,"max_hp_loss":0,"event_name":"Golden Wing","floor":4,"gold_loss":0},{"cards_removed":["Defend_R"],"damage_healed":0,"gold_gain":0,"player_choice":"Card Removal","damage_taken":0,"max_hp_gain":0,"max_hp_loss":0,"event_name":"The Cleric","floor":10,"gold_loss":50}],"is_beta":false,"boss_relics":[],"items_purged_floors":[],"is_endless":false,"potions_floor_spawned":[1,8,12],"killed_by":"The Guardian","ascension_level":4}