{"gold_per_floor":[112,129,54,69,87,118,118,118,145,145,45,61,81,81,81,81],"floor_reached":16,"playtime":1083,"items_purged":["Strike_R","Defend_R"],"score":107,"play_id":"c9b70581-f9ac-403a-9d19-242efc235945","local_time":"20190626013219","is_ascension_mode":true,"campfire_choices":[{"data":"Flame Barrier","floor":8,"key":"SMITH"},{"data":"Bash","floor":10,"key":"SMITH"},{"floor":15,"key":"REST"}],"neow_cost":"NONE","seed_source_timestamp":546052611426726,"circlet_count":0,"master_deck":["Strike_R","Strike_R","Strike_R","Strike_R","Defend_R","Defend_R","Defend_R","Bash+1","Shrug It Off","Flame Barrier+1","Parasite"],"relics":["Burning Blood","Dream Catcher","Regal Pillow"],"potions_floor_usage":[6,6,16],"damage_taken":[{"damage":5,"enemies":"Cultist","floor":1,"turns":4},{"damage":12,"enemies":"Small Slimes","floor":2,"turns":6},{"damage":24,"enemies":"Jaw Worm","floor":4,"turns":6},{"damage":0,"enemies":"Blue Slaver","floor":5,"turns":9},{"damage":35,"enemies":"Lagavulin","floor":6,"turns":14},{"damage":2,"enemies":"2 Fungi Beasts","floor":12,"turns":5},{"damage":11,"enemies":"Lots of Slimes","floor":13,"turns":5},{"damage":99,"enemies":"Slime Boss","floor":16,"turns":15}],"seed_played":"-1978574035308851516","potions_obtained":[{"floor":2,"key":"Explosive Potion"},{"floor":5,"key":"EssenceOfSteel"},{"floor":13,"key":"Swift Potion"}],"is_trial":false,"path_per_floor":["M","M","$","M","M","E","?","R","T","R","$","M","M","$","R","B"],"character_chosen":"IRONCLAD","items_purchased":[],"campfire_rested":1,"item_purchase_floors":[],"current_hp_per_floor":[88,82,82,64,70,41,63,63,63,63,63,67,62,62,88,0],"gold":81,"neow_bonus":"TEN_PERCENT_HP_BONUS","is_prod":false,"is_daily":false,"chose_seed":false,"campfire_upgraded":2,"win_rate":0,"timestamp":1561505539,"path_taken":["M","M","$","M","?","E","?","R","T","R","$","M","M","$","R","BOSS"],"build_version":"2019-01-23","purchased_purges":2,"victory":false,"max_hp_per_floor":[88,88,88,88,88,88,88,88,88,88,88,88,88,88,88,88],"card_choices":[{"not_picked":["Flex","Fire Breathing","Cleave"],"picked":"SKIP","floor":1},{"not_picked":["Warcry","Armaments","Sever Soul"],"picked":"SKIP","floor":2},{"not_picked":["Clash","Burning Pact"],"picked":"Shrug It Off","floor":4},{"not_picked":["Havoc","Pommel Strike"],"picked":"Flame Barrier","floor":5},{"not_picked":["Headbutt","Body Slam","Perfected Strike"],"picked":"SKIP","floor":6},{"not_picked":["Ghostly Armor","Reckless Charge","Armaments"],"picked":"SKIP","floor":12},{"not_picked":["Pummel","Clash","Intimidate"],"picked":"SKIP","floor":13}],"player_experience":122818,"relics_obtained":[{"floor":6,"key":"Dream Catcher"},{"floor":9,"key":"Regal Pillow"}],"event_choices":[{"damage_healed":22,"gold_gain":0,"player_choice":"Healed and dodged fight","damage_taken":0,"max_hp_gain":0,"max_hp_loss":0,"event_name":"Mushrooms","floor":7,"gold_loss":0,"cards_obtained":["Parasite"]}],"is_beta":false,"boss_relics":[],"items_purged_floors":[3,11],"is_endless":false,"potions_floor_spawned":[2,5,13],"killed_by":"Slime Boss","ascension_level":1}