{"gold_per_floor":[114,0,0,0,0,33,33,58,112,131,151,168,181,181,181,282,282,295,295,327,70,88,88,88,88,143,18,29,29,62,72,72,72],"floor_reached":33,"playtime":992,"items_purged":["Strike_B","Strike_B","Defend_B"],"score":429,"play_id":"f86f2401-381d-461b-a23c-0bd8e3f9b463","local_time":"20190511094259","is_ascension_mode":true,"campfire_choices":[{"data":"Zap","floor":7,"key":"SMITH"},{"data":"Tempest","floor":15,"key":"SMITH"},{"data":"Defragment","floor":23,"key":"SMITH"},{"data":"Biased Cognition","floor":25,"key":"SMITH"},{"floor":32,"key":"REST"}],"neow_cost":"NONE","seed_source_timestamp":48307060429966,"circlet_count":0,"master_deck":["Defend_B","Defend_B+1","Defend_B+1","Zap+1","Dualcast","BootSequence","Static Discharge+1","Tempest+1","Conserve Battery","Tempest+1","Biased Cognition+1","Steam","Conserve Battery","Defragment+1","Bite","Bite","Bite","Bite","Bite","Double Energy+1","Tempest+1"],"relics":["Cracked Core","NeowsBlessing","Mercury Hourglass","War Paint","Dream Catcher","Philosopher\u0027s Stone","Red Mask","Whetstone","Potion Belt"],"potions_floor_usage":[16,20,20,33,33,33],"damage_taken":[{"damage":0,"enemies":"Cultist","floor":1,"turns":1},{"damage":0,"enemies":"3 Sentries","floor":6,"turns":1},{"damage":0,"enemies":"Lagavulin","floor":8,"turns":1},{"damage":0,"enemies":"2 Louse","floor":10,"turns":2},{"damage":0,"enemies":"Small Slimes","floor":11,"turns":2},{"damage":0,"enemies":"3 Louse","floor":12,"turns":2},{"damage":8,"enemies":"Large Slime","floor":13,"turns":4},{"damage":10,"enemies":"Slime Boss","floor":16,"turns":7},{"damage":14,"enemies":"2 Thieves","floor":18,"turns":2},{"damage":0,"enemies":"Masked Bandits","floor":20,"turns":2},{"damage":0,"enemies":"Spheric Guardian","floor":22,"turns":2},{"damage":18,"enemies":"Snecko","floor":28,"turns":4},{"damage":46,"enemies":"Slavers","floor":30,"turns":4},{"damage":0,"enemies":"Chosen and Byrds","floor":31,"turns":2},{"damage":79,"enemies":"Collector","floor":33,"turns":6}],"seed_played":"2245377664223579611","potions_obtained":[{"floor":1,"key":"GamblersBrew"},{"floor":8,"key":"Poison Potion"},{"floor":11,"key":"Strength Potion"},{"floor":12,"key":"FocusPotion"},{"floor":18,"key":"Explosive Potion"},{"floor":28,"key":"GamblersBrew"},{"floor":30,"key":"Energy Potion"}],"is_trial":false,"path_per_floor":["M","$","?","?","$","E","R","E","T","M","M","M","M","?","R","B",null,"M","?","?","$","M","R","?","R","T","$","M","?","E","M","R","B"],"character_chosen":"DEFECT","items_purchased":["Static Discharge","Whetstone"],"campfire_rested":1,"item_purchase_floors":[2,21],"current_hp_per_floor":[75,75,60,60,60,60,60,60,60,60,60,60,52,57,57,47,72,58,43,43,43,43,43,43,43,43,43,29,48,8,10,27,0],"gold":72,"neow_bonus":"THREE_ENEMY_KILL","is_prod":false,"is_daily":false,"chose_seed":false,"campfire_upgraded":4,"win_rate":0,"timestamp":1557582179,"path_taken":["M","$","?","?","$","E","R","E","T","M","M","M","M","?","R","BOSS","M","?","?","$","M","R","?","R","T","$","?","?","E","M","R","BOSS"],"build_version":"2019-01-23","purchased_purges":3,"victory":false,"max_hp_per_floor":[75,75,75,75,75,75,75,75,75,75,75,75,75,80,80,80,80,80,85,85,85,85,85,59,59,59,59,59,59,59,59,59,59],"card_choices":[{"not_picked":["Force Field","Loop"],"picked":"BootSequence","floor":1},{"not_picked":["Stack","Force Field"],"picked":"Tempest","floor":6},{"not_picked":["Lockon","Barrage"],"picked":"Conserve Battery","floor":8},{"not_picked":["Force Field","Stack","Blizzard"],"picked":"SKIP","floor":10},{"not_picked":["Consume","BootSequence","Cold Snap"],"picked":"SKIP","floor":11},{"not_picked":["Redo","Stack"],"picked":"Tempest","floor":12},{"not_picked":["Storm","Redo","Cold Snap"],"picked":"SKIP","floor":13},{"not_picked":["Amplify","All For One"],"picked":"Biased Cognition","floor":16},{"not_picked":["Undo","Streamline"],"picked":"Steam","floor":18},{"not_picked":["Darkness","Stack+1"],"picked":"Conserve Battery","floor":20},{"not_picked":["Ball Lightning","Rebound"],"picked":"Defragment","floor":22},{"not_picked":["Barrage","Leap"],"picked":"Double Energy+1","floor":28},{"not_picked":["FTL","Recycle+1","Streamline"],"picked":"SKIP","floor":30},{"not_picked":["Defragment","Static Discharge+1"],"picked":"Tempest+1","floor":31}],"player_experience":270987,"relics_obtained":[{"floor":6,"key":"Mercury Hourglass"},{"floor":8,"key":"War Paint"},{"floor":9,"key":"Dream Catcher"},{"floor":20,"key":"Red Mask"},{"floor":30,"key":"Potion Belt"}],"event_choices":[{"damage_healed":0,"gold_gain":0,"player_choice":"Entered Light","damage_taken":15,"max_hp_gain":0,"max_hp_loss":0,"event_name":"Shining Light","floor":3,"gold_loss":0,"cards_upgraded":["Defend_B","Static Discharge"]},{"damage_healed":0,"gold_gain":0,"player_choice":"Left Gold","damage_taken":0,"max_hp_gain":0,"max_hp_loss":0,"event_name":"World of Goop","floor":4,"gold_loss":0},{"damage_healed":0,"gold_gain":0,"player_choice":"Donut","damage_taken":0,"max_hp_gain":5,"max_hp_loss":0,"event_name":"Big Fish","floor":14,"gold_loss":0},{"damage_healed":0,"gold_gain":0,"player_choice":"Shed Blood","damage_taken":20,"max_hp_gain":5,"max_hp_loss":0,"event_name":"Forgotten Altar","floor":19,"gold_loss":0},{"damage_healed":0,"gold_gain":0,"player_choice":"Fought Bandits","damage_taken":0,"max_hp_gain":0,"max_hp_loss":0,"event_name":"Masked Bandits","floor":20,"gold_loss":0},{"damage_healed":0,"gold_gain":0,"player_choice":"Became a vampire","damage_taken":0,"max_hp_gain":0,"max_hp_loss":26,"event_name":"Vampires","floor":24,"gold_loss":0,"cards_obtained":["Bite","Bite","Bite","Bite","Bite"]},{"damage_healed":19,"gold_gain":0,"player_choice":"Heal","damage_taken":0,"max_hp_gain":0,"max_hp_loss":0,"event_name":"The Library","floor":29,"gold_loss":0}],"is_beta":false,"boss_relics":[{"not_picked":["Coffee Dripper","Ectoplasm"],"picked":"Philosopher\u0027s Stone"}],"items_purged_floors":[2,21,27],"is_endless":false,"potions_floor_spawned":[1,8,11,12,18,28,30],"killed_by":"Collector","ascension_level":5}