{"gold_per_floor":[213,223,237,251,262,262,293,293,316,316,347,347,380,30,30,130,130,144,159,159,6,256,256],"floor_reached":23,"playtime":1493,"items_purged":["Strike_R","Strike_R"],"score":328,"play_id":"9a3a60a0-609a-4a48-9056-e9a55a24b2b3","local_time":"20180728191836","is_ascension_mode":true,"campfire_choices":[{"data":"Dual Wield","floor":6,"key":"SMITH"},{"data":"Bash","floor":10,"key":"SMITH"},{"data":"Demon Form","floor":12,"key":"SMITH"},{"data":"Intimidate","floor":15,"key":"SMITH"}],"neow_cost":"NONE","seed_source_timestamp":1468324749434089,"circlet_count":0,"master_deck":["Strike_R","Strike_R","Defend_R","Defend_R","Defend_R","Defend_R","Bash+1","Shrug It Off","Shrug It Off","Clash","Dual Wield+1","Intimidate+1","Demon Form+1","True Grit+1","Limit Break+1","Metallicize","Limit Break+1","Sword Boomerang","Flex+1","True Grit+1","Regret"],"relics":["Black Blood","Toxic Egg 2","Vajra","Blood Vial","Lantern","Tiny Chest","Orichalcum"],"potions_floor_usage":[7,11,16,16],"damage_taken":[{"damage":2,"enemies":"Jaw Worm","floor":1,"turns":3},{"damage":5,"enemies":"Small Slimes","floor":2,"turns":4},{"damage":2,"enemies":"2 Louse","floor":3,"turns":3},{"damage":3,"enemies":"Blue Slaver","floor":4,"turns":5},{"damage":5,"enemies":"Gremlin Gang","floor":5,"turns":6},{"damage":16,"enemies":"Lagavulin","floor":7,"turns":8},{"damage":10,"enemies":"3 Sentries","floor":11,"turns":9},{"damage":0,"enemies":"Lagavulin","floor":13,"turns":4},{"damage":13,"enemies":"Hexaghost","floor":16,"turns":9},{"damage":18,"enemies":"2 Thieves","floor":18,"turns":4},{"damage":31,"enemies":"Shell Parasite","floor":19,"turns":7},{"damage":62,"enemies":"Gremlin Leader","floor":23,"turns":4}],"seed_played":"1185253779908635797","potions_obtained":[{"floor":1,"key":"SkillPotion"},{"floor":4,"key":"Block Potion"},{"floor":7,"key":"Dexterity Potion"},{"floor":13,"key":"AttackPotion"}],"is_trial":false,"path_per_floor":["M","M","M","M","M","R","E","?","T","R","E","R","E","$","R","B",null,"M","M","?","$","?"],"character_chosen":"IRONCLAD","items_purchased":["Limit Break+1","Metallicize","Tiny Chest","True Grit+1"],"campfire_rested":0,"item_purchase_floors":[14,14,14,21],"current_hp_per_floor":[76,77,80,80,80,80,70,63,63,63,59,59,67,67,67,62,76,70,51,51,51,51,0],"gold":256,"neow_bonus":"HUNDRED_GOLD","is_prod":false,"is_daily":false,"chose_seed":false,"campfire_upgraded":4,"win_rate":0,"timestamp":1532819916,"path_taken":["M","M","M","M","M","R","E","?","T","R","E","R","E","$","R","BOSS","M","M","?","$","?","E"],"build_version":"2018-07-26","purchased_purges":2,"victory":false,"max_hp_per_floor":[80,80,80,80,80,80,80,80,80,80,80,80,80,80,80,80,80,80,80,80,80,80,80],"card_choices":[{"not_picked":["Fire Breathing","Armaments"],"picked":"Shrug It Off","floor":1},{"not_picked":["Perfected Strike","Havoc"],"picked":"Shrug It Off","floor":2},{"not_picked":["Anger","Sword Boomerang"],"picked":"Clash","floor":3},{"not_picked":["Perfected Strike","Anger"],"picked":"Dual Wield","floor":4},{"not_picked":["Havoc","Fire Breathing"],"picked":"Intimidate","floor":5},{"not_picked":["Sword Boomerang","Second Wind"],"picked":"Demon Form","floor":7},{"not_picked":["Juggernaut","Wild Strike"],"picked":"Flex+1","floor":11},{"not_picked":["Second Wind+1","Rampage"],"picked":"True Grit+1","floor":13},{"not_picked":["Reaper","Impervious+1"],"picked":"Limit Break+1","floor":16},{"not_picked":["Havoc+1","Feel No Pain"],"picked":"Sword Boomerang","floor":18},{"not_picked":["True Grit+1","Sword Boomerang"],"picked":"Flex+1","floor":19}],"player_experience":355672,"relics_obtained":[{"floor":7,"key":"Toxic Egg 2"},{"floor":9,"key":"Vajra"},{"floor":11,"key":"Blood Vial"},{"floor":13,"key":"Lantern"}],"event_choices":[{"event_name":"Golden Wing","player_choice":"Card Removal","floor":8,"damage_taken":0},{"event_name":"WeMeetAgain","player_choice":"Card","floor":20,"damage_taken":0},{"event_name":"Golden Shrine","player_choice":"Desecrate","floor":22,"damage_taken":0}],"is_beta":false,"boss_relics":[{"not_picked":["Philosopher\u0027s Stone","Runic Pyramid"],"picked":"Black Blood"}],"items_purged_floors":[14,21],"is_endless":false,"potions_floor_spawned":[1,4,7,13],"killed_by":"Gremlin Leader","ascension_level":8}