{"gold_per_floor":[215,89,103,122,122,157,157,157,203,203,221,221,221,241,241,345,345,330,341,341],"floor_reached":20,"playtime":1117,"items_purged":["Strike_G"],"score":191,"play_id":"8c8eae9a-446f-424e-a0b8-f52da00a7525","local_time":"20190716235729","is_ascension_mode":true,"campfire_choices":[{"floor":7.0,"key":"REST"},{"floor":10.0,"key":"REST"},{"data":"Unload","floor":15.0,"key":"SMITH"}],"neow_cost":"NONE","seed_source_timestamp":0,"circlet_count":0,"master_deck":["Strike_G","Strike_G","Strike_G","Defend_G","Defend_G","Defend_G","Defend_G","Defend_G","Survivor","Neutralize","Acrobatics","Dagger Throw","Sucker Punch","Unload+1","Decay","Terror","Phantasmal Killer"],"special_seed":0,"relics":["Ring of the Snake","Art of War","Unceasing Top","Ancient Tea Set","Dodecahedron","Busted Crown"],"potions_floor_usage":[],"damage_taken":[{"damage":1.0,"enemies":"2 Louse","floor":1.0,"turns":4.0},{"damage":13.0,"enemies":"Jaw Worm","floor":3.0,"turns":5.0},{"damage":1.0,"enemies":"Cultist","floor":4.0,"turns":4.0},{"damage":34.0,"enemies":"3 Sentries","floor":6.0,"turns":9.0},{"damage":0.0,"enemies":"Blue Slaver","floor":11.0,"turns":2.0},{"damage":9.0,"enemies":"2 Fungi Beasts","floor":14.0,"turns":2.0},{"damage":44.0,"enemies":"The Guardian","floor":16.0,"turns":11.0},{"damage":23.0,"enemies":"2 Thieves","floor":18.0,"turns":4.0},{"damage":30.0,"enemies":"Spheric Guardian","floor":19.0,"turns":5.0},{"damage":0,"enemies":"Cultist and Chosen","floor":20,"turns":1}],"seed_played":"7791923300554067312","potions_obtained":[{"floor":1.0,"key":"PowerPotion"},{"floor":3.0,"key":"FearPotion"},{"floor":18.0,"key":"GhostInAJar"},{"floor":19.0,"key":"Weak Potion"}],"is_trial":false,"path_per_floor":["M","$","M","M","?","E","R","?","T","R","M","?","?","M","R","B",null,"M","M","M"],"character_chosen":"THE_SILENT","items_purchased":["Dagger Throw"],"campfire_rested":2,"item_purchase_floors":[2],"current_hp_per_floor":[69,69,56,55,48,14,35,35,35,56,56,56,56,47,47,3,70,47,17,17],"gold":341,"neow_bonus":"HUNDRED_GOLD","is_prod":false,"is_daily":false,"chose_seed":false,"campfire_upgraded":1,"win_rate":0,"timestamp":1563339449,"path_taken":["M","$","M","M","?","E","R","?","T","R","?","?","?","?","R","BOSS","M","?","M"],"build_version":"2019-07-05","purchased_purges":1,"victory":false,"max_hp_per_floor":[70,70,70,70,70,70,70,70,70,70,70,70,70,70,70,70,70,70,70,70],"card_choices":[{"not_picked":["Expertise","Underhanded Strike"],"picked":"Acrobatics","floor":1.0},{"not_picked":["Dodge and Roll","Underhanded Strike","Prepared"],"picked":"SKIP","floor":3.0},{"not_picked":["Concentrate","Dodge and Roll"],"picked":"Sucker Punch","floor":4.0},{"not_picked":["Outmaneuver","Cloak And Dagger"],"picked":"Unload","floor":6.0},{"not_picked":["Endless Agony","Bouncing Flask","PiercingWail"],"picked":"SKIP","floor":11.0},{"not_picked":["Flying Knee","Slice"],"picked":"Terror","floor":14.0},{"not_picked":["Malaise","Burst"],"picked":"Phantasmal Killer","floor":16.0},{"not_picked":["Quick Slash"],"picked":"SKIP","floor":18.0},{"not_picked":["Backstab"],"picked":"SKIP","floor":19.0}],"player_experience":103091,"relics_obtained":[{"floor":6.0,"key":"Unceasing Top"},{"floor":9.0,"key":"Ancient Tea Set"}],"event_choices":[{"damage_healed":0.0,"max_hp_gain":0.0,"max_hp_loss":0.0,"gold_gain":0.0,"event_name":"Scrap Ooze","player_choice":"Success","floor":5.0,"gold_loss":0.0,"damage_taken":7.0,"relics_obtained":["Art of War"]},{"damage_healed":0.0,"max_hp_gain":0.0,"max_hp_loss":0.0,"gold_gain":0.0,"event_name":"Wheel of Change","player_choice":"Cursed","floor":8.0,"gold_loss":0.0,"damage_taken":0.0,"cards_obtained":["Decay"]},{"cards_removed":["Strike_G"],"damage_healed":0.0,"max_hp_gain":0.0,"max_hp_loss":0.0,"gold_gain":0.0,"event_name":"Living Wall","player_choice":"Forget","floor":12.0,"gold_loss":0.0,"damage_taken":0.0},{"damage_healed":0.0,"max_hp_gain":0.0,"max_hp_loss":0.0,"gold_gain":0.0,"event_name":"WeMeetAgain","player_choice":"Gave Potion","floor":13.0,"gold_loss":0.0,"damage_taken":0.0,"relics_obtained":["Dodecahedron"]}],"is_beta":false,"boss_relics":[{"not_picked":["Eternal Feather","HoveringKite"],"picked":"Busted Crown"}],"items_purged_floors":[2],"is_endless":false,"potions_floor_spawned":[1,3,18,19],"killed_by":"Cultist and Chosen","ascension_level":2}