{"gold_per_floor":[368,386,402,421,421,421,455,455,455,93,93,93,112,145,145,220,220,233,21,71,88,5,31,31,50,75,109,109,123,123],"floor_reached":30,"playtime":947,"items_purged":["Strike_B","Strike_B"],"score":606,"play_id":"f3cc12e4-a5ea-4160-8ee4-6e8489ae7b76","local_time":"20181031132729","is_ascension_mode":true,"campfire_choices":[{"data":"Dualcast","floor":6,"key":"SMITH"},{"data":"Sunder","floor":8,"key":"SMITH"},{"floor":11,"key":"REST"},{"data":"Electrodynamics","floor":15,"key":"SMITH"},{"floor":24,"key":"REST"}],"neow_cost":"TEN_PERCENT_HP_LOSS","seed_source_timestamp":1098904119944322,"circlet_count":0,"master_deck":["Strike_B","Strike_B","Defend_B","Defend_B","Defend_B","Defend_B","Zap+1","Dualcast+1","AscendersBane","Compile Driver","FTL","FTL","Sunder+1","FTL","Electrodynamics+1","All For One","Recycle","Cold Snap+1","Steam","Hologram","Meteor Strike","Compile Driver","Rainbow","Go for the Eyes"],"relics":["Cracked Core","Regal Pillow","The Courier","Bird Faced Urn","FossilizedHelix","Fusion Hammer","Bronze Scales","Happy Flower","Potion Belt","Pantograph","Bottled Lightning"],"potions_floor_usage":[4,7,16,27,27],"damage_taken":[{"damage":10,"enemies":"Small Slimes","floor":1,"turns":4},{"damage":1,"enemies":"Cultist","floor":2,"turns":3},{"damage":2,"enemies":"2 Louse","floor":3,"turns":3},{"damage":1,"enemies":"Exordium Thugs","floor":4,"turns":2},{"damage":25,"enemies":"Lagavulin","floor":7,"turns":5},{"damage":1,"enemies":"Looter","floor":13,"turns":2},{"damage":11,"enemies":"Gremlin Nob","floor":14,"turns":3},{"damage":33,"enemies":"The Guardian","floor":16,"turns":10},{"damage":0,"enemies":"Spheric Guardian","floor":18,"turns":3},{"damage":0,"enemies":"Shell Parasite","floor":21,"turns":2},{"damage":0,"enemies":"Slavers","floor":23,"turns":2},{"damage":8,"enemies":"Snake Plant","floor":25,"turns":2},{"damage":21,"enemies":"Book of Stabbing","floor":27,"turns":3},{"damage":11,"enemies":"Shelled Parasite and Fungi","floor":29,"turns":3},{"damage":27,"enemies":"Slavers","floor":30,"turns":2}],"seed_played":"4135991448575109533","potions_obtained":[{"floor":1,"key":"FearPotion"},{"floor":2,"key":"Poison Potion"},{"floor":3,"key":"PowerPotion"},{"floor":14,"key":"Poison Potion"},{"floor":18,"key":"SteroidPotion"}],"is_trial":false,"path_per_floor":["M","M","M","M","?","R","E","R","T","$","R","?","M","E","R","B",null,"M","$","?","M","$","E","R","M","T","E","T","M"],"character_chosen":"DEFECT","items_purchased":["Bird Faced Urn","Fire Potion","Bronze Scales","Steam","Hologram"],"campfire_rested":2,"item_purchase_floors":[10,10,19,22,22],"current_hp_per_floor":[54,53,51,50,50,50,25,25,25,25,59,59,58,47,47,16,52,54,54,54,56,56,58,64,56,56,35,35,24,0],"gold":123,"neow_bonus":"TWO_FIFTY_GOLD","is_prod":false,"is_daily":false,"chose_seed":false,"campfire_upgraded":3,"win_rate":0,"timestamp":1541006849,"path_taken":["M","M","M","M","?","R","E","R","T","?","R","?","M","E","R","BOSS","M","$","?","M","?","E","R","M","T","E","?","M","E"],"build_version":"2018-10-25v2","purchased_purges":2,"victory":false,"max_hp_per_floor":[64,64,64,64,64,64,64,64,64,64,64,64,64,64,64,64,64,64,64,64,64,64,64,64,64,64,64,64,64,64],"card_choices":[{"not_picked":["BootSequence","Heatsinks"],"picked":"Compile Driver","floor":1},{"not_picked":["Conserve Battery","Lockon"],"picked":"FTL","floor":2},{"not_picked":["Barrage","Turbo"],"picked":"FTL","floor":3},{"not_picked":["Gash","Hello World","Double Energy"],"picked":"SKIP","floor":4},{"not_picked":["Recycle","Lockon"],"picked":"Sunder","floor":7},{"not_picked":["Scrape","Conserve Battery"],"picked":"FTL","floor":13},{"not_picked":["Genetic Algorithm","Rebound"],"picked":"Electrodynamics","floor":14},{"not_picked":["Biased Cognition","Buffer"],"picked":"All For One","floor":16},{"not_picked":["Leap","Barrage"],"picked":"Recycle","floor":18},{"not_picked":["Self Repair","Go for the Eyes"],"picked":"Cold Snap+1","floor":21},{"not_picked":["Streamline","Leap"],"picked":"Meteor Strike","floor":23},{"not_picked":["Double Energy","White Noise"],"picked":"Compile Driver","floor":25},{"not_picked":["Steam","Reinforced Body"],"picked":"Rainbow","floor":27},{"not_picked":["Hologram","Force Field"],"picked":"Go for the Eyes","floor":29}],"player_experience":1028198,"relics_obtained":[{"floor":7,"key":"Regal Pillow"},{"floor":9,"key":"The Courier"},{"floor":14,"key":"FossilizedHelix"},{"floor":23,"key":"Happy Flower"},{"floor":26,"key":"Potion Belt"},{"floor":27,"key":"Pantograph"},{"floor":28,"key":"Bottled Lightning"}],"event_choices":[{"damage_healed":0,"gold_gain":0,"player_choice":"Upgraded","damage_taken":0,"max_hp_gain":0,"max_hp_loss":0,"event_name":"Upgrade Shrine","floor":5,"gold_loss":0,"cards_upgraded":["Zap"]},{"damage_healed":0,"gold_gain":0,"player_choice":"Ignored","damage_taken":0,"max_hp_gain":0,"max_hp_loss":0,"event_name":"Liars Game","floor":12,"gold_loss":0},{"damage_healed":0,"gold_gain":50,"player_choice":"Stole From Cult","damage_taken":0,"max_hp_gain":0,"max_hp_loss":0,"event_name":"Nest","floor":20,"gold_loss":0}],"is_beta":false,"boss_relics":[{"not_picked":["Calling Bell","White Beast Statue"],"picked":"Fusion Hammer"}],"items_purged_floors":[10,19],"is_endless":false,"potions_floor_spawned":[1,2,3,14,18,23,25],"killed_by":"Slavers","ascension_level":20}