{"gold_per_floor":[110,110,110,110,110,110,145,170,222,242,242,258,282,297],"floor_reached":14,"playtime":337,"items_purged":[],"score":115,"play_id":"53a3b91e-15d6-43d0-bb26-96e133049072","local_time":"20190723175109","is_ascension_mode":true,"campfire_choices":[{"floor":6,"key":"REST"},{"data":"Burning Pact","floor":11,"key":"SMITH"}],"neow_cost":"NONE","seed_source_timestamp":178287531975451,"circlet_count":0,"master_deck":["Strike_R+1","Strike_R","Strike_R","Strike_R","Strike_R","Defend_R","Defend_R+1","Defend_R","Defend_R","Bash","Anger","Burning Pact+1","Cleave","Warcry","Warcry","Warcry"],"relics":["Burning Blood","Golden Idol","Mercury Hourglass","Strawberry"],"potions_floor_usage":[],"damage_taken":[{"damage":12,"enemies":"Small Slimes","floor":1,"turns":3},{"damage":44,"enemies":"Gremlin Nob","floor":7,"turns":5},{"damage":0,"enemies":"2 Louse","floor":8,"turns":2},{"damage":7,"enemies":"Jaw Worm","floor":10,"turns":3},{"damage":0,"enemies":"Large Slime","floor":12,"turns":3},{"damage":3,"enemies":"Blue Slaver","floor":13,"turns":3},{"damage":9,"enemies":"2 Fungi Beasts","floor":14,"turns":3}],"seed_played":"20560804014057777","potions_obtained":[{"floor":1,"key":"Explosive Potion"},{"floor":8,"key":"FearPotion"}],"is_trial":false,"path_per_floor":["M","?","?","?","?","R","E","M","T","M","R","M","M","M"],"character_chosen":"IRONCLAD","items_purchased":[],"campfire_rested":1,"item_purchase_floors":[],"current_hp_per_floor":[74,54,80,64,39,63,25,31,38,37,37,43,46,43],"gold":297,"neow_bonus":"THREE_CARDS","is_prod":false,"is_daily":false,"chose_seed":false,"campfire_upgraded":1,"win_rate":0,"timestamp":1563897069,"path_taken":["M","?","?","?","?","R","E","?","T","M","R","M","M","M"],"build_version":"2019-07-17","purchased_purges":0,"victory":false,"max_hp_per_floor":[80,80,80,80,80,80,80,80,87,87,87,87,87,87],"card_choices":[{"not_picked":["Body Slam","Sword Boomerang"],"picked":"Anger","floor":0},{"not_picked":["Wild Strike","Bloodletting"],"picked":"Burning Pact","floor":1},{"not_picked":["Sword Boomerang","Fire Breathing"],"picked":"Cleave","floor":7},{"not_picked":["Rupture","Pommel Strike"],"picked":"Warcry","floor":8},{"not_picked":["Seeing Red","Pommel Strike"],"picked":"Warcry","floor":10},{"not_picked":["Entrench","Combust","Havoc"],"picked":"SKIP","floor":12},{"not_picked":["Perfected Strike","Bloodletting"],"picked":"Warcry","floor":13}],"player_experience":302027,"relics_obtained":[{"floor":7,"key":"Mercury Hourglass"},{"floor":9,"key":"Strawberry"}],"event_choices":[{"damage_healed":0,"gold_gain":0,"player_choice":"Take Damage","damage_taken":20,"relics_obtained":["Golden Idol"],"max_hp_gain":0,"max_hp_loss":0,"event_name":"Golden Idol","floor":2,"gold_loss":0},{"damage_healed":26,"gold_gain":0,"player_choice":"Banana","damage_taken":0,"max_hp_gain":0,"max_hp_loss":0,"event_name":"Big Fish","floor":3,"gold_loss":0},{"damage_healed":0,"gold_gain":0,"player_choice":"Entered Light","damage_taken":16,"max_hp_gain":0,"max_hp_loss":0,"event_name":"Shining Light","floor":4,"gold_loss":0,"cards_upgraded":["Strike_R","Defend_R"]},{"damage_healed":0,"gold_gain":0,"player_choice":"Fled","damage_taken":25,"max_hp_gain":0,"max_hp_loss":0,"event_name":"Scrap Ooze","floor":5,"gold_loss":0}],"is_beta":false,"boss_relics":[],"items_purged_floors":[],"is_endless":false,"potions_floor_spawned":[1,8],"killed_by":"2 Fungi Beasts","ascension_level":5}