{"gold_per_floor":[111,111,111,111,121,121,153,164,187,198,198,198,228,140,140,140],"floor_reached":16,"playtime":872,"items_purged":["Strike_R"],"score":123,"play_id":"9c5e4818-2ac6-4333-9ab4-d8a8666aff1a","local_time":"20190713000604","is_ascension_mode":true,"campfire_choices":[{"data":"Wild Strike","floor":6,"key":"SMITH"},{"floor":11,"key":"REST"},{"floor":15,"key":"REST"}],"neow_cost":"CURSE","seed_source_timestamp":2009956540170062,"circlet_count":0,"master_deck":["Strike_R","Strike_R","Strike_R","Strike_R","Defend_R","Defend_R","Defend_R","Defend_R","Bash","Second Wind","Regret","Wild Strike+1","Intimidate","Pummel"],"relics":["Burning Blood","Charon\u0027s Ashes","Strawberry","Ornamental Fan","Happy Flower","PreservedInsect","Spirit Poop","Smiling Mask"],"potions_floor_usage":[7,10,13,16],"damage_taken":[{"damage":0,"enemies":"2 Louse","floor":1,"turns":3},{"damage":6,"enemies":"Small Slimes","floor":5,"turns":4},{"damage":61,"enemies":"Lagavulin","floor":7,"turns":7},{"damage":4,"enemies":"Jaw Worm","floor":8,"turns":4},{"damage":5,"enemies":"Exordium Thugs","floor":10,"turns":5},{"damage":14,"enemies":"Gremlin Nob","floor":13,"turns":3},{"damage":73,"enemies":"Hexaghost","floor":16,"turns":10}],"seed_played":"-6426677639650171136","potions_obtained":[{"floor":5,"key":"SpeedPotion"},{"floor":8,"key":"Weak Potion"},{"floor":10,"key":"PowerPotion"},{"floor":13,"key":"SkillPotion"}],"is_trial":false,"path_per_floor":["M","?","?","$","M","R","E","M","T","M","R","?","E","$","R","B"],"character_chosen":"IRONCLAD","items_purchased":["Pummel"],"campfire_rested":2,"item_purchase_floors":[14],"current_hp_per_floor":[80,87,75,75,75,75,20,22,22,23,49,49,41,41,67,0],"gold":140,"neow_bonus":"ONE_RARE_RELIC","is_prod":false,"is_daily":false,"chose_seed":false,"campfire_upgraded":1,"win_rate":0,"timestamp":1562969164,"path_taken":["M","?","?","?","M","R","E","M","T","?","R","?","E","$","R","BOSS"],"build_version":"2019-07-05","purchased_purges":1,"victory":false,"max_hp_per_floor":[80,87,87,87,87,87,87,87,87,87,87,87,87,87,87,87],"card_choices":[{"not_picked":["Perfected Strike","Havoc"],"picked":"Second Wind","floor":1},{"not_picked":["Headbutt","Hemokinesis"],"picked":"Wild Strike","floor":5},{"not_picked":["Berserk","Perfected Strike","Shrug It Off"],"picked":"SKIP","floor":7},{"not_picked":["Flex","Sword Boomerang","Shrug It Off"],"picked":"SKIP","floor":8},{"not_picked":["Searing Blow","Cleave","Warcry"],"picked":"SKIP","floor":10},{"not_picked":["Headbutt","Sever Soul"],"picked":"Intimidate","floor":13}],"player_experience":181831,"relics_obtained":[{"floor":7,"key":"Happy Flower"},{"floor":9,"key":"PreservedInsect"},{"floor":13,"key":"Smiling Mask"}],"event_choices":[{"damage_healed":0,"gold_gain":0,"player_choice":"Box","damage_taken":0,"relics_obtained":["Strawberry"],"max_hp_gain":0,"max_hp_loss":0,"event_name":"Big Fish","floor":2,"gold_loss":0,"cards_obtained":["Regret"]},{"damage_healed":0,"gold_gain":0,"player_choice":"Success","damage_taken":12,"relics_obtained":["Ornamental Fan"],"max_hp_gain":0,"max_hp_loss":0,"event_name":"Scrap Ooze","floor":3,"gold_loss":0},{"cards_removed":["Shame"],"damage_healed":0,"gold_gain":0,"player_choice":"Offered Curse","damage_taken":0,"relics_obtained":["Spirit Poop"],"max_hp_gain":0,"max_hp_loss":0,"event_name":"Bonfire Elementals","floor":12,"gold_loss":0}],"is_beta":false,"boss_relics":[],"items_purged_floors":[14],"is_endless":false,"potions_floor_spawned":[5,8,10,13],"killed_by":"Hexaghost","ascension_level":3}