{"gold_per_floor":[116,128,139,139,153,181,200,200,200,200,200,200,216,248,248,352,352,369,384,384,400,257,290,304,304,304,332,344,86,86,86,86,86],"floor_reached":33,"playtime":1508,"items_purged":["Strike_B"],"score":435,"play_id":"9fe36466-fa27-4093-b910-bd993698a0fe","local_time":"20190512094059","is_ascension_mode":true,"campfire_choices":[{"floor":8,"key":"REST"},{"floor":10,"key":"REST"},{"data":"Zap","floor":12,"key":"SMITH"},{"data":"Streamline","floor":15,"key":"SMITH"},{"floor":25,"key":"REST"},{"floor":32,"key":"REST"}],"neow_cost":"NONE","seed_source_timestamp":85727745679780,"circlet_count":0,"master_deck":["Strike_B","Strike_B","Defend_B","Defend_B","Defend_B","Defend_B","Zap+1","Dualcast","Steam","Sunder","Streamline+1","Conserve Battery","Reinforced Body","Echo Form","Streamline+1","Doom and Gloom","Hyperbeam","Echo Form","Steam","Rebound"],"relics":["Cracked Core","NeowsBlessing","Ancient Tea Set","Matryoshka","Kunai","Nuclear Battery","Dodecahedron","Dead Branch","DataDisk","Pen Nib","Bag of Preparation","Bottled Tornado"],"potions_floor_usage":[14,16,27,33,33],"damage_taken":[{"damage":0,"enemies":"Cultist","floor":1,"turns":1},{"damage":0,"enemies":"Jaw Worm","floor":2,"turns":1},{"damage":0,"enemies":"Small Slimes","floor":3,"turns":1},{"damage":5,"enemies":"Gremlin Gang","floor":5,"turns":3},{"damage":34,"enemies":"3 Sentries","floor":6,"turns":7},{"damage":18,"enemies":"Exordium Wildlife","floor":7,"turns":3},{"damage":0,"enemies":"Lots of Slimes","floor":13,"turns":3},{"damage":6,"enemies":"Gremlin Nob","floor":14,"turns":3},{"damage":48,"enemies":"Hexaghost","floor":16,"turns":10},{"damage":15,"enemies":"2 Thieves","floor":18,"turns":4},{"damage":4,"enemies":"Shell Parasite","floor":19,"turns":5},{"damage":6,"enemies":"Sentry and Sphere","floor":21,"turns":5},{"damage":0,"enemies":"Gremlin Leader","floor":23,"turns":7},{"damage":0,"enemies":"Centurion and Healer","floor":24,"turns":4},{"damage":33,"enemies":"Book of Stabbing","floor":27,"turns":4},{"damage":27,"enemies":"Shelled Parasite and Fungi","floor":28,"turns":7},{"damage":31,"enemies":"Automaton","floor":33,"turns":6}],"seed_played":"2044651768761601459","potions_obtained":[{"floor":5,"key":"Poison Potion"},{"floor":14,"key":"SteroidPotion"},{"floor":16,"key":"EssenceOfSteel"},{"floor":23,"key":"PowerPotion"},{"floor":24,"key":"Regen Potion"},{"floor":27,"key":"Strength Potion"},{"floor":28,"key":"FocusPotion"}],"is_trial":false,"path_per_floor":["M","M","M","?","M","E","M","R","T","R","?","R","M","E","R","B",null,"M","M","?","M","$","E","M","R","T","E","M","$","?","$","R","B"],"character_chosen":"DEFECT","items_purchased":["Hyperbeam","Bottled Tornado"],"campfire_rested":4,"item_purchase_floors":[22,29],"current_hp_per_floor":[68,68,68,68,63,29,11,33,33,55,55,55,55,49,49,1,57,42,38,38,32,32,32,32,54,54,33,6,6,6,6,28,0],"gold":86,"neow_bonus":"THREE_ENEMY_KILL","is_prod":false,"is_daily":false,"chose_seed":false,"campfire_upgraded":2,"win_rate":0,"timestamp":1557668459,"path_taken":["M","?","?","?","M","E","?","R","T","R","?","R","M","E","R","BOSS","M","?","?","?","$","E","M","R","T","E","?","?","?","$","R","BOSS"],"build_version":"2019-01-23","purchased_purges":1,"victory":false,"max_hp_per_floor":[75,75,75,75,75,75,75,75,75,75,75,75,75,75,75,75,75,75,75,75,75,75,75,75,75,75,75,75,75,75,75,75,75],"card_choices":[{"not_picked":["Leap","Compile Driver"],"picked":"Steam","floor":1},{"not_picked":["BootSequence","Hologram"],"picked":"Sunder","floor":2},{"not_picked":["Go for the Eyes","Stack","Sunder"],"picked":"SKIP","floor":3},{"not_picked":["Ball Lightning","Conserve Battery"],"picked":"Streamline","floor":5},{"not_picked":["Thunder Strike","Force Field","Genetic Algorithm"],"picked":"SKIP","floor":6},{"not_picked":["Hologram","Tempest"],"picked":"Conserve Battery","floor":7},{"not_picked":["Recycle","Gash","Scrape"],"picked":"SKIP","floor":13},{"not_picked":["Fusion","Redo"],"picked":"Reinforced Body","floor":14},{"not_picked":["All For One","Reboot"],"picked":"Echo Form","floor":16},{"not_picked":["Steam","Static Discharge"],"picked":"Streamline+1","floor":18},{"not_picked":["Stack","Compile Driver","Barrage"],"picked":"SKIP","floor":19},{"not_picked":["Redo","Streamline+1"],"picked":"Doom and Gloom","floor":21},{"not_picked":["Sunder","Aggregate"],"picked":"Echo Form","floor":23},{"not_picked":["Gash","Streamline"],"picked":"Steam","floor":24},{"not_picked":["Recycle","Compile Driver"],"picked":"Rebound","floor":27},{"not_picked":["Streamline","Glacier+1","Redo"],"picked":"SKIP","floor":28}],"player_experience":283478,"relics_obtained":[{"floor":6,"key":"Ancient Tea Set"},{"floor":9,"key":"Matryoshka"},{"floor":14,"key":"Kunai"},{"floor":23,"key":"Dead Branch"},{"floor":26,"key":"DataDisk"},{"floor":26,"key":"Pen Nib"},{"floor":27,"key":"Bag of Preparation"}],"event_choices":[{"damage_healed":0,"gold_gain":0,"player_choice":"Bought 0 Potions","damage_taken":0,"max_hp_gain":0,"max_hp_loss":0,"event_name":"The Woman in Blue","floor":4,"gold_loss":0},{"cards_removed":["Strike_B"],"damage_healed":0,"gold_gain":0,"player_choice":"Offered Basic","damage_taken":0,"max_hp_gain":0,"max_hp_loss":0,"event_name":"Bonfire Elementals","floor":11,"gold_loss":0},{"damage_healed":0,"gold_gain":0,"player_choice":"Gave Potion","damage_taken":0,"relics_obtained":["Dodecahedron"],"max_hp_gain":0,"max_hp_loss":0,"event_name":"WeMeetAgain","floor":20,"gold_loss":0},{"damage_healed":0,"gold_gain":0,"player_choice":"Ignored","damage_taken":0,"max_hp_gain":0,"max_hp_loss":0,"event_name":"Vampires","floor":30,"gold_loss":0}],"is_beta":false,"boss_relics":[{"not_picked":["Astrolabe","Busted Crown"],"picked":"Nuclear Battery"}],"items_purged_floors":[22],"is_endless":false,"potions_floor_spawned":[5,14,16,23,24,27,28],"killed_by":"Automaton","ascension_level":7}