{"gold_per_floor":[20,20,32,32,48,48,126,145,168,185,203,229,32,60,60,60],"floor_reached":16,"playtime":1036,"items_purged":[],"score":118,"play_id":"20ca61e3-3362-412e-8337-95e689d9e9f7","local_time":"20190711050603","is_ascension_mode":true,"campfire_choices":[{"floor":6,"key":"RECALL"},{"data":"Armaments","floor":15,"key":"SMITH"}],"neow_cost":"NO_GOLD","seed_source_timestamp":86484869641052,"circlet_count":0,"master_deck":["Strike_R","Strike_R","Strike_R","Strike_R","Strike_R","Defend_R","Defend_R","Defend_R","Defend_R","Bash","Battle Trance","Flame Barrier+1","Clothesline","Twin Strike","Whirlwind","Evolve","Pommel Strike","Armaments+1","Shrug It Off"],"relics":["Burning Blood","Nunchaku","Oddly Smooth Stone","Meat on the Bone","Bag of Marbles","Strawberry"],"potions_floor_usage":[8,12,14],"damage_taken":[{"damage":1,"enemies":"Cultist","floor":1,"turns":3},{"damage":0,"enemies":"Small Slimes","floor":3,"turns":2},{"damage":2,"enemies":"Jaw Worm","floor":5,"turns":4},{"damage":9,"enemies":"Exordium Thugs","floor":8,"turns":5},{"damage":6,"enemies":"Large Slime","floor":10,"turns":6},{"damage":0,"enemies":"2 Fungi Beasts","floor":11,"turns":3},{"damage":30,"enemies":"3 Sentries","floor":12,"turns":8},{"damage":27,"enemies":"Gremlin Nob","floor":14,"turns":5},{"damage":56,"enemies":"Slime Boss","floor":16,"turns":9}],"seed_played":"4336581424454139473","potions_obtained":[{"floor":5,"key":"Explosive Potion"},{"floor":11,"key":"GamblersBrew"},{"floor":12,"key":"Regen Potion"}],"is_trial":false,"path_per_floor":["M","$","M","?","M","R","T","M","T","M","M","E","$","E","R","B"],"character_chosen":"IRONCLAD","items_purchased":["Bag of Marbles","Armaments"],"campfire_rested":0,"item_purchase_floors":[13,13],"current_hp_per_floor":[80,80,80,80,80,80,80,77,77,77,80,56,56,56,56,0],"gold":60,"neow_bonus":"ONE_RARE_RELIC","is_prod":false,"is_daily":false,"chose_seed":false,"campfire_upgraded":1,"win_rate":0,"timestamp":1562846763,"path_taken":["M","?","M","?","M","R","?","M","T","M","?","E","$","E","R","BOSS"],"build_version":"2019-07-05","purchased_purges":0,"victory":false,"max_hp_per_floor":[80,80,80,80,80,80,80,80,80,80,80,80,80,87,87,87],"card_choices":[{"not_picked":["Body Slam","Wild Strike"],"picked":"Battle Trance","floor":1},{"not_picked":["Body Slam","Headbutt"],"picked":"Flame Barrier","floor":3},{"not_picked":["Wild Strike","Carnage"],"picked":"Clothesline","floor":5},{"not_picked":["Bloodletting","Havoc"],"picked":"Twin Strike","floor":8},{"not_picked":["Anger","Iron Wave"],"picked":"Whirlwind","floor":10},{"not_picked":["Heavy Blade","Ghostly Armor"],"picked":"Evolve","floor":11},{"not_picked":["Cleave","Warcry"],"picked":"Pommel Strike","floor":12},{"not_picked":["Thunderclap","Armaments"],"picked":"Shrug It Off","floor":14}],"player_experience":268234,"relics_obtained":[{"floor":9,"key":"Oddly Smooth Stone"},{"floor":12,"key":"Meat on the Bone"},{"floor":14,"key":"Strawberry"}],"event_choices":[{"damage_healed":0,"gold_gain":0,"player_choice":"Grow","damage_taken":0,"max_hp_gain":0,"max_hp_loss":0,"event_name":"Living Wall","floor":4,"gold_loss":0,"cards_upgraded":["Flame Barrier"]}],"is_beta":false,"boss_relics":[],"items_purged_floors":[],"is_endless":false,"potions_floor_spawned":[5,11,12],"killed_by":"Slime Boss","ascension_level":1}