{"gold_per_floor":[114,124,137,148,165,190,42,42,42,42,42,42,42,77,77,207,207,222,246,103,153,53,87,100,100,100,118,118,143,177,302,302,432,432,457,516,540,252,252,295,295,316,316,97,97,141,164,497,497,497],"floor_reached":51,"playtime":7428,"items_purged":["Strike_G","Strike_G","Strike_G","Infinite Blades+1"],"score":816,"play_id":"d5857fab-8273-49cf-92b1-26c6cf51a21a","local_time":"20190106165819","is_ascension_mode":true,"campfire_choices":[{"data":"Neutralize","floor":8.0,"key":"SMITH"},{"floor":12.0,"key":"REST"},{"data":"Noxious Fumes","floor":15.0,"key":"SMITH"},{"data":"Well Laid Plans","floor":25.0,"key":"SMITH"},{"data":"Noxious Fumes","floor":28.0,"key":"SMITH"},{"data":"Dodge and Roll","floor":32.0,"key":"SMITH"},{"data":"Adrenaline","floor":41,"key":"SMITH"},{"floor":45,"key":"DIG"},{"floor":49,"key":"DIG"}],"neow_cost":"NONE","seed_source_timestamp":0,"circlet_count":0,"master_deck":["Defend_G","Defend_G+1","Defend_G","Defend_G+1","Defend_G","Survivor","Neutralize+1","Impatience","Flying Knee+1","Well Laid Plans+1","Noxious Fumes+1","Poisoned Stab","Dodge and Roll+1","Die Die Die+1","PiercingWail+1","Noxious Fumes+1","Cloak And Dagger+1","Adrenaline+1","Catalyst+1","After Image+1","Well Laid Plans+1","Caltrops+1","Predator+1"],"special_seed":0,"relics":["Ring of the Snake","Letter Opener","Oddly Smooth Stone","Gremlin Horn","War Paint","Shuriken","Coffee Dripper","Snake Skull","Mummified Hand","Whetstone","Shovel","Frozen Egg 2","Philosopher\u0027s Stone","Bird Faced Urn","Orichalcum","Blue Candle","Kunai","Ginger","Art of War"],"potions_floor_usage":[36,36,50,50],"damage_taken":[{"damage":0.0,"enemies":"2 Louse","floor":1.0,"turns":4.0},{"damage":7.0,"enemies":"Jaw Worm","floor":2.0,"turns":7.0},{"damage":0.0,"enemies":"Cultist","floor":3.0,"turns":4.0},{"damage":3.0,"enemies":"2 Fungi Beasts","floor":4.0,"turns":4.0},{"damage":2.0,"enemies":"Looter","floor":5.0,"turns":4.0},{"damage":14.0,"enemies":"Gremlin Nob","floor":6.0,"turns":5.0},{"damage":3.0,"enemies":"3 Sentries","floor":14.0,"turns":6.0},{"damage":7.0,"enemies":"Hexaghost","floor":16.0,"turns":9.0},{"damage":0.0,"enemies":"Spheric Guardian","floor":18.0,"turns":4.0},{"damage":16.0,"enemies":"3 Byrds","floor":19.0,"turns":5.0},{"damage":7.0,"enemies":"Gremlin Leader","floor":23.0,"turns":6.0},{"damage":3.0,"enemies":"Centurion and Healer","floor":24.0,"turns":6.0},{"damage":4.0,"enemies":"Snake Plant","floor":27.0,"turns":4.0},{"damage":0.0,"enemies":"Chosen and Byrds","floor":29.0,"turns":5.0},{"damage":0.0,"enemies":"Slavers","floor":30.0,"turns":3.0},{"damage":0.0,"enemies":"Colosseum Slavers","floor":31.0,"turns":4.0},{"damage":3.0,"enemies":"Colosseum Nobs","floor":31.0,"turns":4.0},{"damage":16.0,"enemies":"Automaton","floor":33.0,"turns":7.0},{"damage":10.0,"enemies":"3 Darklings","floor":35.0,"turns":3.0},{"damage":4,"enemies":"2 Orb Walkers","floor":36,"turns":5},{"damage":2,"enemies":"Orb Walker","floor":37,"turns":4},{"damage":25,"enemies":"Nemesis","floor":40,"turns":7},{"damage":0,"enemies":"3 Darklings","floor":42,"turns":4},{"damage":0,"enemies":"Reptomancer","floor":46,"turns":5},{"damage":2,"enemies":"Spire Growth","floor":47,"turns":4},{"damage":48,"enemies":"Time Eater","floor":50,"turns":10}],"seed_played":"3977975877986992842","potions_obtained":[{"floor":2.0,"key":"Weak Potion"},{"floor":5.0,"key":"EssenceOfSteel"},{"floor":6.0,"key":"GhostInAJar"},{"floor":18.0,"key":"EssenceOfSteel"},{"floor":27.0,"key":"EssenceOfSteel"},{"floor":29.0,"key":"Strength Potion"},{"floor":31.0,"key":"SteroidPotion"},{"floor":35.0,"key":"EssenceOfSteel"},{"floor":37,"key":"SpeedPotion"},{"floor":46,"key":"GamblersBrew"}],"is_trial":false,"path_per_floor":["M","M","M","M","M","E","$","R","T","?","?","R","?","E","R","B",null,"M","M","$","?","$","E","M","R","T","M","R","M","E","?","R","B",null,"M","?","M","$","?","E","R","M","T","$","R","E","M","?","R","B",null],"character_chosen":"THE_SILENT","items_purchased":["Oddly Smooth Stone","Noxious Fumes","After Image+1","Caltrops+1"],"campfire_rested":1,"item_purchase_floors":[7,20,38,44],"current_hp_per_floor":[70,63,63,60,58,44,44,44,44,27,20,41,34,31,31,24,70,70,54,54,54,54,47,44,44,44,40,40,40,40,37,37,21,70,60,56,62,62,62,45,45,57,57,57,57,69,68,68,68,26],"gold":497,"neow_bonus":"RANDOM_COLORLESS","is_prod":false,"is_daily":false,"chose_seed":false,"campfire_upgraded":6,"win_rate":0,"timestamp":1546754299,"path_taken":["M","M","M","M","M","E","$","R","T","?","?","R","?","E","R","BOSS","M","M","$","?","?","E","M","R","T","M","R","M","E","?","R","BOSS","M","?","M","$","?","E","R","M","T","$","R","E","?","?","R","BOSS"],"build_version":"2019-01-03v4","purchased_purges":4,"victory":true,"max_hp_per_floor":[70,70,70,70,70,70,70,70,70,70,70,70,70,70,70,70,70,70,70,70,70,70,70,70,70,70,70,70,70,70,70,70,70,70,70,70,70,70,70,70,70,70,70,70,70,70,70,70,70,70],"card_choices":[{"not_picked":["Tactician","Deflect","Underhanded Strike"],"picked":"SKIP","floor":1.0},{"not_picked":["Catalyst","Underhanded Strike","Quick Slash"],"picked":"SKIP","floor":2.0},{"not_picked":["Sucker Punch","Setup"],"picked":"Flying Knee","floor":3.0},{"not_picked":["Blade Dance","Prepared"],"picked":"Well Laid Plans","floor":4.0},{"not_picked":["Blade Dance","Deadly Poison"],"picked":"Noxious Fumes","floor":5.0},{"not_picked":["Flechettes","Envenom"],"picked":"Poisoned Stab","floor":6.0},{"not_picked":["Well Laid Plans","Leg Sweep"],"picked":"Dodge and Roll","floor":14.0},{"not_picked":["Tools of the Trade","Unload"],"picked":"Die Die Die","floor":16.0},{"not_picked":["Deadly Poison","Caltrops"],"picked":"PiercingWail+1","floor":18.0},{"not_picked":["Dagger Spray+1","Dagger Throw"],"picked":"Infinite Blades+1","floor":19.0},{"not_picked":["Sucker Punch+1","Predator","Bane"],"picked":"SKIP","floor":23.0},{"not_picked":["Dagger Spray","Underhanded Strike"],"picked":"Cloak And Dagger+1","floor":24.0},{"not_picked":["Distraction","Underhanded Strike+1","Bane+1"],"picked":"SKIP","floor":27.0},{"not_picked":["Dagger Throw+1","PiercingWail","Flechettes"],"picked":"SKIP","floor":29.0},{"not_picked":["Unload","Distraction+1","Choke"],"picked":"SKIP","floor":30.0},{"not_picked":["Night Terror","Envenom+1"],"picked":"Adrenaline","floor":33.0},{"not_picked":["Sucker Punch","Endless Agony+1"],"picked":"Catalyst+1","floor":35.0},{"not_picked":["Sucker Punch","Outmaneuver","Heel Hook"],"picked":"SKIP","floor":37},{"not_picked":["Eviscerate+1","Slice+1"],"picked":"Well Laid Plans+1","floor":40},{"not_picked":["Concentrate","Slice","Terror"],"picked":"SKIP","floor":42},{"not_picked":["Corpse Explosion","Dagger Throw"],"picked":"Predator+1","floor":46},{"not_picked":["Quick Slash+1","Flying Knee","Sucker Punch+1"],"picked":"SKIP","floor":47}],"player_experience":601142,"relics_obtained":[{"floor":6.0,"key":"Letter Opener"},{"floor":9.0,"key":"Gremlin Horn"},{"floor":14.0,"key":"Shuriken"},{"floor":23.0,"key":"Snake Skull"},{"floor":26.0,"key":"Mummified Hand"},{"floor":30.0,"key":"Whetstone"},{"floor":31.0,"key":"Shovel"},{"floor":31.0,"key":"Frozen Egg 2"},{"floor":36,"key":"Bird Faced Urn"},{"floor":40,"key":"Orichalcum"},{"floor":43,"key":"Blue Candle"},{"floor":45,"key":"Kunai"},{"floor":46,"key":"Ginger"},{"floor":49,"key":"Art of War"}],"event_choices":[{"damage_healed":0.0,"max_hp_gain":0.0,"max_hp_loss":0.0,"gold_gain":0.0,"event_name":"Golden Idol","player_choice":"Take Damage","floor":10.0,"gold_loss":0.0,"damage_taken":17.0,"relics_obtained":["Golden Idol"]},{"cards_removed":["Strike_G"],"damage_healed":0.0,"max_hp_gain":0.0,"max_hp_loss":0.0,"gold_gain":0.0,"event_name":"Golden Wing","player_choice":"Card Removal","floor":11.0,"gold_loss":0.0,"damage_taken":7.0},{"damage_healed":0.0,"max_hp_gain":0.0,"max_hp_loss":0.0,"gold_gain":0.0,"event_name":"Scrap Ooze","player_choice":"Success","floor":13.0,"gold_loss":0.0,"damage_taken":7.0,"relics_obtained":["War Paint"]},{"damage_healed":0.0,"max_hp_gain":0.0,"max_hp_loss":0.0,"gold_gain":100.0,"event_name":"The Joust","player_choice":"Bet on Murderer","floor":21.0,"gold_loss":50.0,"damage_taken":0.0},{"damage_healed":0.0,"max_hp_gain":0.0,"max_hp_loss":0.0,"gold_gain":0.0,"event_name":"Colosseum","player_choice":"Fight","floor":31.0,"gold_loss":0.0,"damage_taken":0.0},{"damage_healed":0.0,"max_hp_gain":0.0,"max_hp_loss":0.0,"gold_gain":0.0,"event_name":"Colosseum","player_choice":"Fought Nobs","floor":31.0,"gold_loss":0.0,"damage_taken":0.0},{"damage_healed":0,"gold_gain":0,"player_choice":"Fight","damage_taken":0,"max_hp_gain":0,"max_hp_loss":0,"event_name":"Mysterious Sphere","floor":36,"gold_loss":0},{"cards_removed":["Strike_G"],"damage_healed":0,"gold_gain":0,"player_choice":"Offered Basic","damage_taken":0,"max_hp_gain":0,"max_hp_loss":0,"event_name":"Bonfire Elementals","floor":39,"gold_loss":0},{"damage_healed":0,"gold_gain":333,"player_choice":"Gave Idol","damage_taken":0,"max_hp_gain":0,"max_hp_loss":0,"event_name":"The Moai Head","floor":48,"relics_lost":["Golden Idol"],"gold_loss":0}],"is_beta":false,"boss_relics":[{"not_picked":["HoveringKite","Calling Bell"],"picked":"Coffee Dripper"},{"not_picked":["White Beast Statue","WristBlade"],"picked":"Philosopher\u0027s Stone"}],"items_purged_floors":[20,22,38,44],"is_endless":false,"potions_floor_spawned":[2,5,6,18,27,29,31,31,35,37,46],"ascension_level":1}