{"gold_per_floor":[118,43,43,57,57,396,396,434,434,434],"floor_reached":10,"playtime":182,"items_purged":["Strike_B"],"score":173,"play_id":"c4546ff6-e38b-4e69-bfe9-a4da5501e254","local_time":"20181230173825","is_ascension_mode":true,"campfire_choices":[{"data":"Zap","floor":7,"key":"SMITH"}],"neow_cost":"NONE","seed_source_timestamp":22795989198213,"circlet_count":0,"master_deck":["AscendersBane","Strike_B","Strike_B","Strike_B","Defend_B","Defend_B","Defend_B","Defend_B","Zap+1","Dualcast","Coolheaded","Melter","Compile Driver","Self Repair"],"relics":["Cracked Core","NeowsBlessing","Golden Idol","Old Coin","Orichalcum","Emotion Chip"],"potions_floor_usage":[8,10],"damage_taken":[{"damage":0,"enemies":"Cultist","floor":1,"turns":1},{"damage":0,"enemies":"Small Slimes","floor":4,"turns":1},{"damage":0,"enemies":"Lagavulin","floor":6,"turns":1},{"damage":29,"enemies":"Gremlin Nob","floor":8,"turns":4},{"damage":15,"enemies":"Lagavulin","floor":10,"turns":4}],"seed_played":"406776991195633080","potions_obtained":[{"floor":1,"key":"Dexterity Potion"},{"floor":6,"key":"Swift Potion"}],"is_trial":false,"path_per_floor":["M","$","?","M","?","E","R","E","T","E"],"character_chosen":"DEFECT","items_purchased":[],"campfire_rested":0,"item_purchase_floors":[],"current_hp_per_floor":[64,64,69,69,43,43,43,14,14,0],"gold":434,"neow_bonus":"THREE_ENEMY_KILL","is_prod":false,"is_daily":false,"chose_seed":false,"campfire_upgraded":1,"win_rate":0,"timestamp":1546209505,"path_taken":["M","?","?","?","?","E","R","E","T","E"],"build_version":"2018-12-20","purchased_purges":1,"victory":false,"max_hp_per_floor":[71,71,76,76,76,76,76,76,76,76],"card_choices":[{"not_picked":["Aggregate","Hologram"],"picked":"Coolheaded","floor":1},{"not_picked":["Aggregate","Rebound"],"picked":"Melter","floor":4},{"not_picked":["Conserve Battery","Meteor Strike"],"picked":"Compile Driver","floor":6},{"not_picked":["Aggregate","FTL"],"picked":"Self Repair","floor":8}],"player_experience":1313531,"relics_obtained":[{"floor":6,"key":"Old Coin"},{"floor":8,"key":"Orichalcum"},{"floor":9,"key":"Emotion Chip"}],"event_choices":[{"damage_healed":0,"gold_gain":0,"player_choice":"Donut","damage_taken":0,"max_hp_gain":5,"max_hp_loss":0,"event_name":"Big Fish","floor":3,"gold_loss":0},{"damage_healed":0,"gold_gain":0,"player_choice":"Take Damage","damage_taken":26,"relics_obtained":["Golden Idol"],"max_hp_gain":0,"max_hp_loss":0,"event_name":"Golden Idol","floor":5,"gold_loss":0}],"is_beta":false,"boss_relics":[],"items_purged_floors":[2],"is_endless":false,"potions_floor_spawned":[1,6],"killed_by":"Lagavulin","ascension_level":15}