{"gold_per_floor":[117,136,411,427,441,472,489,489,489,489,517,517,537,550,550,550],"floor_reached":16,"playtime":480,"items_purged":[],"score":228,"play_id":"1a1d2403-6cf7-49de-a602-2760c3ed52d3","local_time":"20181124120059","is_ascension_mode":true,"campfire_choices":[{"floor":8,"key":"REST"},{"data":"Bash","floor":10,"key":"SMITH"},{"floor":12,"key":"REST"},{"data":"Limit Break","floor":15,"key":"SMITH"}],"neow_cost":"NONE","seed_source_timestamp":305578759597289,"circlet_count":0,"master_deck":["AscendersBane","Strike_R","Strike_R","Strike_R","Strike_R","Strike_R","Defend_R","Defend_R","Defend_R","Defend_R+1","Bash+1","Cleave","Feel No Pain","Regret","Spot Weakness+1","Spot Weakness","Headbutt","Limit Break+1","Power Through"],"relics":["Burning Blood","NeowsBlessing","War Paint","Letter Opener"],"potions_floor_usage":[6,11,11,14],"damage_taken":[{"damage":0,"enemies":"Cultist","floor":1,"turns":1},{"damage":0,"enemies":"Jaw Worm","floor":2,"turns":1},{"damage":0,"enemies":"2 Louse","floor":4,"turns":1},{"damage":19,"enemies":"Large Slime","floor":5,"turns":7},{"damage":35,"enemies":"Gremlin Nob","floor":6,"turns":4},{"damage":19,"enemies":"Exordium Wildlife","floor":7,"turns":4},{"damage":26,"enemies":"3 Sentries","floor":11,"turns":7},{"damage":25,"enemies":"3 Louse","floor":13,"turns":3},{"damage":15,"enemies":"Gremlin Gang","floor":14,"turns":3},{"damage":18,"enemies":"Hexaghost","floor":16,"turns":4}],"seed_played":"-781285221176257499","potions_obtained":[{"floor":1,"key":"SteroidPotion"},{"floor":2,"key":"Dexterity Potion"},{"floor":7,"key":"Dexterity Potion"},{"floor":13,"key":"SkillPotion"},{"floor":14,"key":"SmokeBomb"}],"is_trial":false,"path_per_floor":["M","M","?","M","M","E","M","R","T","R","E","R","M","M","R","B"],"character_chosen":"IRONCLAD","items_purchased":[],"campfire_rested":2,"item_purchase_floors":[],"current_hp_per_floor":[74,75,75,75,62,33,20,42,42,42,22,44,25,16,16,0],"gold":550,"neow_bonus":"THREE_ENEMY_KILL","is_prod":false,"is_daily":false,"chose_seed":false,"campfire_upgraded":2,"win_rate":0,"timestamp":1543078859,"path_taken":["M","?","?","M","?","E","M","R","T","R","E","R","M","M","R","BOSS"],"build_version":"2018-11-15","purchased_purges":0,"victory":false,"max_hp_per_floor":[75,75,75,75,75,75,75,75,75,75,75,75,75,75,75,75],"card_choices":[{"not_picked":["Corruption","Warcry"],"picked":"Cleave","floor":1},{"not_picked":["Hemokinesis","Bloodletting"],"picked":"Feel No Pain","floor":2},{"not_picked":["Headbutt","Second Wind"],"picked":"Spot Weakness","floor":4},{"not_picked":["Perfected Strike","Iron Wave","Body Slam"],"picked":"SKIP","floor":5},{"not_picked":["Cleave","Twin Strike"],"picked":"Spot Weakness","floor":6},{"not_picked":["Rampage","Thunderclap"],"picked":"Headbutt","floor":7},{"not_picked":["Dropkick","Heavy Blade"],"picked":"Limit Break","floor":11},{"not_picked":["Iron Wave","Clothesline","Body Slam"],"picked":"SKIP","floor":13},{"not_picked":["Blood for Blood","Clothesline"],"picked":"Power Through","floor":14}],"player_experience":1150693,"relics_obtained":[{"floor":6,"key":"War Paint"},{"floor":11,"key":"Letter Opener"}],"event_choices":[{"damage_healed":0,"gold_gain":275,"player_choice":"Desecrate","damage_taken":0,"max_hp_gain":0,"max_hp_loss":0,"event_name":"Golden Shrine","floor":3,"gold_loss":0,"cards_obtained":["Regret"]}],"is_beta":false,"boss_relics":[],"items_purged_floors":[],"is_endless":false,"potions_floor_spawned":[1,2,7,13,14],"killed_by":"Hexaghost","ascension_level":20}