{"gold_per_floor":[116,128,138,200,219,249,10,10,10,10,23,53,68,68,68,167,167,179,197,216,236,236,236,236,236,262,280,313,313,3,3,3,3],"floor_reached":33,"playtime":1856,"items_purged":[],"score":267,"play_id":"e0c4667d-1661-4f1e-8b5a-a1229a3b7577","local_time":"20190705223124","is_ascension_mode":false,"campfire_choices":[{"floor":8,"key":"REST"},{"floor":15,"key":"REST"},{"floor":23,"key":"REST"},{"floor":25,"key":"REST"},{"floor":29,"key":"REST"},{"floor":32,"key":"REST"}],"neow_cost":"NONE","seed_source_timestamp":1151751280008135,"circlet_count":0,"master_deck":["Strike_B","Strike_B","Strike_B+1","Strike_B+1","Defend_B","Defend_B","Defend_B","Defend_B","Zap","Dualcast","Ball Lightning+1","Loop","Streamline","Aggregate","Compile Driver+1","Ball Lightning","Redo","Conserve Battery","Electrodynamics","Redo","Lockon+1","Undo+1","Heatsinks+1","Leap","Beam Cell","Necronomicurse"],"relics":["Cracked Core","Whetstone","Mummified Hand","MealTicket","Blue Candle","Matryoshka","Lizard Tail","Boot","Ancient Tea Set","Bottled Flame","TheAbacus","Necronomicon"],"potions_floor_usage":[16,16,21,28,28],"damage_taken":[{"damage":3,"enemies":"Jaw Worm","floor":1,"turns":3},{"damage":5,"enemies":"Small Slimes","floor":2,"turns":2},{"damage":7,"enemies":"2 Louse","floor":3,"turns":2},{"damage":5,"enemies":"Looter","floor":5,"turns":3},{"damage":31,"enemies":"3 Sentries","floor":6,"turns":6},{"damage":7,"enemies":"2 Fungi Beasts","floor":11,"turns":2},{"damage":7,"enemies":"3 Louse","floor":13,"turns":2},{"damage":18,"enemies":"Slime Boss","floor":16,"turns":7},{"damage":30,"enemies":"3 Byrds","floor":18,"turns":4},{"damage":22,"enemies":"Shell Parasite","floor":19,"turns":6},{"damage":20,"enemies":"Snake Plant","floor":20,"turns":4},{"damage":28,"enemies":"Centurion and Healer","floor":21,"turns":5},{"damage":15,"enemies":"Cultist and Chosen","floor":27,"turns":6},{"damage":43,"enemies":"Book of Stabbing","floor":28,"turns":6},{"damage":67,"enemies":"Champ","floor":33,"turns":7}],"seed_played":"7116689872632480622","potions_obtained":[{"floor":3,"key":"Fire Potion"},{"floor":6,"key":"LiquidBronze"},{"floor":11,"key":"SteroidPotion"},{"floor":13,"key":"FairyPotion"},{"floor":16,"key":"FearPotion"},{"floor":20,"key":"Energy Potion"},{"floor":21,"key":"Block Potion"}],"is_trial":false,"path_per_floor":["M","M","M","?","M","E","$","R","T","$","M","?","M","?","R","B",null,"M","M","M","M","?","R","?","R","T","M","E","R","$","?","R","B"],"character_chosen":"DEFECT","items_purchased":["MealTicket","Ball Lightning","Leap","TheAbacus","Beam Cell"],"campfire_rested":6,"item_purchase_floors":[7,7,30,30,30],"current_hp_per_floor":[72,67,60,60,55,24,24,46,46,61,54,54,47,32,54,36,75,45,23,3,29,15,39,39,63,63,48,5,29,44,28,52,0],"gold":3,"neow_bonus":"RANDOM_COMMON_RELIC","is_prod":false,"is_daily":false,"chose_seed":false,"campfire_upgraded":0,"win_rate":0.0,"timestamp":1562391084,"path_taken":["M","M","M","?","M","E","$","R","T","$","M","?","M","?","R","BOSS","M","M","M","M","?","R","?","R","T","M","E","R","$","?","R","BOSS"],"build_version":"2019-07-05","purchased_purges":0,"victory":false,"max_hp_per_floor":[75,75,75,75,75,75,75,75,75,75,75,75,75,75,75,75,75,75,75,75,75,80,80,80,80,80,80,80,80,80,80,80,80],"card_choices":[{"not_picked":["Steam","Hologram"],"picked":"Ball Lightning","floor":1},{"not_picked":["Cold Snap","Barrage"],"picked":"Loop","floor":2},{"not_picked":["Echo Form","Coolheaded"],"picked":"Streamline","floor":3},{"not_picked":["Conserve Battery","Stack"],"picked":"Aggregate","floor":5},{"not_picked":["Aggregate","Double Energy"],"picked":"Compile Driver","floor":6},{"not_picked":["Go for the Eyes","Stack"],"picked":"Redo","floor":11},{"not_picked":["Streamline","Stack"],"picked":"Conserve Battery","floor":13},{"not_picked":["Creative AI","Amplify"],"picked":"Electrodynamics","floor":16},{"not_picked":["Leap","Hello World"],"picked":"Redo","floor":18},{"not_picked":["Gash","Go for the Eyes+1"],"picked":"Lockon+1","floor":19},{"not_picked":["Glacier+1","Steam Power"],"picked":"Undo+1","floor":20},{"not_picked":["Streamline","Coolheaded","Compile Driver"],"picked":"SKIP","floor":21},{"not_picked":["Sweeping Beam","Scrape"],"picked":"Heatsinks+1","floor":27},{"not_picked":["Streamline","Seek","Hologram"],"picked":"SKIP","floor":28}],"player_experience":134141,"relics_obtained":[{"floor":6,"key":"Mummified Hand"},{"floor":9,"key":"Blue Candle"},{"floor":26,"key":"Boot"},{"floor":26,"key":"Ancient Tea Set"},{"floor":28,"key":"Bottled Flame"},{"floor":31,"key":"Necronomicon"}],"event_choices":[{"damage_healed":0,"gold_gain":62,"player_choice":"Gained Gold","damage_taken":0,"max_hp_gain":0,"max_hp_loss":0,"event_name":"Golden Wing","floor":4,"gold_loss":0},{"damage_healed":0,"gold_gain":30,"player_choice":"Searched \u00272\u0027 times","damage_taken":0,"relics_obtained":["Matryoshka"],"max_hp_gain":0,"max_hp_loss":0,"event_name":"Dead Adventurer","floor":12,"gold_loss":0},{"damage_healed":0,"gold_gain":0,"player_choice":"Entered Light","damage_taken":15,"max_hp_gain":0,"max_hp_loss":0,"event_name":"Shining Light","floor":14,"gold_loss":0,"cards_upgraded":["Ball Lightning","Compile Driver"]},{"damage_healed":0,"gold_gain":0,"player_choice":"Shed Blood","damage_taken":19,"max_hp_gain":5,"max_hp_loss":0,"event_name":"Forgotten Altar","floor":22,"gold_loss":0},{"damage_healed":0,"gold_gain":0,"player_choice":"Ignored","damage_taken":0,"max_hp_gain":0,"max_hp_loss":0,"event_name":"Beggar","floor":24,"gold_loss":0},{"damage_healed":0,"gold_gain":0,"player_choice":"Obtained Book","damage_taken":16,"max_hp_gain":0,"max_hp_loss":0,"event_name":"Cursed Tome","floor":31,"gold_loss":0}],"is_beta":false,"boss_relics":[{"not_picked":["Velvet Choker","FrozenCore"],"picked":"Lizard Tail"}],"items_purged_floors":[],"is_endless":false,"potions_floor_spawned":[3,6,11,13,16,20,21],"killed_by":"Champ","ascension_level":0}