{"gold_per_floor":[111,122,132,132,151,151,151,183,183,183,108,139,156,173,173,276,276,287,307,318,329,340,375,375,438,438,438,458,469,469,485,485,485],"floor_reached":33,"playtime":2206,"items_purged":["Regret"],"score":303,"play_id":"13756ea2-6a1c-4726-9597-e96cd9df27ac","local_time":"20180730162626","is_ascension_mode":false,"campfire_choices":[{"data":"Bash","floor":7,"key":"SMITH"},{"data":"Armaments","floor":10,"key":"SMITH"},{"data":"Shrug It Off","floor":15,"key":"SMITH"},{"floor":24,"key":"REST"},{"floor":30,"key":"REST"},{"floor":32,"key":"REST"}],"neow_cost":"NONE","seed_source_timestamp":1630115469524246,"circlet_count":0,"master_deck":["Strike_R","Strike_R","Strike_R","Strike_R","Strike_R","Defend_R","Defend_R","Defend_R","Defend_R","Bash+1","Armaments+1","Clash","Pommel Strike","Sword Boomerang","Thunderclap","Shrug It Off+1","Clash","Cleave","True Grit+1","Twin Strike+1","Wild Strike","Heavy Blade+1","Flex","Iron Wave","Perfected Strike+1","Headbutt","Wild Strike+1","Warcry","Havoc+1"],"relics":["Burning Blood","Nunchaku","Pantograph","Strawberry","Self Forming Clay","Gremlin Horn","Fusion Hammer","Regal Pillow","Tiny Chest","Centennial Puzzle"],"potions_floor_usage":[12,16,21,23,23,23,33],"damage_taken":[{"damage":1,"enemies":"Cultist","floor":1,"turns":3},{"damage":2,"enemies":"Small Slimes","floor":2,"turns":4},{"damage":1,"enemies":"2 Louse","floor":3,"turns":3},{"damage":2,"enemies":"Blue Slaver","floor":5,"turns":3},{"damage":29,"enemies":"3 Sentries","floor":8,"turns":10},{"damage":16,"enemies":"Gremlin Nob","floor":12,"turns":4},{"damage":7,"enemies":"Lots of Slimes","floor":13,"turns":3},{"damage":0,"enemies":"2 Fungi Beasts","floor":14,"turns":2},{"damage":34,"enemies":"Hexaghost","floor":16,"turns":9},{"damage":17,"enemies":"Spheric Guardian","floor":18,"turns":4},{"damage":12,"enemies":"Shell Parasite","floor":19,"turns":4},{"damage":16,"enemies":"Centurion and Healer","floor":20,"turns":5},{"damage":32,"enemies":"Cultist and Chosen","floor":21,"turns":6},{"damage":4,"enemies":"3 Cultists","floor":22,"turns":7},{"damage":10,"enemies":"Book of Stabbing","floor":23,"turns":4},{"damage":29,"enemies":"Gremlin Leader","floor":25,"turns":6},{"damage":24,"enemies":"Snake Plant","floor":28,"turns":4},{"damage":13,"enemies":"Centurion and Healer","floor":29,"turns":3},{"damage":13,"enemies":"Sentry and Sphere","floor":31,"turns":4},{"damage":122,"enemies":"Automaton","floor":33,"turns":12}],"seed_played":"6772799691809697979","potions_obtained":[{"floor":8,"key":"Regen Potion"},{"floor":13,"key":"Poison Potion"},{"floor":14,"key":"Swift Potion"},{"floor":16,"key":"LiquidBronze"},{"floor":18,"key":"EssenceOfSteel"},{"floor":21,"key":"SkillPotion"},{"floor":22,"key":"AttackPotion"},{"floor":31,"key":"BloodPotion"}],"is_trial":false,"path_per_floor":["M","M","M","?","M","?","R","E","T","R","$","E","M","M","R","B",null,"M","M","M","M","M","E","R","E","T","?","M","M","R","M","R"],"character_chosen":"IRONCLAD","items_purchased":[],"campfire_rested":3,"item_purchase_floors":[],"current_hp_per_floor":[80,80,80,73,77,77,77,61,61,61,61,63,62,68,68,59,87,76,70,60,34,36,32,73,50,50,50,32,25,66,59,87,0],"gold":485,"neow_bonus":"THREE_CARDS","is_prod":false,"is_daily":false,"chose_seed":false,"campfire_upgraded":3,"win_rate":0,"timestamp":1532982386,"path_taken":["M","M","M","?","M","?","R","E","T","R","?","E","M","M","R","BOSS","M","M","?","M","M","E","R","E","T","?","?","M","R","M","R","BOSS"],"build_version":"2018-07-26","purchased_purges":1,"victory":false,"max_hp_per_floor":[80,80,80,80,80,80,80,87,87,87,87,87,87,87,87,87,87,87,87,87,87,87,87,87,87,87,87,87,87,87,87,87,87],"card_choices":[{"not_picked":["Flex","Burning Pact"],"picked":"Armaments","floor":0},{"not_picked":["Anger","Feel No Pain"],"picked":"Clash","floor":1},{"not_picked":["Armaments","Sever Soul"],"picked":"Pommel Strike","floor":2},{"not_picked":["Corruption","Blood for Blood"],"picked":"Sword Boomerang","floor":3},{"not_picked":["Fire Breathing","Anger","Disarm"],"picked":"SKIP","floor":5},{"not_picked":["Wild Strike","Intimidate"],"picked":"Thunderclap","floor":8},{"not_picked":["Entrench","Battle Trance"],"picked":"Shrug It Off","floor":12},{"not_picked":["True Grit","Double Tap"],"picked":"Clash","floor":13},{"not_picked":["Blood for Blood","Uppercut"],"picked":"Cleave","floor":14},{"not_picked":["Thunderclap","Sentinel"],"picked":"True Grit+1","floor":18},{"not_picked":["Intimidate","Flex"],"picked":"Twin Strike+1","floor":19},{"not_picked":["Iron Wave+1","Sentinel"],"picked":"Wild Strike","floor":20},{"not_picked":["Ghostly Armor","Infernal Blade"],"picked":"Heavy Blade+1","floor":21},{"not_picked":["Iron Wave","Second Wind+1"],"picked":"Flex","floor":22},{"not_picked":["Heavy Blade","Impervious"],"picked":"Iron Wave","floor":23},{"not_picked":["Blood for Blood+1","Bloodletting"],"picked":"Perfected Strike+1","floor":25},{"not_picked":["Iron Wave","True Grit+1"],"picked":"Wild Strike+1","floor":28},{"not_picked":["Hemokinesis","Body Slam"],"picked":"Warcry","floor":29},{"not_picked":["Carnage","Body Slam"],"picked":"Havoc+1","floor":31}],"player_experience":393650,"relics_obtained":[{"floor":8,"key":"Strawberry"},{"floor":9,"key":"Self Forming Clay"},{"floor":12,"key":"Gremlin Horn"},{"floor":23,"key":"Regal Pillow"},{"floor":25,"key":"Tiny Chest"},{"floor":26,"key":"Centennial Puzzle"}],"event_choices":[{"event_name":"Scrap Ooze","player_choice":"success","floor":4,"damage_taken":7},{"event_name":"Big Fish","player_choice":"Box","floor":6,"damage_taken":0},{"event_name":"The Library","player_choice":"Read","floor":27,"damage_taken":0}],"is_beta":false,"boss_relics":[{"not_picked":["Tiny House","Eternal Feather"],"picked":"Fusion Hammer"}],"items_purged_floors":[11],"is_endless":false,"potions_floor_spawned":[8,13,14,16,18,21,22,31],"killed_by":"Automaton","ascension_level":0}