{"gold_per_floor":[113,129,129,139,158,187,13,13,13,13,13,28,44,83,83,173,173,186,186,209,228,68,99,99,135,135,150,150,221,237,97,97,97],"floor_reached":33,"playtime":1569,"items_purged":["Pain","Strike_R"],"score":684,"play_id":"2291a40b-1727-4786-b549-a76154956cba","local_time":"20190713153207","is_ascension_mode":true,"campfire_choices":[{"data":"Bash","floor":8,"key":"SMITH"},{"data":"Whirlwind","floor":10,"key":"SMITH"},{"data":"Clothesline","floor":15,"key":"SMITH"},{"data":"Shrug It Off","floor":24,"key":"SMITH"},{"data":"Exhume","floor":28,"key":"SMITH"},{"floor":32,"key":"REST"}],"neow_cost":"NONE","seed_source_timestamp":336022291527186,"circlet_count":0,"master_deck":["AscendersBane","Strike_R","Strike_R","Strike_R","Strike_R","Defend_R","Defend_R","Defend_R","Defend_R","Bash+1","Clothesline+1","Battle Trance","Whirlwind+1","Anger","Feed","Warcry","Shrug It Off+1","Exhume+1","Headbutt","Battle Trance","Evolve+1","Exhume","Iron Wave+1","Ghostly Armor+1","Battle Trance"],"relics":["Burning Blood","Pocketwatch","Meat on the Bone","Golden Idol","Bottled Flame","Runic Dome","WarpedTongs","Matryoshka","Potion Belt","Pear","Tiny Chest"],"potions_floor_usage":[6,16,20,25,33,33],"damage_taken":[{"damage":15,"enemies":"Small Slimes","floor":1,"turns":4},{"damage":0,"enemies":"Cultist","floor":2,"turns":3},{"damage":2,"enemies":"Jaw Worm","floor":4,"turns":5},{"damage":28,"enemies":"Large Slime","floor":5,"turns":8},{"damage":30,"enemies":"Gremlin Nob","floor":6,"turns":4},{"damage":0,"enemies":"Lots of Slimes","floor":12,"turns":1},{"damage":14,"enemies":"Gremlin Gang","floor":13,"turns":3},{"damage":25,"enemies":"Lagavulin","floor":14,"turns":7},{"damage":42,"enemies":"Hexaghost","floor":16,"turns":9},{"damage":9,"enemies":"Chosen","floor":18,"turns":3},{"damage":2,"enemies":"3 Byrds","floor":20,"turns":4},{"damage":45,"enemies":"Shelled Parasite and Fungi","floor":21,"turns":4},{"damage":35,"enemies":"Book of Stabbing","floor":23,"turns":4},{"damage":27,"enemies":"Gremlin Leader","floor":25,"turns":5},{"damage":15,"enemies":"Chosen and Byrds","floor":27,"turns":5},{"damage":36,"enemies":"Slavers","floor":29,"turns":5},{"damage":24,"enemies":"Snake Plant","floor":30,"turns":6},{"damage":65,"enemies":"Collector","floor":33,"turns":6}],"seed_played":"4080826128832171292","potions_obtained":[{"floor":2,"key":"Fire Potion"},{"floor":3,"key":"LiquidBronze"},{"floor":6,"key":"Ancient Potion"},{"floor":13,"key":"LiquidBronze"},{"floor":16,"key":"SmokeBomb"},{"floor":18,"key":"Swift Potion"},{"floor":23,"key":"Dexterity Potion"},{"floor":29,"key":"Block Potion"}],"is_trial":false,"path_per_floor":["M","M","?","M","M","E","$","R","T","R","?","M","M","E","R","B",null,"M","?","M","M","$","E","R","E","T","M","R","E","M","$","R","B"],"character_chosen":"IRONCLAD","items_purchased":["Feed","Battle Trance","Battle Trance"],"campfire_rested":1,"item_purchase_floors":[7,22,31],"current_hp_per_floor":[66,72,72,76,54,30,30,30,30,30,30,48,55,51,51,27,67,67,67,77,56,56,39,39,30,40,49,49,34,28,28,62,0],"gold":97,"neow_bonus":"TEN_PERCENT_HP_BONUS","is_prod":false,"is_daily":false,"chose_seed":false,"campfire_upgraded":5,"win_rate":0,"timestamp":1563046327,"path_taken":["M","M","?","?","M","E","$","R","T","R","?","M","M","E","R","BOSS","M","?","?","M","$","E","R","E","T","M","R","E","?","?","R","BOSS"],"build_version":"2019-07-05","purchased_purges":2,"victory":false,"max_hp_per_floor":[82,82,82,82,82,82,82,82,82,82,74,74,77,80,80,80,80,83,83,89,95,95,95,95,95,105,111,111,114,114,114,114,114],"card_choices":[{"not_picked":["Ghostly Armor","Pummel"],"picked":"Clothesline","floor":1},{"not_picked":["Sword Boomerang","Twin Strike"],"picked":"Battle Trance","floor":2},{"not_picked":["Twin Strike","Pommel Strike"],"picked":"Whirlwind","floor":4},{"not_picked":["Fire Breathing","Body Slam"],"picked":"Anger","floor":5},{"not_picked":["Heavy Blade","Perfected Strike","Thunderclap"],"picked":"SKIP","floor":6},{"not_picked":["Fire Breathing","Sword Boomerang","Twin Strike"],"picked":"SKIP","floor":12},{"not_picked":["Dark Embrace","Perfected Strike"],"picked":"Warcry","floor":13},{"not_picked":["Headbutt","Heavy Blade"],"picked":"Shrug It Off","floor":14},{"not_picked":["Double Tap","Feed"],"picked":"Exhume","floor":16},{"not_picked":["Combust","Heavy Blade"],"picked":"Headbutt","floor":18},{"not_picked":["Thunderclap","Bloodletting","Cleave"],"picked":"SKIP","floor":20},{"not_picked":["Thunderclap","Cleave","Body Slam"],"picked":"SKIP","floor":21},{"not_picked":["Flame Barrier","Flex"],"picked":"Evolve+1","floor":23},{"not_picked":["Power Through","Headbutt"],"picked":"Exhume","floor":25},{"not_picked":["Cleave","Anger"],"picked":"Iron Wave+1","floor":27},{"not_picked":["Cleave","Thunderclap"],"picked":"Ghostly Armor+1","floor":29},{"not_picked":["Perfected Strike","Body Slam","Iron Wave"],"picked":"SKIP","floor":30}],"player_experience":1482052,"relics_obtained":[{"floor":6,"key":"Pocketwatch"},{"floor":9,"key":"Meat on the Bone"},{"floor":14,"key":"Bottled Flame"},{"floor":23,"key":"Matryoshka"},{"floor":25,"key":"Potion Belt"},{"floor":26,"key":"Pear"},{"floor":29,"key":"Tiny Chest"}],"event_choices":[{"damage_healed":0,"gold_gain":0,"player_choice":"Got Potions","damage_taken":0,"max_hp_gain":0,"max_hp_loss":0,"event_name":"Lab","floor":3,"gold_loss":0},{"damage_healed":0,"gold_gain":0,"player_choice":"Lose Max HP","damage_taken":0,"relics_obtained":["Golden Idol"],"max_hp_gain":0,"max_hp_loss":8,"event_name":"Golden Idol","floor":11,"gold_loss":0},{"damage_healed":0,"gold_gain":0,"player_choice":"Rummage","damage_taken":0,"relics_obtained":["WarpedTongs"],"max_hp_gain":0,"max_hp_loss":0,"event_name":"Accursed Blacksmith","floor":19,"gold_loss":0,"cards_obtained":["Pain"]}],"is_beta":false,"boss_relics":[{"not_picked":["Black Blood","Runic Cube"],"picked":"Runic Dome"}],"items_purged_floors":[22,31],"is_endless":false,"potions_floor_spawned":[2,6,13,16,18,23,29],"killed_by":"Collector","ascension_level":20}