{"gold_per_floor":[368,33,33,50,65,65,94,94,94,94,17,17,34,34],"floor_reached":14,"playtime":468,"items_purged":["Strike_G"],"score":176,"play_id":"bf14b287-9a21-4c48-bfcd-a7a4acc9c7be","local_time":"20181220182630","is_ascension_mode":true,"campfire_choices":[{"data":"Noxious Fumes","floor":6,"key":"SMITH"},{"floor":8,"key":"REST"}],"neow_cost":"PERCENT_DAMAGE","seed_source_timestamp":674759392009610,"circlet_count":0,"master_deck":["AscendersBane","Defend_G","Defend_G","Defend_G","Defend_G","Defend_G","Strike_G","Strike_G","Strike_G","Strike_G","Survivor","Neutralize+1","PiercingWail","Noxious Fumes+1","Well Laid Plans","Flying Knee","Infinite Blades","Envenom","Dagger Spray"],"special_seed":0,"relics":["Ring of the Snake","OrangePellets","Gremlin Horn","Du-Vu Doll","Regal Pillow","GremlinMask"],"potions_floor_usage":[14],"damage_taken":[{"damage":0,"enemies":"2 Louse","floor":1,"turns":4},{"damage":1,"enemies":"Cultist","floor":4,"turns":4},{"damage":4,"enemies":"Jaw Worm","floor":5,"turns":5},{"damage":36,"enemies":"Lagavulin","floor":7,"turns":10},{"damage":20,"enemies":"Exordium Thugs","floor":13,"turns":5},{"damage":2,"enemies":"Gremlin Nob","floor":14,"turns":2}],"seed_played":"-5695695171040577955","potions_obtained":[{"floor":5,"key":"Ancient Potion"},{"floor":13,"key":"PowerPotion"}],"is_trial":false,"path_per_floor":["M","$","?","M","M","R","E","R","T","?","$","?","M","E"],"character_chosen":"THE_SILENT","items_purchased":["OrangePellets","Noxious Fumes","Envenom"],"campfire_rested":1,"item_purchase_floors":[2,2,11],"current_hp_per_floor":[44,44,44,43,39,39,3,22,22,22,22,22,2,0],"gold":34,"neow_bonus":"TWO_FIFTY_GOLD","is_prod":false,"is_daily":false,"chose_seed":false,"campfire_upgraded":1,"win_rate":0,"timestamp":1545348390,"path_taken":["M","$","?","M","?","R","E","R","T","?","?","?","M","E"],"build_version":"2018-12-13","purchased_purges":1,"victory":false,"max_hp_per_floor":[66,66,66,66,66,66,66,66,66,66,66,66,66,66],"card_choices":[{"not_picked":["Expertise","Calculated Gamble"],"picked":"PiercingWail","floor":1},{"not_picked":["Crippling Poison","Dagger Spray"],"picked":"Well Laid Plans","floor":4},{"not_picked":["Deflect","Cloak And Dagger"],"picked":"Flying Knee","floor":5},{"not_picked":["Quick Slash","Eviscerate"],"picked":"Infinite Blades","floor":7},{"not_picked":["Finisher","Tactician"],"picked":"Dagger Spray","floor":13}],"player_experience":1294479,"relics_obtained":[{"floor":3,"key":"Gremlin Horn"},{"floor":7,"key":"Du-Vu Doll"},{"floor":9,"key":"Regal Pillow"}],"event_choices":[{"damage_healed":0,"gold_gain":0,"player_choice":"Relic","damage_taken":0,"max_hp_gain":0,"max_hp_loss":0,"event_name":"Wheel of Change","floor":3,"gold_loss":0},{"damage_healed":0,"gold_gain":0,"player_choice":"Upgraded","damage_taken":0,"max_hp_gain":0,"max_hp_loss":0,"event_name":"Upgrade Shrine","floor":10,"gold_loss":0,"cards_upgraded":["Neutralize"]},{"damage_healed":0,"gold_gain":0,"player_choice":"Trade","damage_taken":0,"relics_obtained":["GremlinMask"],"max_hp_gain":0,"max_hp_loss":0,"event_name":"FaceTrader","floor":12,"gold_loss":0}],"is_beta":false,"boss_relics":[],"items_purged_floors":[2],"is_endless":false,"potions_floor_spawned":[5,13],"killed_by":"Gremlin Nob","ascension_level":20}