{"gold_per_floor":[117,117,127,127,127,127,155,165,165,191,191,204,204,216,216,216],"floor_reached":16,"playtime":357,"items_purged":[],"score":270,"play_id":"ea4c7679-d93f-4b10-849f-c8355416d737","local_time":"20181123133438","is_ascension_mode":true,"campfire_choices":[{"data":"Streamline","floor":6,"key":"SMITH"},{"data":"Coolheaded","floor":11,"key":"SMITH"},{"data":"Hologram","floor":15,"key":"SMITH"}],"neow_cost":"NONE","seed_source_timestamp":224918553044829,"circlet_count":0,"master_deck":["AscendersBane","Strike_B","Strike_B","Strike_B","Strike_B","Defend_B","Defend_B","Defend_B","Defend_B","Zap+1","Dualcast","Streamline+1","Conserve Battery","Reinforced Body","Coolheaded+1","Electrodynamics","Hologram+1","Glacier"],"relics":["Cracked Core","NeowsBlessing","Darkstone Periapt","Shuriken","Ornamental Fan"],"potions_floor_usage":[10,16],"damage_taken":[{"damage":0,"enemies":"Small Slimes","floor":1,"turns":1},{"damage":0,"enemies":"Jaw Worm","floor":3,"turns":1},{"damage":0,"enemies":"3 Sentries","floor":7,"turns":2},{"damage":1,"enemies":"2 Louse","floor":8,"turns":2},{"damage":6,"enemies":"Gremlin Nob","floor":10,"turns":3},{"damage":11,"enemies":"Exordium Thugs","floor":12,"turns":3},{"damage":4,"enemies":"Looter","floor":14,"turns":3},{"damage":49,"enemies":"Hexaghost","floor":16,"turns":12}],"seed_played":"-4872287265525963457","potions_obtained":[{"floor":7,"key":"Poison Potion"},{"floor":12,"key":"Swift Potion"}],"is_trial":false,"path_per_floor":["M","?","M","?","T","R","E","M","T","E","R","M","?","M","R","B"],"character_chosen":"DEFECT","items_purchased":[],"campfire_rested":0,"item_purchase_floors":[],"current_hp_per_floor":[64,69,69,69,69,69,69,68,68,62,62,51,51,47,47,0],"gold":216,"neow_bonus":"THREE_ENEMY_KILL","is_prod":false,"is_daily":false,"chose_seed":false,"campfire_upgraded":3,"win_rate":0,"timestamp":1542998078,"path_taken":["M","?","M","?","?","R","E","M","T","E","R","M","?","?","R","BOSS"],"build_version":"2018-11-15","purchased_purges":0,"victory":false,"max_hp_per_floor":[71,76,76,76,76,76,76,76,76,76,76,76,76,76,76,76],"card_choices":[{"not_picked":["Conserve Battery","Barrage"],"picked":"Streamline","floor":1},{"not_picked":["Turbo","Steam Power"],"picked":"Conserve Battery","floor":3},{"not_picked":["Barrage","Streamline"],"picked":"Reinforced Body","floor":7},{"not_picked":["Reprogram","Streamline"],"picked":"Coolheaded","floor":8},{"not_picked":["Double Energy","Force Field"],"picked":"Electrodynamics","floor":10},{"not_picked":["Steam Power","Force Field"],"picked":"Hologram","floor":12},{"not_picked":["Go for the Eyes","Genetic Algorithm"],"picked":"Glacier","floor":14}],"player_experience":1144949,"relics_obtained":[{"floor":7,"key":"Darkstone Periapt"},{"floor":9,"key":"Shuriken"},{"floor":10,"key":"Ornamental Fan"}],"event_choices":[{"damage_healed":0,"gold_gain":0,"player_choice":"Donut","damage_taken":0,"max_hp_gain":5,"max_hp_loss":0,"event_name":"Big Fish","floor":2,"gold_loss":0},{"damage_healed":0,"gold_gain":0,"player_choice":"Grow","damage_taken":0,"max_hp_gain":0,"max_hp_loss":0,"event_name":"Living Wall","floor":4,"gold_loss":0,"cards_upgraded":["Zap"]},{"damage_healed":0,"gold_gain":0,"player_choice":"Ignored","damage_taken":0,"max_hp_gain":0,"max_hp_loss":0,"event_name":"Liars Game","floor":13,"gold_loss":0}],"is_beta":false,"boss_relics":[],"items_purged_floors":[],"is_endless":false,"potions_floor_spawned":[7,12],"killed_by":"Hexaghost","ascension_level":20}