{"gold_per_floor":[119,269,285,285,210,210,239,239,239,304,316,316,342,354,354,432,432,445,335,352,364,65,80,80,113,113,113,130,142,175,8,8,81,81,92,92,111,111,126,160,177,177,226,26,26,36,51,51],"floor_reached":48,"playtime":2375,"items_purged":["Doubt","Strike_B","Normality"],"score":1009,"play_id":"c213d818-c850-45c3-b42c-153c3960982e","local_time":"20181212152827","is_ascension_mode":true,"campfire_choices":[{"data":"Zap","floor":6,"key":"SMITH"},{"data":"Streamline","floor":8,"key":"SMITH"},{"data":"Fission","floor":12,"key":"SMITH"},{"data":"Sunder","floor":15,"key":"SMITH"},{"data":"Hologram","floor":24,"key":"SMITH"},{"data":"Coolheaded","floor":27,"key":"SMITH"},{"data":"Apotheosis","floor":32,"key":"SMITH"},{"floor":42,"key":"REST"}],"neow_cost":"NONE","seed_source_timestamp":81543602920464,"circlet_count":0,"master_deck":["AscendersBane","Strike_B","Strike_B","Defend_B","Defend_B","Defend_B+1","Defend_B+1","Zap+1","Dualcast","Cold Snap","Streamline+1","Sunder+1","Fission+1","Coolheaded+1","FTL","Meteor Strike","Hologram+1","Genetic Algorithm+1","Coolheaded+1","All For One","Compile Driver+1","Go for the Eyes+1","Go for the Eyes+1","Meteor Strike+1","Apotheosis+1","Multi-Cast","Blizzard+1","Redo+1","Reinforced Body","Compile Driver+1","Coolheaded","Cold Snap+1","Hologram+1","Defragment","Enlightenment","Turbo+1","Electrodynamics","Leap+1"],"relics":["Cracked Core","NeowsBlessing","Oddly Smooth Stone","Mango","War Paint","Ice Cream","Nuclear Battery","Chemical X","Molten Egg 2","Vajra","Prayer Wheel","Cursed Key","Gremlin Horn"],"potions_floor_usage":[10,29],"damage_taken":[{"damage":0,"enemies":"2 Louse","floor":1,"turns":1},{"damage":0,"enemies":"Jaw Worm","floor":3,"turns":1},{"damage":0,"enemies":"Gremlin Nob","floor":7,"turns":1},{"damage":6,"enemies":"Gremlin Nob","floor":10,"turns":3},{"damage":1,"enemies":"Small Slimes","floor":11,"turns":2},{"damage":8,"enemies":"3 Sentries","floor":13,"turns":8},{"damage":1,"enemies":"Blue Slaver","floor":14,"turns":3},{"damage":32,"enemies":"Slime Boss","floor":16,"turns":7},{"damage":5,"enemies":"3 Byrds","floor":18,"turns":4},{"damage":1,"enemies":"Chosen","floor":20,"turns":2},{"damage":11,"enemies":"Sentry and Sphere","floor":21,"turns":4},{"damage":0,"enemies":"Snecko","floor":23,"turns":3},{"damage":5,"enemies":"Gremlin Leader","floor":25,"turns":6},{"damage":9,"enemies":"Centurion and Healer","floor":28,"turns":6},{"damage":0,"enemies":"Sentry and Sphere","floor":29,"turns":3},{"damage":14,"enemies":"Book of Stabbing","floor":30,"turns":6},{"damage":21,"enemies":"Automaton","floor":33,"turns":7},{"damage":0,"enemies":"3 Darklings","floor":35,"turns":4},{"damage":0,"enemies":"3 Shapes","floor":37,"turns":4},{"damage":31,"enemies":"Transient","floor":39,"turns":5},{"damage":0,"enemies":"Giant Head","floor":40,"turns":5},{"damage":9,"enemies":"Jaw Worm Horde","floor":41,"turns":5},{"damage":54,"enemies":"Writhing Mass","floor":46,"turns":7},{"damage":0,"enemies":"4 Shapes","floor":47,"turns":3},{"damage":9,"enemies":"Reptomancer","floor":48,"turns":3}],"seed_played":"4947500351066266546","potions_obtained":[{"floor":1,"key":"Swift Potion"},{"floor":10,"key":"Energy Potion"},{"floor":11,"key":"LiquidBronze"},{"floor":25,"key":"Fire Potion"},{"floor":28,"key":"FocusPotion"},{"floor":29,"key":"Dexterity Potion"}],"is_trial":false,"path_per_floor":["M","?","M","?","$","R","E","R","T","?","M","R","E","M","R","B",null,"M","?","M","M","$","M","R","E","T","R","M","M","E","$","R","B",null,"M","?","M","?","M","E","M","R","T","$","?","M","M","E"],"character_chosen":"DEFECT","items_purchased":["Chemical X","Apotheosis","Defragment"],"campfire_rested":1,"item_purchase_floors":[22,31,44],"current_hp_per_floor":[64,64,64,69,69,69,69,69,83,77,76,76,68,67,67,35,76,71,71,70,59,59,59,59,54,54,54,45,45,31,31,31,10,70,70,70,70,70,39,39,30,55,55,55,55,1,1,0],"gold":51,"neow_bonus":"THREE_ENEMY_KILL","is_prod":false,"is_daily":false,"chose_seed":false,"campfire_upgraded":7,"win_rate":0,"timestamp":1544646507,"path_taken":["M","?","M","?","$","R","E","R","T","?","M","R","E","M","R","BOSS","M","?","?","M","$","M","R","E","T","R","M","M","E","$","R","BOSS","M","?","?","?","M","E","M","R","T","$","?","M","M","E"],"build_version":"2018-12-06","purchased_purges":3,"victory":false,"max_hp_per_floor":[71,71,71,76,76,76,76,76,90,90,90,90,90,90,90,90,90,90,90,90,90,90,90,90,90,90,90,90,90,90,90,90,90,90,90,90,90,85,85,85,85,85,85,85,85,85,85,85],"card_choices":[{"not_picked":["Gash","Turbo"],"picked":"Cold Snap","floor":1},{"not_picked":["Double Energy","Rebound"],"picked":"Streamline","floor":3},{"not_picked":["Hello World","BootSequence","Redo"],"picked":"SKIP","floor":7},{"not_picked":["Gash","Redo"],"picked":"Sunder","floor":10},{"not_picked":["Redo","Leap"],"picked":"Fission","floor":11},{"not_picked":["Compile Driver","Turbo"],"picked":"Coolheaded","floor":13},{"not_picked":["White Noise","Coolheaded"],"picked":"FTL","floor":14},{"not_picked":["Amplify","Multi-Cast"],"picked":"Meteor Strike","floor":16},{"not_picked":["Redo","Conserve Battery"],"picked":"Hologram","floor":18},{"not_picked":["Stack","Steam Power"],"picked":"Genetic Algorithm+1","floor":20},{"not_picked":["Barrage","Consume"],"picked":"Coolheaded","floor":21},{"not_picked":["Skim","Sunder"],"picked":"All For One","floor":23},{"not_picked":["Steam","Static Discharge"],"picked":"Compile Driver","floor":25},{"not_picked":["Leap","Compile Driver+1"],"picked":"Go for the Eyes+1","floor":28},{"not_picked":["Cold Snap+1","Leap"],"picked":"Go for the Eyes+1","floor":29},{"not_picked":["Compile Driver+1","Barrage+1"],"picked":"Meteor Strike+1","floor":30},{"not_picked":["Thunder Strike+1","Machine Learning"],"picked":"Multi-Cast","floor":33},{"not_picked":["Ball Lightning+1","Scrape+1"],"picked":"Blizzard+1","floor":35},{"not_picked":["BootSequence","Doom and Gloom+1"],"picked":"Redo+1","floor":35},{"not_picked":["Sweeping Beam+1","Compile Driver+1"],"picked":"Reinforced Body","floor":37},{"not_picked":["Consume","Blizzard+1","Streamline+1"],"picked":"SKIP","floor":37},{"not_picked":["Gash+1","Consume"],"picked":"Compile Driver+1","floor":39},{"not_picked":["Rebound+1","Turbo"],"picked":"Coolheaded","floor":39},{"not_picked":["Turbo","Stack"],"picked":"Cold Snap+1","floor":40},{"not_picked":["Barrage+1","Gash+1"],"picked":"Hologram+1","floor":41},{"not_picked":["Rebound+1","Darkness","Ball Lightning+1"],"picked":"SKIP","floor":41},{"not_picked":["Madness","Impatience"],"picked":"Enlightenment","floor":45},{"not_picked":["Rebound+1","Steam"],"picked":"Turbo+1","floor":46},{"not_picked":["Lockon+1","Ball Lightning+1","Go for the Eyes+1"],"picked":"SKIP","floor":46},{"not_picked":["Cold Snap+1","Storm"],"picked":"Electrodynamics","floor":47},{"not_picked":["Sweeping Beam+1","Doom and Gloom+1"],"picked":"Leap+1","floor":47}],"player_experience":1270416,"relics_obtained":[{"floor":7,"key":"Oddly Smooth Stone"},{"floor":9,"key":"Mango"},{"floor":10,"key":"War Paint"},{"floor":13,"key":"Ice Cream"},{"floor":25,"key":"Molten Egg 2"},{"floor":26,"key":"Vajra"},{"floor":30,"key":"Prayer Wheel"},{"floor":40,"key":"Gremlin Horn"}],"event_choices":[{"damage_healed":0,"gold_gain":150,"player_choice":"AGREE","damage_taken":0,"max_hp_gain":0,"max_hp_loss":0,"event_name":"Liars Game","floor":2,"gold_loss":0,"cards_obtained":["Doubt"]},{"damage_healed":0,"gold_gain":0,"player_choice":"Donut","damage_taken":0,"max_hp_gain":5,"max_hp_loss":0,"event_name":"Big Fish","floor":4,"gold_loss":0},{"damage_healed":0,"gold_gain":0,"player_choice":"Searched \u00271\u0027 times","damage_taken":0,"max_hp_gain":0,"max_hp_loss":0,"event_name":"Dead Adventurer","floor":10,"gold_loss":0},{"cards_removed":["Strike_B"],"damage_healed":0,"gold_gain":0,"player_choice":"Upgrade and Remove","damage_taken":0,"max_hp_gain":0,"max_hp_loss":0,"event_name":"Designer","floor":19,"gold_loss":110,"cards_upgraded":["Coolheaded"]},{"damage_healed":0,"gold_gain":0,"player_choice":"Ignored","damage_taken":0,"max_hp_gain":0,"max_hp_loss":0,"event_name":"SecretPortal","floor":36,"gold_loss":0},{"damage_healed":0,"gold_gain":0,"player_choice":"Max HP","damage_taken":0,"max_hp_gain":0,"max_hp_loss":5,"event_name":"Winding Halls","floor":38,"gold_loss":0},{"damage_healed":0,"gold_gain":0,"player_choice":"Memory 1","damage_taken":0,"max_hp_gain":0,"max_hp_loss":0,"event_name":"SensoryStone","floor":45,"gold_loss":0}],"is_beta":false,"boss_relics":[{"not_picked":["Tiny House","Black Star"],"picked":"Nuclear Battery"},{"not_picked":["Inserter","Velvet Choker"],"picked":"Cursed Key"}],"items_purged_floors":[5,22,44],"is_endless":false,"potions_floor_spawned":[1,10,11,13,25,28,29,37,39,46,47],"killed_by":"Reptomancer","ascension_level":15}