{"gold_per_floor":[218,143,156,175,195,195,195,195,195,213,213,247,247,260,260,332,332,352,352,422,472,492,492,525,545,568,582,582],"floor_reached":28,"playtime":1162,"items_purged":[],"score":484,"play_id":"aaa7b157-fdaf-4e06-99b2-1f8fd3b53ab7","local_time":"20181204175835","is_ascension_mode":true,"campfire_choices":[{"data":"Zap","floor":6,"key":"SMITH"},{"data":"Streamline","floor":8,"key":"SMITH"},{"floor":11,"key":"REST"},{"data":"Hologram","floor":13,"key":"SMITH"},{"data":"Coolheaded","floor":15,"key":"SMITH"},{"floor":23,"key":"REST"}],"neow_cost":"NONE","seed_source_timestamp":1541712613792,"circlet_count":0,"master_deck":["AscendersBane","Strike_B+1","Strike_B+1","Strike_B+1","Defend_B+1","Defend_B+1","Defend_B+1","Defend_B+1","Zap+1","Dualcast+1","Ball Lightning","Compile Driver","Streamline+1","Sweeping Beam","Hologram+1","Coolheaded+1","Biased Cognition","Steam","Cold Snap","Loop+1","Consume+1","Sweeping Beam","Compile Driver"],"relics":["Cracked Core","Pantograph","Meat on the Bone","Inserter","SsserpentHead","War Paint","PreservedInsect"],"potions_floor_usage":[12,18,28,28],"damage_taken":[{"damage":5,"enemies":"Small Slimes","floor":1,"turns":3},{"damage":3,"enemies":"2 Louse","floor":3,"turns":2},{"damage":0,"enemies":"Cultist","floor":4,"turns":3},{"damage":11,"enemies":"Looter","floor":5,"turns":2},{"damage":16,"enemies":"Blue Slaver","floor":10,"turns":3},{"damage":18,"enemies":"Lagavulin","floor":12,"turns":4},{"damage":9,"enemies":"3 Louse","floor":14,"turns":2},{"damage":62,"enemies":"Slime Boss","floor":16,"turns":9},{"damage":17,"enemies":"2 Thieves","floor":18,"turns":4},{"damage":0,"enemies":"Spheric Guardian","floor":20,"turns":3},{"damage":25,"enemies":"Snake Plant","floor":22,"turns":5},{"damage":24,"enemies":"Gremlin Leader","floor":24,"turns":9},{"damage":4,"enemies":"Sentry and Sphere","floor":25,"turns":5},{"damage":28,"enemies":"Shelled Parasite and Fungi","floor":27,"turns":6},{"damage":35,"enemies":"Book of Stabbing","floor":28,"turns":5}],"seed_played":"-1852214171680088134","potions_obtained":[{"floor":1,"key":"EssenceOfSteel"},{"floor":14,"key":"Block Potion"},{"floor":16,"key":"Dexterity Potion"},{"floor":22,"key":"SpeedPotion"}],"is_trial":false,"path_per_floor":["M","?","M","M","M","R","?","R","T","M","R","E","R","M","R","B",null,"M","?","M","?","M","R","E","M","T","M","E"],"character_chosen":"DEFECT","items_purchased":[],"campfire_rested":2,"item_purchase_floors":[],"current_hp_per_floor":[59,59,56,56,45,45,50,50,50,34,56,38,38,41,41,16,61,44,44,44,44,31,53,41,49,49,33,0],"gold":582,"neow_bonus":"HUNDRED_GOLD","is_prod":false,"is_daily":false,"chose_seed":false,"campfire_upgraded":4,"win_rate":0,"timestamp":1543964315,"path_taken":["M","?","M","M","M","R","?","R","T","M","R","E","R","M","R","BOSS","M","?","?","?","M","R","E","M","T","M","E"],"build_version":"2018-11-15","purchased_purges":0,"victory":false,"max_hp_per_floor":[71,71,71,71,71,71,76,76,76,76,76,76,76,76,76,76,76,76,76,76,76,76,76,76,76,76,76,76],"card_choices":[{"not_picked":["Consume","Conserve Battery"],"picked":"Ball Lightning","floor":1},{"not_picked":["Sweeping Beam","Gash"],"picked":"Compile Driver","floor":3},{"not_picked":["Leap","Turbo"],"picked":"Streamline","floor":4},{"not_picked":["Capacitor","Thunder Strike"],"picked":"Sweeping Beam","floor":5},{"not_picked":["Storm","Rebound","Barrage"],"picked":"SKIP","floor":10},{"not_picked":["Leap","Beam Cell"],"picked":"Hologram","floor":12},{"not_picked":["Rebound","Conserve Battery"],"picked":"Coolheaded","floor":14},{"not_picked":["Rainbow","Echo Form"],"picked":"Biased Cognition","floor":16},{"not_picked":["Beam Cell","Capacitor"],"picked":"Steam","floor":18},{"not_picked":["Compile Driver","Coolheaded"],"picked":"Cold Snap","floor":20},{"not_picked":["Reprogram","Ball Lightning"],"picked":"Loop+1","floor":22},{"not_picked":["Darkness","Force Field"],"picked":"Consume","floor":24},{"not_picked":["Streamline","Hello World"],"picked":"Sweeping Beam","floor":25},{"not_picked":["Storm+1","Lockon"],"picked":"Compile Driver","floor":27}],"player_experience":1221873,"relics_obtained":[{"floor":9,"key":"Pantograph"},{"floor":12,"key":"Meat on the Bone"},{"floor":24,"key":"War Paint"},{"floor":26,"key":"PreservedInsect"}],"event_choices":[{"cards_removed":["Strike_B"],"damage_healed":0,"gold_gain":0,"player_choice":"Card Removal","damage_taken":0,"max_hp_gain":0,"max_hp_loss":0,"event_name":"The Cleric","floor":2,"gold_loss":75},{"damage_healed":0,"gold_gain":0,"player_choice":"Donut","damage_taken":0,"max_hp_gain":5,"max_hp_loss":0,"event_name":"Big Fish","floor":7,"gold_loss":0},{"damage_healed":0,"gold_gain":0,"player_choice":"Trade","damage_taken":0,"relics_obtained":["SsserpentHead"],"max_hp_gain":0,"max_hp_loss":0,"event_name":"FaceTrader","floor":19,"gold_loss":0},{"damage_healed":0,"gold_gain":0,"player_choice":"Simplicity","damage_taken":0,"max_hp_gain":0,"max_hp_loss":0,"event_name":"Back to Basics","floor":21,"gold_loss":0,"cards_upgraded":["Strike_B","Strike_B","Strike_B","Defend_B","Defend_B","Defend_B","Defend_B"]}],"is_beta":false,"boss_relics":[{"not_picked":["Sozu","Nuclear Battery"],"picked":"Inserter"}],"items_purged_floors":[],"is_endless":false,"potions_floor_spawned":[1,14,16,22],"killed_by":"Book of Stabbing","ascension_level":20}