{"gold_per_floor":[118,132,132,142,157,157,25,25,49,74,51,63],"floor_reached":12,"playtime":481,"items_purged":[],"score":98,"play_id":"4b84fcdf-b637-4bd6-9676-38ce0e438a7f","local_time":"20190722002955","is_ascension_mode":true,"campfire_choices":[{"floor":6,"key":"REST"},{"floor":8,"key":"REST"}],"neow_cost":"NONE","seed_source_timestamp":345791590870560,"circlet_count":0,"master_deck":["Strike_G","Strike_G","Strike_G","Strike_G","Strike_G","Defend_G","Defend_G","Defend_G","Defend_G","Defend_G","Survivor","Neutralize","Quick Slash","Decay","PiercingWail","Grand Finale","Footwork","Cloak And Dagger","Catalyst"],"relics":["Ring of the Snake","MawBank"],"potions_floor_usage":[],"damage_taken":[{"damage":15,"enemies":"Jaw Worm","floor":1,"turns":5},{"damage":4,"enemies":"Cultist","floor":2,"turns":5},{"damage":2,"enemies":"Small Slimes","floor":4,"turns":3},{"damage":26,"enemies":"3 Louse","floor":5,"turns":7},{"damage":13,"enemies":"Exordium Wildlife","floor":10,"turns":6},{"damage":0,"enemies":"Gremlin Gang","floor":12,"turns":3}],"seed_played":"3108573129757964091","potions_obtained":[{"floor":1,"key":"Regen Potion"},{"floor":5,"key":"EssenceOfSteel"}],"is_trial":false,"path_per_floor":["M","M","?","M","M","R","$","R","T","M","?","M"],"character_chosen":"THE_SILENT","items_purchased":["Footwork","Cloak And Dagger"],"campfire_rested":2,"item_purchase_floors":[7,7],"current_hp_per_floor":[55,51,51,49,23,46,46,69,69,56,75,75],"gold":63,"neow_bonus":"TEN_PERCENT_HP_BONUS","is_prod":false,"is_daily":false,"chose_seed":false,"campfire_upgraded":0,"win_rate":0,"timestamp":1563773395,"path_taken":["M","M","?","?","?","R","$","R","T","M","?","M"],"build_version":"2019-07-17","purchased_purges":0,"victory":false,"max_hp_per_floor":[77,77,77,77,77,77,77,77,77,77,77,77],"card_choices":[{"not_picked":["Flechettes","Masterful Stab","Calculated Gamble"],"picked":"SKIP","floor":1},{"not_picked":["Dagger Throw","Slice"],"picked":"Quick Slash","floor":2},{"not_picked":["Cloak And Dagger","Flying Knee"],"picked":"PiercingWail","floor":4},{"not_picked":["Backflip","Caltrops"],"picked":"Grand Finale","floor":5},{"not_picked":["Flying Knee","PiercingWail"],"picked":"Catalyst","floor":10}],"player_experience":207729,"relics_obtained":[{"floor":9,"key":"MawBank"}],"event_choices":[{"damage_healed":0,"gold_gain":0,"player_choice":"Cursed","damage_taken":0,"max_hp_gain":0,"max_hp_loss":0,"event_name":"Wheel of Change","floor":3,"gold_loss":0,"cards_obtained":["Decay"]},{"damage_healed":19,"gold_gain":0,"player_choice":"Healed","damage_taken":0,"max_hp_gain":0,"max_hp_loss":0,"event_name":"The Cleric","floor":11,"gold_loss":35}],"is_beta":false,"boss_relics":[],"items_purged_floors":[],"is_endless":false,"potions_floor_spawned":[1,5],"killed_by":"Gremlin Gang","ascension_level":8}