{"gold_per_floor":[114,126,201,213,213,213,248,266,292,292,302,2,19,50,50,128,128,143,68,83,96,126,146,146,171,171,183,183,23,23,51,51,126,126,141,164,183,183,283,301,336,336,336,349,395,395,428,428,428,428,428],"floor_reached":51,"playtime":2822,"items_purged":["Strike_R"],"score":1635,"play_id":"a5353a7c-8c18-481a-90c5-34d9204b3e57","local_time":"20190211103020","is_ascension_mode":true,"campfire_choices":[{"data":"Bash","floor":6,"key":"SMITH"},{"data":"True Grit","floor":10,"key":"SMITH"},{"data":"Disarm","floor":15,"key":"SMITH"},{"data":"Whirlwind","floor":24,"key":"SMITH"},{"data":"Feel No Pain","floor":28,"key":"SMITH"},{"data":"Corruption","floor":30,"key":"SMITH"},{"floor":32,"key":"RECALL"},{"data":"Fiend Fire","floor":42,"key":"SMITH"},{"data":"Dark Embrace","floor":46,"key":"SMITH"},{"data":"Feel No Pain","floor":49,"key":"SMITH"}],"neow_cost":"NONE","seed_source_timestamp":325250808361463,"circlet_count":0,"master_deck":["AscendersBane","Strike_R","Strike_R","Strike_R","Defend_R","Defend_R","Defend_R","Defend_R+1","Bash+1","Wild Strike","True Grit+1","Armaments+1","Whirlwind+1","Anger","Body Slam","Feel No Pain+1","Fiend Fire+1","Disarm+1","Offering","Shockwave","Clothesline","Power Through","Havoc","Shockwave","Pommel Strike","Corruption+1","Havoc","Dark Embrace+1","Disarm","Bandage Up","Secret Weapon","Discovery","Feel No Pain+1","Uppercut","Thunderclap","Immolate","Headbutt","Flame Barrier"],"relics":["Burning Blood","Juzu Bracelet","War Paint","Chemical X","Ancient Tea Set","Coffee Dripper","Tiny Chest","Centennial Puzzle","The Courier","Bag of Preparation","Pen Nib","Eternal Feather","Oddly Smooth Stone","Torii","Regal Pillow","Mango","Bottled Lightning","Self Forming Clay"],"potions_floor_usage":[7,7,13,20,25,51,51],"damage_taken":[{"damage":9,"enemies":"Jaw Worm","floor":1,"turns":4},{"damage":0,"enemies":"Cultist","floor":2,"turns":2},{"damage":5,"enemies":"Small Slimes","floor":4,"turns":5},{"damage":8,"enemies":"Gremlin Nob","floor":7,"turns":3},{"damage":7,"enemies":"3 Louse","floor":8,"turns":3},{"damage":6,"enemies":"Looter","floor":11,"turns":4},{"damage":6,"enemies":"Large Slime","floor":13,"turns":5},{"damage":4,"enemies":"Lagavulin","floor":14,"turns":6},{"damage":37,"enemies":"Hexaghost","floor":16,"turns":10},{"damage":10,"enemies":"2 Thieves","floor":18,"turns":5},{"damage":16,"enemies":"Spheric Guardian","floor":20,"turns":8},{"damage":12,"enemies":"Cultist and Chosen","floor":21,"turns":9},{"damage":4,"enemies":"3 Cultists","floor":23,"turns":6},{"damage":17,"enemies":"Slavers","floor":25,"turns":2},{"damage":6,"enemies":"Centurion and Healer","floor":27,"turns":3},{"damage":2,"enemies":"Book of Stabbing","floor":31,"turns":5},{"damage":12,"enemies":"Automaton","floor":33,"turns":9},{"damage":3,"enemies":"Orb Walker","floor":35,"turns":4},{"damage":17,"enemies":"3 Darklings","floor":37,"turns":8},{"damage":0,"enemies":"Mind Bloom Boss Battle","floor":39,"turns":9},{"damage":6,"enemies":"Writhing Mass","floor":40,"turns":4},{"damage":39,"enemies":"Giant Head","floor":41,"turns":9},{"damage":24,"enemies":"Transient","floor":44,"turns":6},{"damage":48,"enemies":"2 Orb Walkers","floor":45,"turns":4},{"damage":20,"enemies":"Reptomancer","floor":47,"turns":5},{"damage":6,"enemies":"Donu and Deca","floor":50,"turns":5},{"damage":68,"enemies":"Awakened One","floor":51,"turns":11}],"seed_played":"601891254436482482","potions_obtained":[{"floor":2,"key":"SteroidPotion"},{"floor":4,"key":"Swift Potion"},{"floor":7,"key":"Weak Potion"},{"floor":11,"key":"GamblersBrew"},{"floor":23,"key":"Energy Potion"},{"floor":25,"key":"SteroidPotion"},{"floor":37,"key":"SmokeBomb"},{"floor":39,"key":"Ancient Potion"}],"is_trial":false,"path_per_floor":["M","M","?","M","?","R","E","M","T","R","M","$","M","E","R","B",null,"M","$","M","M","?","M","R","E","T","M","R","$","R","E","R","B",null,"M","T","M","?","?","M","E","R","T","M","?","R","E","T","R","B","B"],"character_chosen":"IRONCLAD","items_purchased":["Chemical X","Feel No Pain","Corruption","Bag of Preparation"],"campfire_rested":0,"item_purchase_floors":[12,12,29,29],"current_hp_per_floor":[72,78,67,68,61,61,59,58,58,58,58,58,58,60,60,29,69,65,65,55,49,49,51,51,40,40,40,40,40,40,44,44,38,71,74,74,63,53,63,67,38,59,59,45,21,42,32,32,53,57,0],"gold":428,"neow_bonus":"TEN_PERCENT_HP_BONUS","is_prod":false,"is_daily":false,"chose_seed":false,"campfire_upgraded":9,"win_rate":0,"timestamp":1549899020,"path_taken":["M","M","?","M","?","R","E","M","T","R","M","$","M","E","R","BOSS","M","$","M","M","?","M","R","E","T","M","R","$","R","E","R","BOSS","M","?","M","?","?","M","E","R","T","M","?","R","E","?","R","BOSS","BOSS"],"build_version":"2019-01-23","purchased_purges":1,"victory":false,"max_hp_per_floor":[82,82,82,82,82,82,82,82,82,82,82,82,82,82,82,82,82,82,82,82,82,82,82,82,82,82,82,82,82,82,82,82,82,82,82,82,82,82,82,82,82,82,82,82,96,96,96,96,96,96,96],"card_choices":[{"not_picked":["Warcry","Flex"],"picked":"Wild Strike","floor":1},{"not_picked":["Bloodletting","Armaments"],"picked":"True Grit","floor":2},{"not_picked":["Rupture","Fire Breathing"],"picked":"Armaments","floor":4},{"not_picked":["Sever Soul","Clash"],"picked":"Whirlwind","floor":7},{"not_picked":["Bloodletting","Ghostly Armor"],"picked":"Anger","floor":8},{"not_picked":["Flex","Clothesline"],"picked":"Body Slam","floor":11},{"not_picked":["Warcry","Heavy Blade"],"picked":"Fiend Fire","floor":13},{"not_picked":["Inflame","True Grit"],"picked":"Disarm","floor":14},{"not_picked":["Limit Break","Juggernaut"],"picked":"Offering","floor":16},{"not_picked":["Entrench","Armaments"],"picked":"Shockwave","floor":18},{"not_picked":["Wild Strike","Ghostly Armor"],"picked":"Clothesline","floor":20},{"not_picked":["Anger","Seeing Red"],"picked":"Power Through","floor":21},{"not_picked":["Flex","Infernal Blade"],"picked":"Havoc","floor":23},{"not_picked":["Warcry","Seeing Red"],"picked":"Shockwave","floor":25},{"not_picked":["Uppercut","Twin Strike"],"picked":"Pommel Strike","floor":27},{"not_picked":["Clash","Twin Strike"],"picked":"Havoc","floor":31},{"not_picked":["Limit Break","Berserk"],"picked":"Dark Embrace","floor":33},{"not_picked":["Seeing Red","Warcry"],"picked":"Disarm","floor":35},{"not_picked":["Power Through","Clothesline+1","Bloodletting+1"],"picked":"SKIP","floor":37},{"not_picked":["PanicButton","Mayhem"],"picked":"Bandage Up","floor":38},{"not_picked":["Impatience","Mind Blast"],"picked":"Secret Weapon","floor":38},{"not_picked":["Dark Shackles","Transmutation"],"picked":"Discovery","floor":38},{"not_picked":["Pommel Strike+1","Perfected Strike+1"],"picked":"Feel No Pain","floor":39},{"not_picked":["Flex+1","Warcry"],"picked":"Uppercut","floor":40},{"not_picked":["Wild Strike","Fire Breathing"],"picked":"Thunderclap","floor":41},{"not_picked":["Blood for Blood","Infernal Blade"],"picked":"Immolate","floor":44},{"not_picked":["Flex+1","Wild Strike"],"picked":"Headbutt","floor":45},{"not_picked":["Heavy Blade","Rampage"],"picked":"Flame Barrier","floor":47}],"player_experience":1365804,"relics_obtained":[{"floor":7,"key":"Juzu Bracelet"},{"floor":9,"key":"War Paint"},{"floor":14,"key":"Ancient Tea Set"},{"floor":22,"key":"Tiny Chest"},{"floor":25,"key":"Centennial Puzzle"},{"floor":26,"key":"The Courier"},{"floor":31,"key":"Pen Nib"},{"floor":36,"key":"Oddly Smooth Stone"},{"floor":39,"key":"Torii"},{"floor":41,"key":"Regal Pillow"},{"floor":45,"key":"Mango"},{"floor":47,"key":"Bottled Lightning"},{"floor":48,"key":"Self Forming Clay"}],"event_choices":[{"damage_healed":0,"gold_gain":75,"player_choice":"Gather Gold","damage_taken":11,"max_hp_gain":0,"max_hp_loss":0,"event_name":"World of Goop","floor":3,"gold_loss":0},{"cards_removed":["Strike_R"],"damage_healed":0,"gold_gain":0,"player_choice":"Card Removal","damage_taken":7,"max_hp_gain":0,"max_hp_loss":0,"event_name":"Golden Wing","floor":5,"gold_loss":0},{"damage_healed":0,"gold_gain":0,"player_choice":"Relic","damage_taken":0,"max_hp_gain":0,"max_hp_loss":0,"event_name":"Wheel of Change","floor":22,"gold_loss":0},{"damage_healed":0,"gold_gain":0,"player_choice":"Memory 3","damage_taken":10,"max_hp_gain":0,"max_hp_loss":0,"event_name":"SensoryStone","floor":38,"gold_loss":0},{"damage_healed":0,"gold_gain":0,"player_choice":"Fight","damage_taken":0,"max_hp_gain":0,"max_hp_loss":0,"event_name":"MindBloom","floor":39,"gold_loss":0},{"damage_healed":0,"gold_gain":0,"player_choice":"Fight","damage_taken":0,"max_hp_gain":0,"max_hp_loss":0,"event_name":"Mysterious Sphere","floor":45,"gold_loss":0}],"is_beta":false,"boss_relics":[{"not_picked":["Lizard Tail","Runic Dome"],"picked":"Coffee Dripper"},{"not_picked":["Sozu","Cursed Key"],"picked":"Eternal Feather"}],"items_purged_floors":[19],"is_endless":false,"potions_floor_spawned":[2,4,7,11,23,25,37,39,44,47],"killed_by":"Awakened One","ascension_level":20}