{"gold_per_floor":[113,38,38,38,49,49,74,74,74,92,92,154,171,188,188,285,285,285],"floor_reached":18,"playtime":905,"items_purged":["Defend_G"],"score":225,"play_id":"ff9bcf31-0298-4c60-aa33-987cff86aee0","local_time":"20190610205056","is_ascension_mode":true,"campfire_choices":[{"data":"Bullet Time","floor":6,"key":"SMITH"},{"data":"Neutralize","floor":8,"key":"SMITH"},{"floor":11,"key":"REST"},{"floor":15,"key":"REST"}],"neow_cost":"NONE","seed_source_timestamp":98230504768304,"circlet_count":0,"master_deck":["AscendersBane","Defend_G","Defend_G","Defend_G","Defend_G+1","Strike_G","Strike_G","Strike_G","Strike_G","Survivor+1","Neutralize+1","Backflip","Backflip","Bullet Time+1","Backflip","Dagger Spray","All Out Attack","Choke","Die Die Die"],"relics":["Orrery","Darkstone Periapt","War Paint","Blue Candle","Sundial","Black Star"],"potions_floor_usage":[5,16],"damage_taken":[{"damage":0,"enemies":"2 Louse","floor":1,"turns":4},{"damage":17,"enemies":"Jaw Worm","floor":5,"turns":7},{"damage":4,"enemies":"Small Slimes","floor":10,"turns":3},{"damage":20,"enemies":"3 Sentries","floor":12,"turns":8},{"damage":6,"enemies":"Blue Slaver","floor":13,"turns":4},{"damage":0,"enemies":"Lots of Slimes","floor":14,"turns":2},{"damage":40,"enemies":"The Guardian","floor":16,"turns":17},{"damage":71,"enemies":"Chosen","floor":18,"turns":10}],"seed_played":"-8645968895370497638","potions_obtained":[{"floor":1,"key":"SkillPotion"},{"floor":13,"key":"Block Potion"},{"floor":16,"key":"Ancient Potion"}],"is_trial":false,"path_per_floor":["M","$","?","?","M","R","T","R","T","M","R","?","M","M","R","B",null,"M"],"character_chosen":"THE_SILENT","items_purchased":[],"campfire_rested":2,"item_purchase_floors":[],"current_hp_per_floor":[63,63,60,53,36,36,36,36,36,32,53,33,27,27,48,8,55,0],"gold":285,"neow_bonus":"BOSS_RELIC","is_prod":false,"is_daily":false,"chose_seed":false,"campfire_upgraded":2,"win_rate":0,"timestamp":1560214256,"path_taken":["M","$","?","?","M","R","?","R","T","M","R","?","M","?","R","BOSS","M"],"build_version":"2019-01-23","purchased_purges":1,"victory":false,"max_hp_per_floor":[70,70,70,70,70,70,70,70,70,70,70,70,70,70,70,70,70,70],"card_choices":[{"not_picked":["Leg Sweep","Flying Knee"],"picked":"Backflip","floor":0},{"not_picked":["Masterful Stab","Prepared"],"picked":"Backflip","floor":0},{"not_picked":["Outmaneuver","Dodge and Roll"],"picked":"Bullet Time","floor":0},{"not_picked":["Quick Slash","Slice"],"picked":"Backflip","floor":0},{"not_picked":["Deflect","Cloak And Dagger"],"picked":"Dagger Spray","floor":1},{"not_picked":["Heel Hook","Calculated Gamble"],"picked":"All Out Attack","floor":5},{"not_picked":["Bouncing Flask","Outmaneuver","Eviscerate"],"picked":"SKIP","floor":10},{"not_picked":["Deflect","Skewer","Quick Slash"],"picked":"SKIP","floor":13},{"not_picked":["Dagger Throw","Outmaneuver"],"picked":"Choke","floor":14},{"not_picked":["Envenom","A Thousand Cuts"],"picked":"Die Die Die","floor":16}],"player_experience":398736,"relics_obtained":[{"floor":7,"key":"War Paint"},{"floor":9,"key":"Blue Candle"}],"event_choices":[{"damage_healed":0,"gold_gain":0,"player_choice":"Success","damage_taken":3,"relics_obtained":["Darkstone Periapt"],"max_hp_gain":0,"max_hp_loss":0,"event_name":"Scrap Ooze","floor":3,"gold_loss":0},{"cards_removed":["Strike_G"],"damage_healed":0,"gold_gain":0,"player_choice":"Card Removal","damage_taken":7,"max_hp_gain":0,"max_hp_loss":0,"event_name":"Golden Wing","floor":4,"gold_loss":0},{"damage_healed":0,"gold_gain":0,"player_choice":"Searched \u00272\u0027 times","damage_taken":0,"relics_obtained":["Sundial"],"max_hp_gain":0,"max_hp_loss":0,"event_name":"Dead Adventurer","floor":12,"gold_loss":0}],"is_beta":false,"boss_relics":[{"not_picked":["Tiny House","Runic Dome"],"picked":"Black Star"}],"items_purged_floors":[2],"is_endless":false,"potions_floor_spawned":[1,13,16],"killed_by":"Chosen","ascension_level":10}