{"gold_per_floor":[118,138,148,166,166,201,211,211,237,256,271,271,34,53,53,181,181,196,196,210,231,249,249,249],"floor_reached":24,"playtime":1979,"items_purged":[],"score":204,"play_id":"c315d362-fca1-4d4f-b9c9-128bde5eead3","local_time":"20190629035651","is_ascension_mode":false,"campfire_choices":[{"data":"Rage","floor":8,"key":"SMITH"},{"floor":15,"key":"REST"},{"data":"Barricade","floor":23,"key":"SMITH"}],"neow_cost":"NONE","seed_source_timestamp":566350113905118,"circlet_count":0,"master_deck":["Strike_R","Strike_R","Strike_R","Strike_R","Strike_R","Defend_R","Defend_R","Defend_R","Defend_R","Bash","Armaments+1","Rage+1","Spot Weakness","Anger","Ghostly Armor","Pommel Strike","Metallicize","Battle Trance","Barricade+1","Bandage Up","Combust","Impervious","Perfected Strike","Metallicize","Flex+1","Iron Wave","Dropkick"],"relics":["Burning Blood","Bag of Marbles","Strawberry","Ancient Tea Set","Golden Idol","Philosopher\u0027s Stone"],"potions_floor_usage":[7,16,16],"damage_taken":[{"damage":1,"enemies":"Cultist","floor":1,"turns":3},{"damage":5,"enemies":"Small Slimes","floor":2,"turns":3},{"damage":2,"enemies":"2 Louse","floor":3,"turns":3},{"damage":7,"enemies":"Blue Slaver","floor":4,"turns":3},{"damage":24,"enemies":"Gremlin Nob","floor":6,"turns":4},{"damage":5,"enemies":"Looter","floor":7,"turns":2},{"damage":10,"enemies":"Exordium Thugs","floor":10,"turns":4},{"damage":26,"enemies":"Gremlin Gang","floor":11,"turns":6},{"damage":8,"enemies":"Exordium Wildlife","floor":14,"turns":4},{"damage":40,"enemies":"Hexaghost","floor":16,"turns":8},{"damage":2,"enemies":"Chosen","floor":18,"turns":7},{"damage":14,"enemies":"Shell Parasite","floor":20,"turns":6},{"damage":9,"enemies":"Centurion and Healer","floor":21,"turns":10},{"damage":25,"enemies":"Snecko","floor":22,"turns":9},{"damage":76,"enemies":"Gremlin Leader","floor":24,"turns":4}],"seed_played":"-1067689485736796403","potions_obtained":[{"floor":2,"key":"Energy Potion"},{"floor":6,"key":"Fruit Juice"},{"floor":10,"key":"SpeedPotion"},{"floor":16,"key":"PowerPotion"},{"floor":18,"key":"SkillPotion"},{"floor":22,"key":"Swift Potion"}],"is_trial":false,"path_per_floor":["M","M","M","M","?","E","M","R","T","M","M","?","$","M","R","B",null,"M","?","M","M","M","R","E"],"character_chosen":"IRONCLAD","items_purchased":["Barricade","Bandage Up"],"campfire_rested":1,"item_purchase_floors":[13,13],"current_hp_per_floor":[80,80,80,79,79,68,74,74,74,70,50,27,27,29,56,26,92,92,92,84,85,70,70,0],"gold":249,"neow_bonus":"RANDOM_COMMON_RELIC","is_prod":false,"is_daily":false,"chose_seed":false,"campfire_upgraded":2,"win_rate":0.0,"timestamp":1561805811,"path_taken":["M","M","M","M","?","E","M","R","T","M","M","?","$","M","R","BOSS","M","?","M","M","M","R","E"],"build_version":"2019-01-23","purchased_purges":0,"victory":false,"max_hp_per_floor":[80,80,80,80,80,87,92,92,92,92,92,92,92,92,92,92,92,92,92,92,92,92,92,92],"card_choices":[{"not_picked":["True Grit","Sword Boomerang"],"picked":"Armaments","floor":1},{"not_picked":["Double Tap","Armaments"],"picked":"Rage","floor":2},{"not_picked":["Combust","True Grit"],"picked":"Spot Weakness","floor":3},{"not_picked":["Armaments","Infernal Blade"],"picked":"Anger","floor":4},{"not_picked":["Berserk","Seeing Red"],"picked":"Ghostly Armor","floor":6},{"not_picked":["Shrug It Off","Disarm"],"picked":"Pommel Strike","floor":7},{"not_picked":["Perfected Strike","Thunderclap"],"picked":"Metallicize","floor":10},{"not_picked":["Heavy Blade","Perfected Strike"],"picked":"Battle Trance","floor":11},{"not_picked":["Sever Soul","Armaments"],"picked":"Combust","floor":14},{"not_picked":["Barricade","Limit Break"],"picked":"Impervious","floor":16},{"not_picked":["Armaments+1","Combust+1"],"picked":"Perfected Strike","floor":18},{"not_picked":["Dual Wield","Shrug It Off"],"picked":"Flex+1","floor":20},{"not_picked":["Power Through","Bloodletting+1"],"picked":"Iron Wave","floor":21},{"not_picked":["Sentinel","Armaments+1"],"picked":"Dropkick","floor":22}],"player_experience":24284,"relics_obtained":[{"floor":6,"key":"Strawberry"},{"floor":9,"key":"Ancient Tea Set"}],"event_choices":[{"damage_healed":0,"gold_gain":0,"player_choice":"Grow","damage_taken":0,"max_hp_gain":0,"max_hp_loss":0,"event_name":"Living Wall","floor":5,"gold_loss":0,"cards_upgraded":["Armaments"]},{"damage_healed":0,"gold_gain":0,"player_choice":"Take Damage","damage_taken":23,"relics_obtained":["Golden Idol"],"max_hp_gain":0,"max_hp_loss":0,"event_name":"Golden Idol","floor":12,"gold_loss":0},{"damage_healed":0,"gold_gain":0,"player_choice":"Read","damage_taken":0,"max_hp_gain":0,"max_hp_loss":0,"event_name":"The Library","floor":19,"gold_loss":0,"cards_obtained":["Metallicize"]}],"is_beta":false,"boss_relics":[{"not_picked":["Cursed Key","Snecko Eye"],"picked":"Philosopher\u0027s Stone"}],"items_purged_floors":[],"is_endless":false,"potions_floor_spawned":[2,6,10,16,18,22],"killed_by":"Gremlin Leader","ascension_level":0}