{"gold_per_floor":[114,125,145,164,175,194,213,232,255,255,290,290,275],"floor_reached":13,"playtime":766,"items_purged":[],"score":96,"play_id":"33585b45-3d29-4d72-9799-cfa8c88fef65","local_time":"20190710100112","is_ascension_mode":true,"campfire_choices":[{"data":"Armaments","floor":10,"key":"SMITH"}],"neow_cost":"NONE","seed_source_timestamp":18062439648607,"circlet_count":0,"master_deck":["Strike_R","Strike_R","Strike_R","Strike_R","Strike_R","Defend_R","Defend_R","Defend_R","Defend_R","Bash","Inflame","Inflame","Heavy Blade","Armaments+1","Burning Pact+1","Iron Wave+1","Whirlwind","Cleave","Bludgeon"],"relics":["Burning Blood","Ancient Tea Set","Boot"],"potions_floor_usage":[6,6,11,11,11],"damage_taken":[{"damage":8,"enemies":"Jaw Worm","floor":1,"turns":4},{"damage":5,"enemies":"2 Louse","floor":2,"turns":3},{"damage":7,"enemies":"Small Slimes","floor":3,"turns":4},{"damage":16,"enemies":"Blue Slaver","floor":4,"turns":4},{"damage":6,"enemies":"Large Slime","floor":5,"turns":5},{"damage":17,"enemies":"Exordium Wildlife","floor":6,"turns":5},{"damage":14,"enemies":"Blue Slaver","floor":7,"turns":3},{"damage":4,"enemies":"Red Slaver","floor":8,"turns":5},{"damage":36,"enemies":"Gremlin Nob","floor":11,"turns":5},{"damage":10,"enemies":"Looter","floor":13,"turns":1}],"seed_played":"-5936934106200369201","potions_obtained":[{"floor":1,"key":"LiquidBronze"},{"floor":2,"key":"PowerPotion"},{"floor":4,"key":"Strength Potion"},{"floor":7,"key":"SkillPotion"},{"floor":8,"key":"Fire Potion"}],"is_trial":false,"path_per_floor":["M","M","M","M","M","M","M","M","T","R","E","?","M"],"character_chosen":"IRONCLAD","items_purchased":[],"campfire_rested":0,"item_purchase_floors":[],"current_hp_per_floor":[78,79,78,68,68,57,49,51,51,51,21,5,0],"gold":275,"neow_bonus":"RANDOM_COMMON_RELIC","is_prod":false,"is_daily":false,"chose_seed":false,"campfire_upgraded":1,"win_rate":0,"timestamp":1562778072,"path_taken":["M","M","M","M","M","M","M","M","T","R","E","?","M"],"build_version":"2019-07-05","purchased_purges":0,"victory":false,"max_hp_per_floor":[80,80,80,80,80,80,80,80,80,80,80,80,80],"card_choices":[{"not_picked":["Twin Strike","Warcry"],"picked":"Inflame","floor":1},{"not_picked":["Blood for Blood","Flex"],"picked":"Inflame","floor":2},{"not_picked":["Sword Boomerang","Corruption"],"picked":"Heavy Blade","floor":3},{"not_picked":["Twin Strike","Entrench"],"picked":"Armaments","floor":4},{"not_picked":["True Grit","Pummel"],"picked":"Burning Pact","floor":5},{"not_picked":["Anger","Exhume"],"picked":"Iron Wave","floor":6},{"not_picked":["Hemokinesis","Blood for Blood"],"picked":"Whirlwind","floor":7},{"not_picked":["Pommel Strike","True Grit"],"picked":"Cleave","floor":8},{"not_picked":["Juggernaut","Havoc"],"picked":"Bludgeon","floor":11}],"player_experience":248176,"relics_obtained":[{"floor":11,"key":"Boot"}],"event_choices":[{"damage_healed":0,"gold_gain":0,"player_choice":"Entered Light","damage_taken":16,"max_hp_gain":0,"max_hp_loss":0,"event_name":"Shining Light","floor":12,"gold_loss":0,"cards_upgraded":["Burning Pact","Iron Wave"]}],"is_beta":false,"boss_relics":[],"items_purged_floors":[],"is_endless":false,"potions_floor_spawned":[1,2,4,7,8],"killed_by":"Looter","ascension_level":1}