{"gold_per_floor":[114,131,148,148,148,177,187,187,187,222,222,222,222,222,222,297,297,297,297,297,58,58,58,58,58,58,58,58],"floor_reached":28,"playtime":1446,"items_purged":["Strike_B"],"score":466,"play_id":"d3d82ee9-394e-4ef0-b636-239d11c7543b","local_time":"20190719182705","is_ascension_mode":true,"campfire_choices":[{"data":"Sweeping Beam","floor":8,"key":"SMITH"},{"data":"Loop","floor":13,"key":"SMITH"},{"data":"Coolheaded","floor":15,"key":"SMITH"},{"data":"Coolheaded","floor":24,"key":"SMITH"}],"neow_cost":"NONE","seed_source_timestamp":165113452706855,"circlet_count":0,"master_deck":["AscendersBane","Strike_B","Defend_B","Defend_B","Defend_B","Defend_B","Zap+1","Dualcast","Streamline","Coolheaded+1","Buffer","Sweeping Beam+1","Doom and Gloom","Loop+1","Glacier","Electrodynamics","Coolheaded+1","Blizzard","Compile Driver","Master of Strategy","Undo","Compile Driver","Tempest+1","Coolheaded"],"relics":["Cracked Core","Dead Branch","Mercury Hourglass","Shuriken","Ectoplasm","Potion Belt","Mummified Hand"],"potions_floor_usage":[19,23],"damage_taken":[{"damage":0,"enemies":"Small Slimes","floor":1,"turns":3},{"damage":2,"enemies":"Jaw Worm","floor":2,"turns":3},{"damage":0,"enemies":"2 Louse","floor":3,"turns":2},{"damage":42,"enemies":"3 Sentries","floor":6,"turns":12},{"damage":5,"enemies":"2 Fungi Beasts","floor":7,"turns":3},{"damage":3,"enemies":"Lagavulin","floor":10,"turns":6},{"damage":7,"enemies":"The Guardian","floor":16,"turns":13},{"damage":4,"enemies":"Shell Parasite","floor":18,"turns":8},{"damage":0,"enemies":"3 Byrds","floor":19,"turns":3},{"damage":0,"enemies":"3 Cultists","floor":22,"turns":4},{"damage":20,"enemies":"Book of Stabbing","floor":23,"turns":6},{"damage":11,"enemies":"Gremlin Leader","floor":25,"turns":8},{"damage":4,"enemies":"Centurion and Healer","floor":27,"turns":7},{"damage":26,"enemies":"Book of Stabbing","floor":28,"turns":4}],"seed_played":"-7760883746352241457","potions_obtained":[{"floor":3,"key":"Energy Potion"},{"floor":10,"key":"Fire Potion"},{"floor":19,"key":"SteroidPotion"},{"floor":27,"key":"SteroidPotion"}],"is_trial":false,"path_per_floor":["M","M","M","?","?","E","M","R","T","E","?","?","R","?","R","B",null,"M","M","?","$","M","E","R","E","T","M","E"],"character_chosen":"DEFECT","items_purchased":["Master of Strategy"],"campfire_rested":0,"item_purchase_floors":[21],"current_hp_per_floor":[71,69,69,69,69,27,22,22,22,19,19,12,12,12,12,5,60,56,56,56,56,56,36,36,25,25,21,0],"gold":58,"neow_bonus":"TEN_PERCENT_HP_BONUS","is_prod":false,"is_daily":false,"chose_seed":false,"campfire_upgraded":4,"win_rate":0,"timestamp":1563575225,"path_taken":["M","M","M","?","?","E","?","R","T","E","?","?","R","?","R","BOSS","M","?","?","$","M","E","R","E","T","M","E"],"build_version":"2019-07-17","purchased_purges":1,"victory":false,"max_hp_per_floor":[78,78,78,78,78,78,78,78,78,78,78,78,78,78,78,78,78,78,78,78,78,78,78,78,78,78,78,78],"card_choices":[{"not_picked":["Blizzard","Aggregate"],"picked":"Streamline","floor":1},{"not_picked":["Hologram","Lockon"],"picked":"Coolheaded","floor":2},{"not_picked":["Hologram","Streamline"],"picked":"Buffer","floor":3},{"not_picked":["Ball Lightning","Darkness"],"picked":"Sweeping Beam","floor":6},{"not_picked":["Gash","Storm"],"picked":"Doom and Gloom","floor":7},{"not_picked":["Ball Lightning","Steam"],"picked":"Loop","floor":10},{"not_picked":["All For One","Core Surge"],"picked":"Electrodynamics","floor":16},{"not_picked":["Conserve Battery","Aggregate"],"picked":"Coolheaded","floor":18},{"not_picked":["Reprogram","Redo"],"picked":"Blizzard","floor":19},{"not_picked":["Barrage","Chaos"],"picked":"Undo","floor":22},{"not_picked":["Aggregate","Hello World+1"],"picked":"Compile Driver","floor":23},{"not_picked":["Conserve Battery","Compile Driver"],"picked":"Tempest+1","floor":25},{"not_picked":["Tempest","Ball Lightning"],"picked":"Coolheaded","floor":27}],"player_experience":1522916,"relics_obtained":[{"floor":6,"key":"Dead Branch"},{"floor":9,"key":"Mercury Hourglass"},{"floor":10,"key":"Shuriken"},{"floor":23,"key":"Potion Belt"},{"floor":25,"key":"Mummified Hand"}],"event_choices":[{"damage_healed":0,"gold_gain":0,"player_choice":"Grow","damage_taken":0,"max_hp_gain":0,"max_hp_loss":0,"event_name":"Living Wall","floor":4,"gold_loss":0,"cards_upgraded":["Zap"]},{"damage_healed":0,"gold_gain":0,"player_choice":"Ignored","damage_taken":0,"max_hp_gain":0,"max_hp_loss":0,"event_name":"Liars Game","floor":5,"gold_loss":0},{"damage_healed":0,"gold_gain":0,"player_choice":"Ignored","damage_taken":0,"max_hp_gain":0,"max_hp_loss":0,"event_name":"Shining Light","floor":11,"gold_loss":0},{"cards_removed":["Strike_B"],"damage_healed":0,"gold_gain":0,"player_choice":"Card Removal","damage_taken":7,"max_hp_gain":0,"max_hp_loss":0,"event_name":"Golden Wing","floor":12,"gold_loss":0},{"damage_healed":0,"gold_gain":0,"cards_transformed":["Strike_B"],"player_choice":"Transformed","damage_taken":0,"max_hp_gain":0,"max_hp_loss":0,"event_name":"Transmorgrifier","floor":14,"gold_loss":0,"cards_obtained":["Glacier"]},{"damage_healed":0,"gold_gain":0,"player_choice":"Read","damage_taken":0,"max_hp_gain":0,"max_hp_loss":0,"event_name":"The Library","floor":20,"gold_loss":0,"cards_obtained":["Compile Driver"]}],"is_beta":false,"boss_relics":[{"not_picked":["Runic Dome","Lizard Tail"],"picked":"Ectoplasm"}],"items_purged_floors":[21],"is_endless":false,"potions_floor_spawned":[3,10,19,22,27],"killed_by":"Book of Stabbing","ascension_level":15}