{"gold_per_floor":[111,131,141,153,38,38,52,68,68,68,99,117,133,151,151,250,250,264,264,264,298,309,309,70,81,136,162,43,69,69],"floor_reached":30,"playtime":2540,"items_purged":[],"score":279,"play_id":"1dc886f5-9681-45bd-95a2-e431d344a4e1","local_time":"20190705010001","is_ascension_mode":false,"campfire_choices":[{"data":"Bandage Up","floor":6,"key":"SMITH"},{"data":"Body Slam","floor":10,"key":"SMITH"},{"floor":15,"key":"REST"},{"floor":23,"key":"REST"}],"neow_cost":"NONE","seed_source_timestamp":1073583611134312,"circlet_count":0,"master_deck":["Strike_R+1","Strike_R+1","Strike_R+1","Strike_R+1","Strike_R+1","Defend_R+1","Defend_R+1","Defend_R+1","Defend_R+1","Bash","Dramatic Entrance","Cleave","Sentinel","Iron Wave","Body Slam","Bandage Up+1","Body Slam","Body Slam+1","Pummel","Rampage","Entrench","Inflame+1","Body Slam","Juggernaut+1","Armaments+1","RitualDagger","Armaments","Spot Weakness","Enlightenment","Second Wind","Demon Form+1","Feel No Pain+1","Ghostly Armor"],"relics":["Burning Blood","Frozen Egg 2","Ancient Tea Set","Philosopher\u0027s Stone","Red Mask","Bronze Scales","Strawberry","StoneCalendar","Red Skull"],"potions_floor_usage":[11,16,16,16,21,25,27],"damage_taken":[{"damage":5,"enemies":"Cultist","floor":1,"turns":4},{"damage":1,"enemies":"Jaw Worm","floor":2,"turns":3},{"damage":2,"enemies":"2 Louse","floor":3,"turns":2},{"damage":9,"enemies":"Blue Slaver","floor":4,"turns":4},{"damage":22,"enemies":"Exordium Thugs","floor":7,"turns":4},{"damage":10,"enemies":"Looter","floor":8,"turns":3},{"damage":27,"enemies":"Gremlin Nob","floor":11,"turns":5},{"damage":0,"enemies":"Exordium Wildlife","floor":12,"turns":3},{"damage":1,"enemies":"2 Fungi Beasts","floor":13,"turns":2},{"damage":8,"enemies":"Red Slaver","floor":14,"turns":3},{"damage":78,"enemies":"The Guardian","floor":16,"turns":10},{"damage":31,"enemies":"3 Byrds","floor":18,"turns":5},{"damage":19,"enemies":"Masked Bandits","floor":21,"turns":4},{"damage":31,"enemies":"Spheric Guardian","floor":22,"turns":6},{"damage":20,"enemies":"Shelled Parasite and Fungi","floor":25,"turns":5},{"damage":66,"enemies":"Book of Stabbing","floor":27,"turns":5},{"damage":18,"enemies":"Gremlin Leader","floor":30,"turns":3}],"seed_played":"-2260085167525786505","potions_obtained":[{"floor":1,"key":"SkillPotion"},{"floor":3,"key":"SpeedPotion"},{"floor":8,"key":"Strength Potion"},{"floor":12,"key":"SkillPotion"},{"floor":14,"key":"LiquidBronze"},{"floor":18,"key":"Fruit Juice"},{"floor":21,"key":"Regen Potion"},{"floor":22,"key":"SpeedPotion"}],"is_trial":false,"path_per_floor":["M","M","M","M","$","R","M","M","T","R","E","M","M","M","R","B",null,"M","?","?","?","M","R","$","M","T","E","$","T","E"],"character_chosen":"IRONCLAD","items_purchased":["Bandage Up","Body Slam","Bronze Scales","Enlightenment","Feel No Pain+1","Ghostly Armor"],"campfire_rested":2,"item_purchase_floors":[5,5,24,24,28,28],"current_hp_per_floor":[80,80,80,77,77,77,61,63,63,63,48,60,65,63,80,14,80,55,55,49,47,28,53,53,59,66,12,12,12,0],"gold":69,"neow_bonus":"RANDOM_COLORLESS","is_prod":false,"is_daily":false,"chose_seed":false,"campfire_upgraded":2,"win_rate":0.0,"timestamp":1562313601,"path_taken":["M","M","M","?","?","R","?","M","T","R","E","?","M","M","R","BOSS","M","?","?","?","M","R","$","M","T","E","$","?","E"],"build_version":"2019-07-01","purchased_purges":0,"victory":false,"max_hp_per_floor":[80,80,80,80,80,80,80,80,80,80,80,80,80,80,80,80,80,80,80,80,85,85,85,85,85,92,92,92,92,92],"card_choices":[{"not_picked":["Evolve","Battle Trance"],"picked":"Cleave","floor":1},{"not_picked":["Headbutt","Shrug It Off"],"picked":"Sentinel","floor":2},{"not_picked":["True Grit","Thunderclap"],"picked":"Iron Wave","floor":3},{"not_picked":["Twin Strike","Dark Embrace"],"picked":"Body Slam","floor":4},{"not_picked":["Shrug It Off","Clothesline"],"picked":"Body Slam","floor":7},{"not_picked":["Flex","Infernal Blade"],"picked":"Pummel","floor":8},{"not_picked":["Rupture+1","Shrug It Off"],"picked":"Rampage","floor":11},{"not_picked":["Pommel Strike","Anger"],"picked":"Entrench","floor":12},{"not_picked":["Shrug It Off","Bloodletting"],"picked":"Inflame+1","floor":13},{"not_picked":["Anger","Clash"],"picked":"Body Slam","floor":14},{"not_picked":["Limit Break","Offering"],"picked":"Juggernaut+1","floor":16},{"not_picked":["Clash","Clothesline"],"picked":"Armaments+1","floor":18},{"not_picked":["Cleave","Battle Trance+1"],"picked":"Armaments","floor":21},{"not_picked":["Havoc","Twin Strike"],"picked":"Spot Weakness","floor":22},{"not_picked":["Sever Soul+1","Bloodletting"],"picked":"Second Wind","floor":25},{"not_picked":["Shrug It Off+1","Disarm"],"picked":"Demon Form+1","floor":27}],"player_experience":95397,"relics_obtained":[{"floor":9,"key":"Frozen Egg 2"},{"floor":11,"key":"Ancient Tea Set"},{"floor":21,"key":"Red Mask"},{"floor":26,"key":"Strawberry"},{"floor":27,"key":"StoneCalendar"},{"floor":29,"key":"Red Skull"}],"event_choices":[{"damage_healed":0,"gold_gain":0,"player_choice":"Simplicity","damage_taken":0,"max_hp_gain":0,"max_hp_loss":0,"event_name":"Back to Basics","floor":19,"gold_loss":0,"cards_upgraded":["Strike_R","Strike_R","Strike_R","Strike_R","Strike_R","Defend_R","Defend_R","Defend_R","Defend_R"]},{"damage_healed":0,"gold_gain":0,"player_choice":"Joined the Cult","damage_taken":6,"max_hp_gain":0,"max_hp_loss":0,"event_name":"Nest","floor":20,"gold_loss":0,"cards_obtained":["RitualDagger"]},{"damage_healed":0,"gold_gain":0,"player_choice":"Fought Bandits","damage_taken":0,"max_hp_gain":0,"max_hp_loss":0,"event_name":"Masked Bandits","floor":21,"gold_loss":0}],"is_beta":false,"boss_relics":[{"not_picked":["Velvet Choker","Runic Cube"],"picked":"Philosopher\u0027s Stone"}],"items_purged_floors":[],"is_endless":false,"potions_floor_spawned":[1,3,8,12,13,14,18,21,22],"killed_by":"Gremlin Leader","ascension_level":0}