{"gold_per_floor":[109,7,24,40,40,40,70,70,93,93,93,93,119,132,132,207,207,227,245,170,17,36,69,69,69,138,138],"floor_reached":27,"playtime":1194,"items_purged":[],"score":394,"play_id":"a96ed4bb-7c03-4e12-9d27-78c8a4a01fc8","local_time":"20190706151140","is_ascension_mode":true,"campfire_choices":[{"data":"Armaments","floor":6,"key":"SMITH"},{"data":"Metallicize","floor":8,"key":"SMITH"},{"data":"Pommel Strike","floor":10,"key":"SMITH"},{"data":"Spot Weakness","floor":12,"key":"SMITH"},{"data":"Body Slam","floor":15,"key":"SMITH"},{"floor":24,"key":"REST"}],"neow_cost":"NONE","seed_source_timestamp":4548360854161,"circlet_count":0,"master_deck":["AscendersBane","Strike_R","Defend_R","Defend_R","Defend_R","Defend_R","Bash","Spot Weakness+1","Armaments+1","Shrug It Off","Sword Boomerang","Pommel Strike+1","Clothesline","Metallicize+1","Inflame","Body Slam+1","Impervious","Shrug It Off+1","Second Wind+1","Evolve+1","Thunderclap+1"],"relics":["Burning Blood","Red Skull","Vajra","Calipers","Astrolabe","Ancient Tea Set","Dream Catcher","Toxic Egg 2"],"potions_floor_usage":[7,16,23,27,27],"damage_taken":[{"damage":0,"enemies":"2 Louse","floor":1,"turns":3},{"damage":1,"enemies":"Cultist","floor":3,"turns":4},{"damage":15,"enemies":"Small Slimes","floor":4,"turns":4},{"damage":15,"enemies":"Lagavulin","floor":7,"turns":7},{"damage":18,"enemies":"3 Sentries","floor":13,"turns":5},{"damage":1,"enemies":"2 Fungi Beasts","floor":14,"turns":4},{"damage":19,"enemies":"The Guardian","floor":16,"turns":13},{"damage":12,"enemies":"Chosen","floor":18,"turns":4},{"damage":2,"enemies":"Shell Parasite","floor":19,"turns":8},{"damage":28,"enemies":"Snecko","floor":22,"turns":7},{"damage":19,"enemies":"Gremlin Leader","floor":23,"turns":7},{"damage":59,"enemies":"Slavers","floor":27,"turns":6}],"seed_played":"-4368768248186255093","potions_obtained":[{"floor":1,"key":"Block Potion"},{"floor":7,"key":"Fire Potion"},{"floor":11,"key":"BloodPotion"},{"floor":14,"key":"Dexterity Potion"},{"floor":22,"key":"PowerPotion"},{"floor":23,"key":"SneckoOil"}],"is_trial":false,"path_per_floor":["M","$","M","M","$","R","E","R","T","R","?","R","E","M","R","B",null,"M","M","?","$","M","E","R","$","T","E"],"character_chosen":"IRONCLAD","items_purchased":["Shrug It Off","Sword Boomerang","Ancient Tea Set"],"campfire_rested":1,"item_purchase_floors":[2,2,21],"current_hp_per_floor":[78,78,80,71,71,71,62,62,62,62,62,62,50,55,55,42,71,65,69,69,69,47,34,58,58,58,0],"gold":138,"neow_bonus":"THREE_CARDS","is_prod":false,"is_daily":false,"chose_seed":false,"campfire_upgraded":5,"win_rate":0,"timestamp":1562440300,"path_taken":["M","$","M","M","$","R","E","R","T","R","?","R","E","M","R","BOSS","M","?","?","$","M","E","R","$","T","E"],"build_version":"2019-07-05","purchased_purges":0,"victory":false,"max_hp_per_floor":[80,80,80,80,80,80,80,80,80,80,80,80,80,80,80,80,80,80,80,80,80,80,80,80,80,80,80],"card_choices":[{"not_picked":["Burning Pact","Thunderclap"],"picked":"Spot Weakness","floor":0},{"not_picked":["Infernal Blade","Thunderclap"],"picked":"Armaments","floor":1},{"not_picked":["Disarm","Perfected Strike"],"picked":"Pommel Strike","floor":3},{"not_picked":["Sever Soul","Warcry"],"picked":"Clothesline","floor":4},{"not_picked":["Havoc","Clash"],"picked":"Metallicize","floor":7},{"not_picked":["Wild Strike","Warcry"],"picked":"Inflame","floor":13},{"not_picked":["Armaments","Perfected Strike"],"picked":"Body Slam","floor":14},{"not_picked":["Juggernaut","Demon Form"],"picked":"Impervious","floor":16},{"not_picked":["Heavy Blade","Headbutt"],"picked":"Thunderclap+1","floor":18},{"not_picked":["Thunderclap+1","Twin Strike","Wild Strike+1"],"picked":"SKIP","floor":19},{"not_picked":["Spot Weakness","Sword Boomerang","Bludgeon"],"picked":"SKIP","floor":22},{"not_picked":["Blood for Blood","Fire Breathing","Thunderclap"],"picked":"SKIP","floor":23}],"player_experience":448076,"relics_obtained":[{"floor":7,"key":"Red Skull"},{"floor":9,"key":"Vajra"},{"floor":13,"key":"Calipers"},{"floor":23,"key":"Dream Catcher"},{"floor":26,"key":"Toxic Egg 2"}],"event_choices":[{"damage_healed":0,"gold_gain":0,"player_choice":"Got Potions","damage_taken":0,"max_hp_gain":0,"max_hp_loss":0,"event_name":"Lab","floor":11,"gold_loss":0},{"cards_removed":["Strike_R"],"damage_healed":0,"gold_gain":0,"player_choice":"Gave Gold","damage_taken":0,"max_hp_gain":0,"max_hp_loss":0,"event_name":"Beggar","floor":20,"gold_loss":75}],"is_beta":false,"boss_relics":[{"not_picked":["Lizard Tail","Runic Cube"],"picked":"Astrolabe"}],"items_purged_floors":[],"is_endless":false,"potions_floor_spawned":[1,7,13,14,22,23],"killed_by":"Slavers","ascension_level":13}