{"gold_per_floor":[118,132,146,156,63,63,79,105,105,105,430,449,464,464,464,559,559,570,589,504,50,10,10,21,35,58,75,89,89,89,89,89,89],"floor_reached":33,"playtime":2774,"items_purged":["Corruption"],"score":261,"play_id":"11b66300-95ba-4ff8-8196-a3481958d402","local_time":"20190630184858","is_ascension_mode":false,"campfire_choices":[{"data":"Armaments","floor":6,"key":"SMITH"},{"floor":10,"key":"REST"},{"floor":15,"key":"REST"},{"data":"Demon Form","floor":23,"key":"SMITH"},{"floor":29,"key":"REST"},{"floor":32,"key":"REST"}],"neow_cost":"TEN_PERCENT_HP_LOSS","seed_source_timestamp":705484088399203,"circlet_count":0,"master_deck":["Strike_R","Strike_R","Strike_R","Strike_R","Strike_R","Defend_R","Defend_R","Defend_R+1","Defend_R+1","Bash","Panache","Madness","Armaments+1","Inflame","Anger","Heavy Blade","Swift Strike","Anger","Perfected Strike","Whirlwind","Clash","Anger","Demon Form+1","Cleave","Panacea","Immolate","Clash"],"relics":["Burning Blood","War Paint","Dead Branch","Old Coin","Eternal Feather","Kunai","Thread and Needle","Bag of Marbles","Singing Bowl"],"potions_floor_usage":[7,11,11,13,24,27,28],"damage_taken":[{"damage":1,"enemies":"Cultist","floor":1,"turns":3},{"damage":1,"enemies":"Jaw Worm","floor":2,"turns":3},{"damage":0,"enemies":"Small Slimes","floor":3,"turns":4},{"damage":11,"enemies":"Red Slaver","floor":4,"turns":4},{"damage":0,"enemies":"Large Slime","floor":7,"turns":4},{"damage":35,"enemies":"3 Sentries","floor":8,"turns":8},{"damage":18,"enemies":"Lagavulin","floor":11,"turns":4},{"damage":9,"enemies":"Blue Slaver","floor":12,"turns":3},{"damage":23,"enemies":"Exordium Thugs","floor":13,"turns":4},{"damage":11,"enemies":"Slime Boss","floor":16,"turns":6},{"damage":16,"enemies":"Chosen","floor":18,"turns":5},{"damage":19,"enemies":"Spheric Guardian","floor":19,"turns":4},{"damage":8,"enemies":"3 Cultists","floor":24,"turns":4},{"damage":43,"enemies":"Cultist and Chosen","floor":25,"turns":7},{"damage":17,"enemies":"Snake Plant","floor":27,"turns":2},{"damage":41,"enemies":"Chosen and Byrds","floor":28,"turns":5},{"damage":77,"enemies":"Automaton","floor":33,"turns":6}],"seed_played":"8122072928320445517","potions_obtained":[{"floor":4,"key":"Fire Potion"},{"floor":7,"key":"Energy Potion"},{"floor":8,"key":"FearPotion"},{"floor":12,"key":"BloodPotion"},{"floor":13,"key":"SmokeBomb"},{"floor":19,"key":"Ancient Potion"},{"floor":22,"key":"FairyPotion"},{"floor":22,"key":"Block Potion"},{"floor":25,"key":"AttackPotion"}],"is_trial":false,"path_per_floor":["M","M","M","M","$","R","M","E","T","R","E","M","M","?","R","B",null,"M","M","?","$","?","R","M","M","T","M","M","R","?","T","R","B"],"character_chosen":"IRONCLAD","items_purchased":["Swift Strike","Thread and Needle","Panacea"],"campfire_rested":4,"item_purchase_floors":[5,21,21],"current_hp_per_floor":[72,72,72,67,67,67,72,43,43,64,52,49,39,44,67,62,77,67,54,54,54,54,69,67,30,30,19,13,51,51,51,77,0],"gold":89,"neow_bonus":"RANDOM_COLORLESS_2","is_prod":false,"is_daily":false,"chose_seed":false,"campfire_upgraded":2,"win_rate":0.0,"timestamp":1561945738,"path_taken":["M","M","M","M","$","R","M","E","T","R","E","M","?","?","R","BOSS","M","M","?","$","?","R","M","M","T","?","M","R","?","?","R","BOSS"],"build_version":"2019-01-23","purchased_purges":1,"victory":false,"max_hp_per_floor":[72,72,72,72,72,72,72,72,72,72,72,72,72,77,77,77,77,77,77,77,77,77,77,77,77,77,77,77,77,77,77,77,77],"card_choices":[{"not_picked":["Warcry","Searing Blow"],"picked":"Armaments","floor":1},{"not_picked":["Infernal Blade","Sever Soul"],"picked":"Inflame","floor":2},{"not_picked":["Cleave","Wild Strike"],"picked":"Anger","floor":3},{"not_picked":["Clash","Warcry"],"picked":"Heavy Blade","floor":4},{"not_picked":["Warcry","Fire Breathing"],"picked":"Anger","floor":7},{"not_picked":["True Grit","Intimidate"],"picked":"Perfected Strike","floor":8},{"not_picked":["Offering","Anger"],"picked":"Whirlwind","floor":11},{"not_picked":["Sentinel","Dropkick"],"picked":"Clash","floor":12},{"not_picked":["Inflame","Iron Wave"],"picked":"Anger","floor":13},{"not_picked":["Offering","Fiend Fire"],"picked":"Demon Form","floor":16},{"not_picked":["Pommel Strike+1","Cleave"],"picked":"Corruption","floor":18},{"not_picked":["Thunderclap","Shrug It Off+1"],"picked":"Cleave","floor":19},{"not_picked":["Reckless Charge","Clash","Shrug It Off"],"picked":"SKIP","floor":24},{"not_picked":["Second Wind","Reckless Charge"],"picked":"Immolate","floor":25},{"not_picked":["Second Wind","Dual Wield","Havoc"],"picked":"SKIP","floor":27},{"not_picked":["Intimidate","Armaments"],"picked":"Clash","floor":28}],"player_experience":57118,"relics_obtained":[{"floor":8,"key":"War Paint"},{"floor":9,"key":"Dead Branch"},{"floor":11,"key":"Old Coin"},{"floor":26,"key":"Bag of Marbles"},{"floor":31,"key":"Singing Bowl"}],"event_choices":[{"damage_healed":0,"gold_gain":0,"player_choice":"Donut","damage_taken":0,"max_hp_gain":5,"max_hp_loss":0,"event_name":"Big Fish","floor":14,"gold_loss":0},{"damage_healed":0,"gold_gain":0,"player_choice":"Obtained Relic","damage_taken":0,"relics_obtained":["Kunai"],"max_hp_gain":0,"max_hp_loss":0,"event_name":"Addict","floor":20,"gold_loss":85},{"damage_healed":0,"gold_gain":0,"player_choice":"Bought 3 Potions","damage_taken":0,"max_hp_gain":0,"max_hp_loss":0,"event_name":"The Woman in Blue","floor":22,"gold_loss":0},{"damage_healed":0,"gold_gain":0,"player_choice":"Ignored","damage_taken":0,"max_hp_gain":0,"max_hp_loss":0,"event_name":"Ghosts","floor":30,"gold_loss":0}],"is_beta":false,"boss_relics":[{"not_picked":["Snecko Eye","Runic Dome"],"picked":"Eternal Feather"}],"items_purged_floors":[21],"is_endless":false,"potions_floor_spawned":[4,7,8,12,13,19,25],"killed_by":"Automaton","ascension_level":0}