{"gold_per_floor":[113,113,123,48,68,68,17,17,95,115,135,135,135,170,170,272,272,282,12,12,12,12,44,59,59,135,135],"floor_reached":27,"playtime":949,"items_purged":["Strike_G"],"score":344,"play_id":"a1e21d7e-08c2-4fc4-aa7b-6534fb8e1607","local_time":"20190613074821","is_ascension_mode":true,"campfire_choices":[{"data":"Neutralize","floor":6,"key":"SMITH"},{"data":"Backflip","floor":8,"key":"SMITH"},{"data":"Footwork","floor":12,"key":"SMITH"},{"data":"Survivor","floor":15,"key":"SMITH"},{"floor":25,"key":"REST"}],"neow_cost":"NONE","seed_source_timestamp":134132479227084,"circlet_count":0,"master_deck":["AscendersBane","Defend_G","Defend_G","Defend_G+1","Defend_G+1","Defend_G","Strike_G","Strike_G+1","Strike_G","Survivor+1","Neutralize+1","Backflip+1","Caltrops","Escape Plan+1","Footwork+1","Caltrops","Glass Knife","Blur","Noxious Fumes","Dagger Spray","Noxious Fumes","Setup","Catalyst","Noxious Fumes+1"],"relics":["Ring of the Snake","NeowsBlessing","StoneCalendar","Ninja Scroll","Happy Flower","WristBlade","War Paint","Question Card"],"potions_floor_usage":[5,14,20,23,24],"damage_taken":[{"damage":0,"enemies":"Small Slimes","floor":1,"turns":1},{"damage":0,"enemies":"Cultist","floor":3,"turns":1},{"damage":0,"enemies":"Jaw Worm","floor":5,"turns":1},{"damage":1,"enemies":"Large Slime","floor":10,"turns":7},{"damage":1,"enemies":"Blue Slaver","floor":11,"turns":4},{"damage":9,"enemies":"3 Sentries","floor":14,"turns":7},{"damage":18,"enemies":"Slime Boss","floor":16,"turns":9},{"damage":0,"enemies":"Spheric Guardian","floor":18,"turns":4},{"damage":10,"enemies":"Colosseum Slavers","floor":20,"turns":3},{"damage":29,"enemies":"Book of Stabbing","floor":23,"turns":6},{"damage":22,"enemies":"Shell Parasite","floor":24,"turns":7},{"damage":29,"enemies":"3 Cultists","floor":27,"turns":4}],"seed_played":"-2487707609551669255","potions_obtained":[{"floor":5,"key":"Fruit Juice"},{"floor":11,"key":"SneckoOil"},{"floor":16,"key":"SkillPotion"},{"floor":18,"key":"Poison Potion"}],"is_trial":false,"path_per_floor":["M","?","M","$","M","R","$","R","T","M","M","R","?","E","R","B",null,"M","$","?","?","?","E","M","R","T","M"],"character_chosen":"THE_SILENT","items_purchased":["Fire Potion","Noxious Fumes","War Paint","Dagger Spray"],"campfire_rested":1,"item_purchase_floors":[7,19,19,19],"current_hp_per_floor":[63,63,63,63,68,68,68,68,68,67,66,66,51,42,42,24,62,62,62,52,52,52,23,1,23,23,0],"gold":135,"neow_bonus":"THREE_ENEMY_KILL","is_prod":false,"is_daily":false,"chose_seed":false,"campfire_upgraded":4,"win_rate":0,"timestamp":1560426501,"path_taken":["M","?","M","?","?","R","$","R","T","?","M","R","?","E","R","BOSS","M","$","?","?","?","E","M","R","T","?"],"build_version":"2019-01-23","purchased_purges":1,"victory":false,"max_hp_per_floor":[70,70,70,70,75,75,75,75,75,75,75,75,75,75,75,75,75,75,75,75,75,75,75,75,75,75,75],"card_choices":[{"not_picked":["Prepared","Bouncing Flask"],"picked":"Poisoned Stab","floor":1},{"not_picked":["Deflect","Bouncing Flask"],"picked":"Backflip","floor":3},{"not_picked":["Sucker Punch","Cloak And Dagger"],"picked":"Caltrops","floor":5},{"not_picked":["Quick Slash","Distraction"],"picked":"Escape Plan","floor":10},{"not_picked":["Dagger Throw","Flying Knee"],"picked":"Footwork","floor":11},{"not_picked":["Bane","Heel Hook"],"picked":"Caltrops","floor":14},{"not_picked":["After Image","Malaise"],"picked":"Glass Knife","floor":16},{"not_picked":["Underhanded Strike","Quick Slash"],"picked":"Blur","floor":18},{"not_picked":["Acrobatics","Eviscerate"],"picked":"Catalyst","floor":23},{"not_picked":["Underhanded Strike","Dagger Throw","All Out Attack"],"picked":"Noxious Fumes+1","floor":24}],"player_experience":414040,"relics_obtained":[{"floor":9,"key":"Ninja Scroll"},{"floor":14,"key":"Happy Flower"},{"floor":23,"key":"Question Card"}],"event_choices":[{"cards_removed":["Poisoned Stab"],"damage_healed":0,"gold_gain":0,"player_choice":"Gave Card","damage_taken":0,"relics_obtained":["StoneCalendar"],"max_hp_gain":0,"max_hp_loss":0,"event_name":"WeMeetAgain","floor":2,"gold_loss":0},{"damage_healed":0,"gold_gain":0,"player_choice":"Entered Light","damage_taken":15,"max_hp_gain":0,"max_hp_loss":0,"event_name":"Shining Light","floor":13,"gold_loss":0,"cards_upgraded":["Strike_G","Defend_G"]},{"damage_healed":0,"gold_gain":0,"player_choice":"Fight","damage_taken":0,"max_hp_gain":0,"max_hp_loss":0,"event_name":"Colosseum","floor":20,"gold_loss":0},{"damage_healed":0,"gold_gain":0,"player_choice":"Fled From Nobs","damage_taken":0,"max_hp_gain":0,"max_hp_loss":0,"event_name":"Colosseum","floor":20,"gold_loss":0},{"damage_healed":0,"gold_gain":0,"player_choice":"Read","damage_taken":0,"max_hp_gain":0,"max_hp_loss":0,"event_name":"The Library","floor":21,"gold_loss":0,"cards_obtained":["Noxious Fumes"]},{"damage_healed":0,"gold_gain":0,"cards_transformed":["Strike_G"],"player_choice":"Transformed","damage_taken":0,"max_hp_gain":0,"max_hp_loss":0,"event_name":"Transmorgrifier","floor":22,"gold_loss":0,"cards_obtained":["Setup"]}],"is_beta":false,"boss_relics":[{"not_picked":["Eternal Feather","White Beast Statue"],"picked":"WristBlade"}],"items_purged_floors":[4],"is_endless":false,"potions_floor_spawned":[5,11,16,18],"killed_by":"3 Cultists","ascension_level":10}