{"gold_per_floor":[117,192,192,211,211,536,536,252,276,310,310,339,351,361,361,438,438,449,449,158,173,173,173,34,34,57,57,92,92,122,122,122,199,199,217,234,245,263,3,35,48,48,48,48,80,54,54,54],"floor_reached":48,"playtime":2883,"items_purged":["Strike_G","Strike_G"],"score":1259,"play_id":"1b72129f-206e-4894-a982-57d54b09ba9f","local_time":"20190602234742","is_ascension_mode":true,"campfire_choices":[{"data":"All Out Attack","floor":7.0,"key":"SMITH"},{"data":"Leg Sweep","floor":15.0,"key":"SMITH"},{"data":"Ghostly","floor":23.0,"key":"SMITH"},{"data":"Ghostly","floor":25.0,"key":"SMITH"},{"data":"Ghostly","floor":27.0,"key":"SMITH"},{"floor":32.0,"key":"REST"},{"floor":47,"key":"RECALL"}],"neow_cost":"NONE","seed_source_timestamp":273107110019809,"circlet_count":0,"master_deck":["AscendersBane","Defend_G","Defend_G","Defend_G","Defend_G+1","Defend_G","Strike_G","Survivor","Neutralize","All Out Attack+1","Cloak And Dagger+1","Leg Sweep+1","Bouncing Flask","Deflect","Backflip","After Image","Deadly Poison+1","PiercingWail","Acrobatics","Deflect","Ghostly+1","Ghostly+1","Ghostly+1","Acrobatics+1","Calculated Gamble+1","Storm of Steel+1","Catalyst+1","Endless Agony","Cloak And Dagger+1","Apotheosis+1","Corpse Explosion+1","Noxious Fumes","Predator","Outmaneuver+1","Calculated Gamble+1","Writhe","Cloak And Dagger+1","Acrobatics+1"],"special_seed":0,"relics":["NeowsBlessing","War Paint","Old Coin","Happy Flower","Pen Nib","Snake Skull","Kunai","Runic Pyramid","Membership Card","Toxic Egg 2","Bag of Marbles","Orichalcum","Lantern","Nloth\u0027s Gift","HoveringKite","Anchor","Bronze Scales"],"potions_floor_usage":[38],"damage_taken":[{"damage":0.0,"enemies":"Small Slimes","floor":1.0,"turns":1.0},{"damage":0.0,"enemies":"Jaw Worm","floor":4.0,"turns":1.0},{"damage":0.0,"enemies":"Gremlin Nob","floor":6.0,"turns":1.0},{"damage":4.0,"enemies":"3 Sentries","floor":10.0,"turns":9.0},{"damage":5.0,"enemies":"Lagavulin","floor":12.0,"turns":7.0},{"damage":0.0,"enemies":"Cultist","floor":13.0,"turns":3.0},{"damage":0.0,"enemies":"Looter","floor":14.0,"turns":4.0},{"damage":1.0,"enemies":"The Guardian","floor":16.0,"turns":11.0},{"damage":1.0,"enemies":"Spheric Guardian","floor":18.0,"turns":5.0},{"damage":3.0,"enemies":"3 Byrds","floor":21.0,"turns":6.0},{"damage":0.0,"enemies":"Gremlin Leader","floor":28.0,"turns":12.0},{"damage":16.0,"enemies":"Book of Stabbing","floor":30.0,"turns":7.0},{"damage":13.0,"enemies":"Collector","floor":33.0,"turns":12.0},{"damage":1.0,"enemies":"Orb Walker","floor":35.0,"turns":5.0},{"damage":12.0,"enemies":"3 Darklings","floor":36.0,"turns":11.0},{"damage":1,"enemies":"Jaw Worm Horde","floor":37,"turns":4},{"damage":0,"enemies":"4 Shapes","floor":38,"turns":7},{"damage":13,"enemies":"Nemesis","floor":40,"turns":7},{"damage":0,"enemies":"Spire Growth","floor":41,"turns":6},{"damage":6,"enemies":"Giant Head","floor":45,"turns":8},{"damage":27,"enemies":"Reptomancer","floor":48,"turns":2}],"seed_played":"-580590338685306010","potions_obtained":[{"floor":1.0,"key":"Ancient Potion"},{"floor":4.0,"key":"SteroidPotion"},{"floor":10.0,"key":"Weak Potion"},{"floor":14.0,"key":"GamblersBrew"},{"floor":36,"key":"Swift Potion"}],"is_trial":false,"path_per_floor":["M","?","?","M","?","E","R","$","T","E","?","E","M","M","R","B",null,"M","?","$","M","?","R","$","R","T","R","E","?","E","?","R","B",null,"M","M","M","M","$","E","M","?","T","?","E","$","R","E"],"character_chosen":"THE_SILENT","items_purchased":["Happy Flower","Bouncing Flask","Membership Card","Acrobatics","Toxic Egg 2","Apotheosis+1","Corpse Explosion+1","Noxious Fumes","Predator","Acrobatics+1"],"campfire_rested":1,"item_purchase_floors":[8,8,20,20,24,39,39,39,39,46],"current_hp_per_floor":[59,48,48,48,37,37,37,37,37,33,26,21,21,21,21,20,55,54,54,54,51,33,33,33,33,33,33,33,33,17,17,26,13,28,27,15,14,14,14,1,1,8,8,27,21,21,21,0],"gold":54,"neow_bonus":"THREE_ENEMY_KILL","is_prod":false,"is_daily":false,"chose_seed":false,"campfire_upgraded":5,"win_rate":0,"timestamp":1559533662,"path_taken":["M","?","?","?","?","E","R","$","T","E","?","E","M","M","R","BOSS","M","?","$","M","?","R","$","R","T","R","E","?","E","?","R","BOSS","M","M","?","M","$","E","M","?","T","?","E","$","R","E"],"build_version":"2019-01-23","purchased_purges":2,"victory":false,"max_hp_per_floor":[66,66,66,66,66,66,66,66,66,66,66,66,66,66,66,66,66,66,66,66,66,33,33,33,33,33,33,33,33,33,33,33,33,33,33,33,33,33,33,33,33,33,33,27,27,27,27,27],"card_choices":[{"not_picked":["Sucker Punch","Skewer"],"picked":"All Out Attack","floor":1.0},{"not_picked":["Outmaneuver","Flechettes"],"picked":"Cloak And Dagger","floor":4.0},{"not_picked":["Backflip","Sucker Punch"],"picked":"Leg Sweep","floor":6.0},{"not_picked":["Expertise","Venomology"],"picked":"Deflect","floor":10.0},{"not_picked":["Outmaneuver","Deflect","Flying Knee"],"picked":"SKIP","floor":12.0},{"not_picked":["Eviscerate","Outmaneuver","Bane"],"picked":"SKIP","floor":13.0},{"not_picked":["Quick Slash","Sucker Punch"],"picked":"Backflip","floor":14.0},{"not_picked":["Burst","Phantasmal Killer"],"picked":"After Image","floor":16.0},{"not_picked":["Blade Dance","Crippling Poison"],"picked":"Deadly Poison+1","floor":18.0},{"not_picked":["Bane","Endless Agony"],"picked":"Deflect","floor":21.0},{"not_picked":["Expertise+1","Quick Slash"],"picked":"Acrobatics+1","floor":28.0},{"not_picked":["Slice","Deadly Poison+1"],"picked":"Calculated Gamble+1","floor":30.0},{"not_picked":["A Thousand Cuts","Unload"],"picked":"Storm of Steel+1","floor":33.0},{"not_picked":["PiercingWail+1","Outmaneuver+1"],"picked":"Catalyst+1","floor":35.0},{"not_picked":["Underhanded Strike","Flying Knee"],"picked":"Endless Agony","floor":36},{"not_picked":["Dagger Throw","Well Laid Plans"],"picked":"Cloak And Dagger+1","floor":37},{"not_picked":["Slice","Quick Slash","Flying Knee"],"picked":"SKIP","floor":38},{"not_picked":["Grand Finale","Sucker Punch"],"picked":"Outmaneuver+1","floor":40},{"not_picked":["Quick Slash","Deadly Poison+1"],"picked":"Calculated Gamble+1","floor":41},{"not_picked":["Bane","Dagger Spray"],"picked":"Cloak And Dagger+1","floor":45}],"player_experience":1449409,"relics_obtained":[{"floor":6.0,"key":"Old Coin"},{"floor":9.0,"key":"Pen Nib"},{"floor":10.0,"key":"Snake Skull"},{"floor":12.0,"key":"Kunai"},{"floor":26.0,"key":"Bag of Marbles"},{"floor":28.0,"key":"Orichalcum"},{"floor":30.0,"key":"Lantern"},{"floor":40,"key":"Anchor"},{"floor":45,"key":"Bronze Scales"}],"event_choices":[{"damage_healed":0.0,"max_hp_gain":0.0,"max_hp_loss":0.0,"gold_gain":75.0,"event_name":"World of Goop","player_choice":"Gather Gold","floor":2.0,"gold_loss":0.0,"damage_taken":11.0},{"cards_removed":["Strike_G"],"damage_healed":0.0,"max_hp_gain":0.0,"max_hp_loss":0.0,"gold_gain":0.0,"event_name":"Bonfire Elementals","player_choice":"Offered Basic","floor":3.0,"gold_loss":0.0,"damage_taken":0.0},{"damage_healed":0.0,"max_hp_gain":0.0,"max_hp_loss":0.0,"gold_gain":0.0,"event_name":"Scrap Ooze","player_choice":"Success","floor":5.0,"gold_loss":0.0,"damage_taken":11.0,"relics_obtained":["War Paint"]},{"cards_removed":["Strike_G"],"damage_healed":0.0,"max_hp_gain":0.0,"max_hp_loss":0.0,"gold_gain":0.0,"event_name":"Golden Wing","player_choice":"Card Removal","floor":11.0,"gold_loss":0.0,"damage_taken":7.0},{"damage_healed":0.0,"max_hp_gain":0.0,"max_hp_loss":0.0,"gold_gain":0.0,"event_name":"The Library","player_choice":"Read","floor":19.0,"gold_loss":0.0,"damage_taken":0.0,"cards_obtained":["PiercingWail"]},{"damage_healed":0.0,"max_hp_gain":0.0,"max_hp_loss":33.0,"gold_gain":0.0,"event_name":"Ghosts","player_choice":"Became a Ghost","floor":22.0,"gold_loss":0.0,"damage_taken":0.0,"cards_obtained":["Ghostly","Ghostly","Ghostly"]},{"damage_healed":0.0,"max_hp_gain":0.0,"max_hp_loss":0.0,"gold_gain":0.0,"event_name":"N\u0027loth","player_choice":"Traded Relic","floor":31.0,"relics_lost":["Ring of the Snake"],"gold_loss":0.0,"damage_taken":0.0,"relics_obtained":["Nloth\u0027s Gift"]},{"damage_healed":7,"gold_gain":0,"player_choice":"Writhe","damage_taken":0,"max_hp_gain":0,"max_hp_loss":0,"event_name":"Winding Halls","floor":42,"gold_loss":0,"cards_obtained":["Writhe"]},{"damage_healed":27,"gold_gain":0,"player_choice":"Heal","damage_taken":0,"max_hp_gain":0,"max_hp_loss":6,"event_name":"The Moai Head","floor":44,"gold_loss":0}],"is_beta":false,"boss_relics":[{"not_picked":["Runic Dome","Ectoplasm"],"picked":"Runic Pyramid"},{"not_picked":["Orrery","Philosopher\u0027s Stone"],"picked":"HoveringKite"}],"items_purged_floors":[8,20],"is_endless":false,"potions_floor_spawned":[1,4,10,14,18,28,35,36],"killed_by":"Reptomancer","ascension_level":20}