{"gold_per_floor":[110,110,185,204,228,228,153,153,153,196,22,45,79,97,97,190,190,203,247,270,270,295,295,339,38,61,61,77,77,77],"floor_reached":30,"playtime":1348,"items_purged":["Strike_G","Strike_G","Strike_G"],"score":562,"play_id":"ed3646bf-67ed-4bb9-a97e-5bbc1cf2adf8","local_time":"20190607005815","is_ascension_mode":true,"campfire_choices":[{"data":"Crippling Poison","floor":6,"key":"SMITH"},{"data":"Dagger Spray","floor":8,"key":"SMITH"},{"data":"Noxious Fumes","floor":15,"key":"SMITH"},{"data":"Well Laid Plans","floor":23,"key":"SMITH"},{"floor":27,"key":"REST"}],"neow_cost":"NONE","seed_source_timestamp":254163957347766,"circlet_count":0,"master_deck":["AscendersBane","Defend_G","Defend_G","Defend_G","Defend_G","Defend_G","Strike_G","Strike_G","Survivor","Neutralize","Crippling Poison+1","Dagger Spray+1","PiercingWail","Noxious Fumes+1","Well Laid Plans+1","Predator","Corpse Explosion","Leg Sweep+1","Acrobatics","PiercingWail","After Image+1","Backflip"],"relics":["Ring of the Snake","Golden Idol","Bag of Preparation","Thread and Needle","Letter Opener","Philosopher\u0027s Stone","Red Mask","Frozen Egg 2","Calipers","Membership Card","Bag of Marbles"],"potions_floor_usage":[10,19,24,30],"damage_taken":[{"damage":0,"enemies":"Jaw Worm","floor":1,"turns":7},{"damage":1,"enemies":"2 Louse","floor":4,"turns":4},{"damage":19,"enemies":"Gremlin Nob","floor":10,"turns":4},{"damage":3,"enemies":"Small Slimes","floor":12,"turns":4},{"damage":2,"enemies":"3 Sentries","floor":13,"turns":6},{"damage":0,"enemies":"Exordium Thugs","floor":14,"turns":4},{"damage":15,"enemies":"The Guardian","floor":16,"turns":10},{"damage":14,"enemies":"Spheric Guardian","floor":18,"turns":4},{"damage":0,"enemies":"Masked Bandits","floor":19,"turns":2},{"damage":0,"enemies":"Chosen","floor":20,"turns":5},{"damage":0,"enemies":"Centurion and Healer","floor":22,"turns":5},{"damage":11,"enemies":"Book of Stabbing","floor":24,"turns":7},{"damage":3,"enemies":"Snecko","floor":28,"turns":6},{"damage":49,"enemies":"Slavers","floor":30,"turns":3}],"seed_played":"-698585017468001596","potions_obtained":[{"floor":1,"key":"PowerPotion"},{"floor":4,"key":"Explosive Potion"},{"floor":12,"key":"EssenceOfSteel"},{"floor":20,"key":"SpeedPotion"}],"is_trial":false,"path_per_floor":["M","?","?","M","T","R","$","R","T","E","$","M","E","M","R","B",null,"M","?","M","T","M","R","E","$","T","R","M","?","E"],"character_chosen":"THE_SILENT","items_purchased":["Noxious Fumes","Membership Card","Backflip"],"campfire_rested":1,"item_purchase_floors":[11,25,25],"current_hp_per_floor":[65,65,54,53,53,53,53,53,53,34,34,31,29,29,29,14,52,38,38,38,38,38,38,27,27,27,46,43,43,0],"gold":77,"neow_bonus":"TEN_PERCENT_HP_BONUS","is_prod":false,"is_daily":false,"chose_seed":false,"campfire_upgraded":4,"win_rate":0,"timestamp":1559883495,"path_taken":["M","?","?","M","?","R","$","R","T","E","$","M","E","M","R","BOSS","M","?","M","?","M","R","E","$","T","R","M","?","E"],"build_version":"2019-01-23","purchased_purges":3,"victory":false,"max_hp_per_floor":[72,65,65,65,65,65,65,65,65,65,65,65,65,65,65,65,65,65,65,65,65,65,65,65,65,65,65,65,65,65],"card_choices":[{"not_picked":["Outmaneuver","All Out Attack"],"picked":"Crippling Poison","floor":1},{"not_picked":["Dagger Throw","Deflect"],"picked":"Dagger Spray","floor":4},{"not_picked":["Outmaneuver","Caltrops"],"picked":"PiercingWail","floor":10},{"not_picked":["Tactician","Bane"],"picked":"Well Laid Plans","floor":12},{"not_picked":["Poisoned Stab","Outmaneuver","Blade Dance"],"picked":"SKIP","floor":13},{"not_picked":["Tactician","Dagger Throw"],"picked":"Predator","floor":14},{"not_picked":["Tools of the Trade","Doppelganger"],"picked":"Corpse Explosion","floor":16},{"not_picked":["Quick Slash","Deadly Poison"],"picked":"Leg Sweep+1","floor":18},{"not_picked":["Dagger Throw","Crippling Poison"],"picked":"Acrobatics","floor":20},{"not_picked":["Cloak And Dagger","Eviscerate"],"picked":"PiercingWail","floor":22},{"not_picked":["Cloak And Dagger","Underhanded Strike"],"picked":"After Image+1","floor":24},{"not_picked":["Underhanded Strike","Flying Knee","Poisoned Stab"],"picked":"SKIP","floor":28}],"player_experience":1458174,"relics_obtained":[{"floor":5,"key":"Bag of Preparation"},{"floor":10,"key":"Thread and Needle"},{"floor":13,"key":"Letter Opener"},{"floor":19,"key":"Red Mask"},{"floor":21,"key":"Frozen Egg 2"},{"floor":24,"key":"Calipers"},{"floor":26,"key":"Bag of Marbles"}],"event_choices":[{"damage_healed":0,"gold_gain":0,"player_choice":"Lose Max HP","damage_taken":0,"relics_obtained":["Golden Idol"],"max_hp_gain":0,"max_hp_loss":7,"event_name":"Golden Idol","floor":2,"gold_loss":0},{"damage_healed":0,"gold_gain":75,"player_choice":"Gather Gold","damage_taken":11,"max_hp_gain":0,"max_hp_loss":0,"event_name":"World of Goop","floor":3,"gold_loss":0},{"damage_healed":0,"gold_gain":0,"player_choice":"Fought Bandits","damage_taken":0,"max_hp_gain":0,"max_hp_loss":0,"event_name":"Masked Bandits","floor":19,"gold_loss":0}],"is_beta":false,"boss_relics":[{"not_picked":["Ectoplasm","Ring of the Serpent"],"picked":"Philosopher\u0027s Stone"}],"items_purged_floors":[7,11,25],"is_endless":false,"potions_floor_spawned":[1,4,12,13,18,20,22],"killed_by":"Slavers","ascension_level":20}