{"gold_per_floor":[113,130,130,130,140,167,167,178,178,178,50,50,75,91,91,91],"floor_reached":16,"playtime":1269,"items_purged":[],"score":110,"play_id":"e0bf015c-9f01-457a-9e28-4cdf0c1f2a36","local_time":"20190612203910","is_ascension_mode":false,"campfire_choices":[{"floor":7,"key":"REST"},{"floor":12,"key":"REST"},{"floor":15,"key":"REST"}],"neow_cost":"NONE","seed_source_timestamp":81608836112833,"circlet_count":0,"master_deck":["Strike_R","Strike_R","Strike_R","Strike_R","Strike_R","Defend_R","Defend_R","Defend_R+1","Defend_R","Bash","Thunderclap","Inflame+1","Regret","Battle Trance","Demon Form","Anger","Dual Wield","Thunderclap","Flame Barrier","Second Wind","Perfected Strike","Dropkick"],"relics":["Burning Blood","Dream Catcher","Letter Opener","Juzu Bracelet","SsserpentHead","Vajra","Darkstone Periapt"],"potions_floor_usage":[6],"damage_taken":[{"damage":16,"enemies":"Cultist","floor":1,"turns":6},{"damage":5,"enemies":"Small Slimes","floor":2,"turns":3},{"damage":13,"enemies":"Jaw Worm","floor":5,"turns":3},{"damage":50,"enemies":"Lagavulin","floor":6,"turns":7},{"damage":22,"enemies":"Lots of Slimes","floor":8,"turns":3},{"damage":26,"enemies":"3 Sentries","floor":13,"turns":4},{"damage":12,"enemies":"2 Fungi Beasts","floor":14,"turns":4},{"damage":49,"enemies":"The Guardian","floor":16,"turns":8}],"seed_played":"1527784013395896931","potions_obtained":[{"floor":5,"key":"Weak Potion"},{"floor":6,"key":"LiquidBronze"},{"floor":14,"key":"SteroidPotion"}],"is_trial":false,"path_per_floor":["M","M","?","?","M","E","R","M","T","?","$","R","E","M","R","B"],"character_chosen":"IRONCLAD","items_purchased":["Vajra","Thunderclap"],"campfire_rested":3,"item_purchase_floors":[11,11],"current_hp_per_floor":[78,79,79,61,54,10,36,20,20,20,20,46,26,20,46,0],"gold":91,"neow_bonus":"TEN_PERCENT_HP_BONUS","is_prod":false,"is_daily":false,"chose_seed":false,"campfire_upgraded":0,"win_rate":0.0,"timestamp":1560364750,"path_taken":["M","M","?","?","M","E","R","M","T","?","?","R","E","M","R","BOSS"],"build_version":"2019-01-23","purchased_purges":0,"victory":false,"max_hp_per_floor":[88,88,88,88,88,88,88,88,88,88,88,88,88,88,88,88],"card_choices":[{"not_picked":["Iron Wave","Searing Blow"],"picked":"Thunderclap","floor":1},{"not_picked":["Flex","Power Through"],"picked":"Inflame","floor":2},{"not_picked":["Warcry","Twin Strike"],"picked":"Battle Trance","floor":5},{"not_picked":["Carnage","Rage"],"picked":"Demon Form","floor":6},{"not_picked":["Warcry","Thunderclap"],"picked":"Anger","floor":7},{"not_picked":["Headbutt","Body Slam"],"picked":"Dual Wield","floor":8},{"not_picked":["Iron Wave","Twin Strike"],"picked":"Flame Barrier","floor":12},{"not_picked":["Warcry","Whirlwind"],"picked":"Second Wind","floor":13},{"not_picked":["Pommel Strike","Sword Boomerang"],"picked":"Perfected Strike","floor":14},{"not_picked":["Second Wind","Rage"],"picked":"Dropkick","floor":15}],"player_experience":0,"relics_obtained":[{"floor":6,"key":"Letter Opener"},{"floor":9,"key":"Juzu Bracelet"},{"floor":13,"key":"Darkstone Periapt"}],"event_choices":[{"damage_healed":0,"gold_gain":0,"player_choice":"Box","damage_taken":0,"relics_obtained":["Dream Catcher"],"max_hp_gain":0,"max_hp_loss":0,"event_name":"Big Fish","floor":3,"gold_loss":0,"cards_obtained":["Regret"]},{"damage_healed":0,"gold_gain":0,"player_choice":"Entered Light","damage_taken":18,"max_hp_gain":0,"max_hp_loss":0,"event_name":"Shining Light","floor":4,"gold_loss":0,"cards_upgraded":["Defend_R","Inflame"]},{"damage_healed":0,"gold_gain":0,"player_choice":"Trade","damage_taken":0,"relics_obtained":["SsserpentHead"],"max_hp_gain":0,"max_hp_loss":0,"event_name":"FaceTrader","floor":10,"gold_loss":0}],"is_beta":false,"boss_relics":[],"items_purged_floors":[],"is_endless":false,"potions_floor_spawned":[5,6,14],"killed_by":"The Guardian","ascension_level":0}