{"gold_per_floor":[113,133,133,133,149,149,178,178,178,178],"floor_reached":10,"playtime":437,"items_purged":[],"score":132,"play_id":"22ae7e65-37a8-48ef-9c89-2b5cf5893c42","local_time":"20181117151507","is_ascension_mode":true,"campfire_choices":[{"data":"Uppercut","floor":6.0,"key":"SMITH"}],"neow_cost":"NONE","seed_source_timestamp":271138386828673,"circlet_count":0,"master_deck":["AscendersBane","Strike_R","Strike_R","Strike_R","Strike_R","Defend_R","Defend_R","Defend_R","Defend_R","Bash","True Grit+1","Spot Weakness","Uppercut+1","Disarm","Pain"],"special_seed":0,"relics":["Burning Blood","Smiling Mask","Bottled Lightning","WarpedTongs","Art of War"],"potions_floor_usage":[],"damage_taken":[{"damage":8.0,"enemies":"2 Louse","floor":1.0,"turns":4.0},{"damage":2.0,"enemies":"Small Slimes","floor":2.0,"turns":4.0},{"damage":7.0,"enemies":"Cultist","floor":5.0,"turns":4.0},{"damage":52.0,"enemies":"3 Sentries","floor":7.0,"turns":13.0},{"damage":16,"enemies":"Gremlin Nob","floor":10,"turns":3}],"seed_played":"-4465687387969034912","potions_obtained":[{"floor":1.0,"key":"SpeedPotion"},{"floor":5.0,"key":"Weak Potion"}],"is_trial":false,"path_per_floor":["M","M","?","?","M","R","E","?","T","E"],"character_chosen":"IRONCLAD","items_purchased":[],"campfire_rested":0,"item_purchase_floors":[],"current_hp_per_floor":[66,70,63,63,62,62,16,16,16,0],"gold":178,"neow_bonus":"RANDOM_COMMON_RELIC","is_prod":false,"is_daily":false,"chose_seed":false,"campfire_upgraded":1,"win_rate":0,"timestamp":1542485707,"path_taken":["M","M","?","?","M","R","E","?","T","E"],"build_version":"2018-11-15","purchased_purges":0,"victory":false,"max_hp_per_floor":[75,75,75,75,75,75,75,75,75,75],"card_choices":[{"not_picked":["Armaments","Flex"],"picked":"True Grit","floor":1.0},{"not_picked":["Havoc","Shrug It Off"],"picked":"Spot Weakness","floor":2.0},{"not_picked":["Entrench","Metallicize"],"picked":"Uppercut","floor":5.0},{"not_picked":["Anger","Clash"],"picked":"Disarm","floor":7.0}],"player_experience":1094245,"relics_obtained":[{"floor":7.0,"key":"Bottled Lightning"},{"floor":9.0,"key":"Art of War"}],"event_choices":[{"cards_removed":["Strike_R"],"damage_healed":0.0,"max_hp_gain":0.0,"max_hp_loss":0.0,"gold_gain":0.0,"event_name":"Golden Wing","player_choice":"Card Removal","floor":3.0,"gold_loss":0.0,"damage_taken":7.0},{"damage_healed":0.0,"max_hp_gain":0.0,"max_hp_loss":0.0,"gold_gain":0.0,"event_name":"Living Wall","player_choice":"Grow","floor":4.0,"gold_loss":0.0,"damage_taken":0.0,"cards_upgraded":["True Grit"]},{"damage_healed":0.0,"max_hp_gain":0.0,"max_hp_loss":0.0,"gold_gain":0.0,"event_name":"Accursed Blacksmith","player_choice":"Rummage","floor":8.0,"gold_loss":0.0,"damage_taken":0.0,"relics_obtained":["WarpedTongs"],"cards_obtained":["Pain"]}],"is_beta":false,"boss_relics":[],"items_purged_floors":[],"is_endless":false,"potions_floor_spawned":[1,5],"killed_by":"Gremlin Nob","ascension_level":20}