{"gold_per_floor":[111,128,128,143,143,143,487,206,206,206],"floor_reached":10,"playtime":425,"items_purged":["Injury"],"score":79,"play_id":"76f015ca-8e06-4831-8d16-63f862c7db79","local_time":"20190720180635","is_ascension_mode":true,"campfire_choices":[{"data":"Dual Wield","floor":6,"key":"SMITH"}],"neow_cost":"NONE","seed_source_timestamp":606291709540223,"circlet_count":0,"master_deck":["Strike_R","Strike_R","Strike_R","Strike_R","Strike_R","Defend_R","Defend_R","Defend_R","Defend_R","Bash","Exhume","Dual Wield+1","Uppercut+1","Clash"],"relics":["Burning Blood","Golden Idol","Old Coin","HandDrill","Turnip"],"potions_floor_usage":[7,10],"damage_taken":[{"damage":11,"enemies":"Small Slimes","floor":1,"turns":5},{"damage":1,"enemies":"Cultist","floor":2,"turns":4},{"damage":9,"enemies":"Jaw Worm","floor":4,"turns":2},{"damage":20,"enemies":"Lagavulin","floor":7,"turns":5},{"damage":87,"enemies":"3 Sentries","floor":10,"turns":13}],"seed_played":"1324720103621796356","potions_obtained":[{"floor":4,"key":"Poison Potion"},{"floor":7,"key":"BloodPotion"}],"is_trial":false,"path_per_floor":["M","M","?","M","?","R","E","$","T","E"],"character_chosen":"IRONCLAD","items_purchased":["HandDrill"],"campfire_rested":0,"item_purchase_floors":[8],"current_hp_per_floor":[75,80,80,77,77,77,63,63,63,0],"gold":206,"neow_bonus":"ONE_RANDOM_RARE_CARD","is_prod":false,"is_daily":false,"chose_seed":false,"campfire_upgraded":1,"win_rate":0,"timestamp":1563638795,"path_taken":["M","M","?","?","?","R","E","$","T","E"],"build_version":"2019-07-17","purchased_purges":1,"victory":false,"max_hp_per_floor":[80,80,80,80,80,80,80,80,80,80],"card_choices":[{"not_picked":["Wild Strike","Havoc"],"picked":"Dual Wield","floor":1},{"not_picked":["True Grit","Sword Boomerang"],"picked":"Uppercut","floor":2},{"not_picked":["Clothesline","Rampage"],"picked":"Clash","floor":4},{"not_picked":["Iron Wave","Exhume","Warcry"],"picked":"SKIP","floor":7}],"player_experience":260380,"relics_obtained":[{"floor":7,"key":"Old Coin"},{"floor":9,"key":"Turnip"}],"event_choices":[{"damage_healed":0,"gold_gain":0,"player_choice":"Upgraded","damage_taken":0,"max_hp_gain":0,"max_hp_loss":0,"event_name":"Upgrade Shrine","floor":3,"gold_loss":0,"cards_upgraded":["Uppercut"]},{"damage_healed":0,"gold_gain":0,"player_choice":"Take Wound","damage_taken":0,"relics_obtained":["Golden Idol"],"max_hp_gain":0,"max_hp_loss":0,"event_name":"Golden Idol","floor":5,"gold_loss":0,"cards_obtained":["Injury"]}],"is_beta":false,"boss_relics":[],"items_purged_floors":[8],"is_endless":false,"potions_floor_spawned":[4,7],"killed_by":"3 Sentries","ascension_level":4}