{"gold_per_floor":[12,27,47,60,40,75,75,87,114,170,170,180,193,68,68,68],"floor_reached":16,"playtime":653,"items_purged":["Strike_B"],"score":208,"play_id":"c524d406-c868-490c-9a6b-c6c911248c0a","local_time":"20181128213929","is_ascension_mode":true,"campfire_choices":[{"floor":7,"key":"REST"},{"floor":15,"key":"REST"}],"neow_cost":"NO_GOLD","seed_source_timestamp":290233545113017,"circlet_count":0,"master_deck":["AscendersBane","Strike_B","Strike_B","Strike_B","Defend_B","Defend_B","Defend_B","Defend_B","Zap","Dualcast","Defragment","Cold Snap","Go for the Eyes","Melter","Hologram","Blizzard","Leap","Genetic Algorithm","Static Discharge","Compile Driver"],"relics":["Cracked Core","Omamori","Bronze Scales","Regal Pillow","Art of War"],"potions_floor_usage":[4,6,10,12,12],"damage_taken":[{"damage":1,"enemies":"Cultist","floor":1,"turns":4},{"damage":9,"enemies":"Small Slimes","floor":2,"turns":4},{"damage":4,"enemies":"Jaw Worm","floor":3,"turns":3},{"damage":6,"enemies":"Red Slaver","floor":4,"turns":4},{"damage":37,"enemies":"3 Sentries","floor":6,"turns":11},{"damage":12,"enemies":"Exordium Thugs","floor":8,"turns":5},{"damage":18,"enemies":"3 Sentries","floor":10,"turns":7},{"damage":9,"enemies":"Gremlin Gang","floor":12,"turns":3},{"damage":0,"enemies":"2 Fungi Beasts","floor":13,"turns":3},{"damage":0,"enemies":"Slime Boss","floor":16,"turns":1}],"seed_played":"-8871535780603749581","potions_obtained":[{"floor":1,"key":"Weak Potion"},{"floor":4,"key":"Weak Potion"},{"floor":5,"key":"LiquidBronze"},{"floor":6,"key":"Swift Potion"},{"floor":10,"key":"FearPotion"},{"floor":12,"key":"Dexterity Potion"}],"is_trial":false,"path_per_floor":["M","M","M","M","?","E","R","M","T","?","T","M","M","$","R","B"],"character_chosen":"DEFECT","items_purchased":["Compile Driver"],"campfire_rested":2,"item_purchase_floors":[14],"current_hp_per_floor":[77,68,64,58,58,21,46,34,34,16,16,7,7,7,47,47],"gold":68,"neow_bonus":"TWENTY_PERCENT_HP_BONUS","is_prod":false,"is_daily":false,"chose_seed":false,"campfire_upgraded":0,"win_rate":0,"timestamp":1543459169,"path_taken":["M","M","?","M","?","E","R","?","T","?","?","?","M","$","R","BOSS"],"build_version":"2018-11-15","purchased_purges":1,"victory":false,"max_hp_per_floor":[85,85,85,85,85,85,85,85,85,85,85,85,85,85,85,85],"card_choices":[{"not_picked":["Melter","Leap"],"picked":"Defragment","floor":1},{"not_picked":["Recycle","Redo"],"picked":"Cold Snap","floor":2},{"not_picked":["Gash","Undo"],"picked":"Go for the Eyes","floor":3},{"not_picked":["Storm","Stack"],"picked":"Melter","floor":4},{"not_picked":["Machine Learning","Barrage"],"picked":"Hologram","floor":6},{"not_picked":["Steam Power","Redo"],"picked":"Blizzard","floor":8},{"not_picked":["Go for the Eyes","Reprogram"],"picked":"Leap","floor":10},{"not_picked":["Force Field","Leap"],"picked":"Genetic Algorithm","floor":12},{"not_picked":["BootSequence","Chaos"],"picked":"Static Discharge","floor":13}],"player_experience":1184989,"relics_obtained":[{"floor":6,"key":"Omamori"},{"floor":9,"key":"Bronze Scales"},{"floor":11,"key":"Art of War"}],"event_choices":[{"damage_healed":0,"gold_gain":0,"player_choice":"Bought 1 Potion","damage_taken":0,"max_hp_gain":0,"max_hp_loss":0,"event_name":"The Woman in Blue","floor":5,"gold_loss":0},{"damage_healed":0,"gold_gain":0,"player_choice":"Searched \u00272\u0027 times","damage_taken":0,"relics_obtained":["Regal Pillow"],"max_hp_gain":0,"max_hp_loss":0,"event_name":"Dead Adventurer","floor":10,"gold_loss":0}],"is_beta":false,"boss_relics":[],"items_purged_floors":[14],"is_endless":false,"potions_floor_spawned":[1,4,6,10,12],"killed_by":"Slime Boss","ascension_level":20}