{"gold_per_floor":[116,135,135,152,152,181,192,6,6,39,56,91,37,47,47,152,152,164,164,164,32,46,73,73,91,161,161,161,188,33,65,65,165,165,183,49,49,61,80,114,131,141,141,141,151,170,170],"floor_reached":47,"playtime":3313,"items_purged":["Injury"],"score":612,"play_id":"b7bb7ced-6f4a-42c6-aef3-a353cdf6afe0","local_time":"20190613122500","is_ascension_mode":false,"campfire_choices":[{"floor":15,"key":"REST"},{"floor":24,"key":"REST"},{"data":"Enlightenment","floor":27,"key":"SMITH"},{"floor":32,"key":"REST"},{"floor":44,"key":"REST"}],"neow_cost":"NONE","seed_source_timestamp":40365027434335,"circlet_count":0,"master_deck":["Strike_R+1","Strike_R+1","Strike_R+1","Defend_R+1","Defend_R+1","Defend_R+1","Bash","Disarm","Shrug It Off","Rampage","Uppercut","Cleave","Carnage","Seeing Red","Thunderclap","Cleave","Ghostly Armor","Armaments","Rampage","Bludgeon","Ghostly Armor","Enlightenment+1","Power Through","Warcry+1","Twin Strike+1","True Grit","Bludgeon","Fire Breathing","Warcry","Metallicize","Double Tap","Normality","Regret","Doubt","Uppercut+1","Finesse","Feel No Pain","Heavy Blade+1","Thunderclap+1","Hemokinesis+1","Pommel Strike","Regret","Flex+1","Pommel Strike"],"relics":["Philosopher\u0027s Stone","Pen Nib","Lantern","Mercury Hourglass","Torii","PreservedInsect","Cursed Key","Happy Flower","Paper Frog","MawBank","Ancient Tea Set","Calling Bell","Anchor","Mummified Hand","Calipers","Boot","Pear"],"potions_floor_usage":[6,10,12,12,16,22,23,31,33,41,42,47,47],"damage_taken":[{"damage":2,"enemies":"Jaw Worm","floor":1,"turns":3},{"damage":0,"enemies":"Cultist","floor":2,"turns":3},{"damage":0,"enemies":"Small Slimes","floor":4,"turns":4},{"damage":39,"enemies":"3 Sentries","floor":6,"turns":7},{"damage":8,"enemies":"3 Louse","floor":7,"turns":3},{"damage":0,"enemies":"Gremlin Nob","floor":10,"turns":2},{"damage":1,"enemies":"Exordium Thugs","floor":11,"turns":3},{"damage":1,"enemies":"Lagavulin","floor":12,"turns":3},{"damage":0,"enemies":"Large Slime","floor":14,"turns":3},{"damage":30,"enemies":"The Guardian","floor":16,"turns":12},{"damage":18,"enemies":"Spheric Guardian","floor":18,"turns":4},{"damage":17,"enemies":"3 Byrds","floor":22,"turns":3},{"damage":15,"enemies":"Slavers","floor":23,"turns":4},{"damage":0,"enemies":"Centurion and Healer","floor":25,"turns":3},{"damage":7,"enemies":"Book of Stabbing","floor":29,"turns":5},{"damage":25,"enemies":"Slavers","floor":31,"turns":4},{"damage":45,"enemies":"Automaton","floor":33,"turns":10},{"damage":0,"enemies":"3 Shapes","floor":35,"turns":3},{"damage":9,"enemies":"3 Darklings","floor":38,"turns":4},{"damage":21,"enemies":"Spire Growth","floor":39,"turns":5},{"damage":0,"enemies":"Reptomancer","floor":40,"turns":2},{"damage":26,"enemies":"Sphere and 2 Shapes","floor":41,"turns":4},{"damage":19,"enemies":"Writhing Mass","floor":42,"turns":3},{"damage":3,"enemies":"4 Shapes","floor":45,"turns":3},{"damage":9,"enemies":"Spire Growth","floor":46,"turns":3},{"damage":39,"enemies":"2 Orb Walkers","floor":47,"turns":3}],"seed_played":"-5285857680887401974","potions_obtained":[{"floor":1,"key":"SteroidPotion"},{"floor":7,"key":"AttackPotion"},{"floor":10,"key":"Energy Potion"},{"floor":11,"key":"Strength Potion"},{"floor":12,"key":"BloodPotion"},{"floor":16,"key":"Strength Potion"},{"floor":22,"key":"Block Potion"},{"floor":29,"key":"Fire Potion"},{"floor":31,"key":"Regen Potion"},{"floor":35,"key":"FearPotion"},{"floor":39,"key":"SkillPotion"},{"floor":42,"key":"Block Potion"},{"floor":45,"key":"BloodPotion"}],"is_trial":false,"path_per_floor":["M","M","?","M","?","E","M","$","T","E","M","E","$","M","R","B",null,"M","?","?","$","M","E","R","M","T","R","?","E","$","E","R","B",null,"M","$","?","M","M","E","M","M","T","R","M","M","?"],"character_chosen":"IRONCLAD","items_purchased":["Lantern","Seeing Red","Armaments","Enlightenment","Power Through","Fire Breathing","Warcry","Finesse","Fire Breathing"],"campfire_rested":4,"item_purchase_floors":[8,8,13,21,21,30,30,36,36],"current_hp_per_floor":[78,78,78,78,78,39,31,31,31,31,30,29,29,29,53,31,80,62,62,62,62,45,30,54,54,54,54,54,47,47,22,46,16,80,80,80,80,71,50,50,24,5,15,42,39,30,0],"gold":170,"neow_bonus":"BOSS_RELIC","is_prod":false,"is_daily":false,"chose_seed":false,"campfire_upgraded":1,"win_rate":0.0,"timestamp":1560421500,"path_taken":["M","M","?","?","?","E","M","$","T","E","M","E","$","M","R","BOSS","M","?","?","$","?","E","R","M","T","R","?","E","?","E","R","BOSS","M","$","?","M","M","E","M","M","T","R","M","M","?"],"build_version":"2019-01-23","purchased_purges":1,"victory":false,"max_hp_per_floor":[80,80,80,80,80,80,80,80,80,80,80,80,80,80,80,80,80,80,80,80,80,80,80,80,80,80,80,80,80,80,80,80,80,80,80,80,80,80,80,80,80,80,90,90,90,90,90],"card_choices":[{"not_picked":["Clash","Headbutt"],"picked":"Disarm","floor":1},{"not_picked":["Battle Trance","Dropkick"],"picked":"Shrug It Off","floor":2},{"not_picked":["Clash","Dual Wield"],"picked":"Rampage","floor":4},{"not_picked":["Iron Wave","Clash"],"picked":"Cleave","floor":6},{"not_picked":["Sword Boomerang","Pommel Strike"],"picked":"Carnage","floor":7},{"not_picked":["Headbutt","Feed"],"picked":"Thunderclap","floor":10},{"not_picked":["Body Slam","Hemokinesis"],"picked":"Cleave","floor":11},{"not_picked":["Rampage","Infernal Blade"],"picked":"Ghostly Armor","floor":12},{"not_picked":["Iron Wave","Twin Strike"],"picked":"Rampage","floor":14},{"not_picked":["Offering","Impervious"],"picked":"Bludgeon","floor":16},{"not_picked":["Sword Boomerang","Iron Wave"],"picked":"Ghostly Armor","floor":18},{"not_picked":["Disarm","Shrug It Off"],"picked":"Warcry+1","floor":22},{"not_picked":["Bloodletting","Warcry+1"],"picked":"Twin Strike+1","floor":23},{"not_picked":["Perfected Strike+1","Twin Strike"],"picked":"True Grit","floor":25},{"not_picked":["True Grit","Flex"],"picked":"Bludgeon","floor":29},{"not_picked":["Pummel+1","Intimidate+1"],"picked":"Metallicize","floor":31},{"not_picked":["Bludgeon","Impervious"],"picked":"Double Tap","floor":33},{"not_picked":["Perfected Strike+1","Headbutt+1"],"picked":"Uppercut+1","floor":35},{"not_picked":["Disarm","Thunderclap+1"],"picked":"Feel No Pain","floor":38},{"not_picked":["Headbutt+1","Pommel Strike"],"picked":"Heavy Blade+1","floor":39},{"not_picked":["Seeing Red","Clash+1"],"picked":"Thunderclap+1","floor":40},{"not_picked":["Metallicize","Twin Strike+1"],"picked":"Hemokinesis+1","floor":41},{"not_picked":["Clash","Clothesline"],"picked":"Pommel Strike","floor":42},{"not_picked":["Iron Wave","Pommel Strike"],"picked":"Flex+1","floor":45},{"not_picked":["Power Through+1","Sword Boomerang"],"picked":"Pommel Strike","floor":46}],"player_experience":10219,"relics_obtained":[{"floor":6,"key":"Pen Nib"},{"floor":9,"key":"Mercury Hourglass"},{"floor":10,"key":"Torii"},{"floor":12,"key":"PreservedInsect"},{"floor":23,"key":"Happy Flower"},{"floor":26,"key":"Paper Frog"},{"floor":29,"key":"MawBank"},{"floor":31,"key":"Ancient Tea Set"},{"floor":34,"key":"Anchor"},{"floor":34,"key":"Mummified Hand"},{"floor":34,"key":"Calipers"},{"floor":40,"key":"Boot"},{"floor":43,"key":"Pear"}],"event_choices":[{"cards_removed":["Strike_R"],"damage_healed":0,"gold_gain":0,"player_choice":"Purged","damage_taken":0,"max_hp_gain":0,"max_hp_loss":0,"event_name":"Purifier","floor":3,"gold_loss":0},{"damage_healed":0,"gold_gain":0,"cards_transformed":["Defend_R"],"player_choice":"Change","damage_taken":0,"max_hp_gain":0,"max_hp_loss":0,"event_name":"Living Wall","floor":5,"gold_loss":0,"cards_obtained":["Uppercut"]},{"damage_healed":0,"gold_gain":0,"player_choice":"Simplicity","damage_taken":0,"max_hp_gain":0,"max_hp_loss":0,"event_name":"Back to Basics","floor":19,"gold_loss":0,"cards_upgraded":["Strike_R","Strike_R","Strike_R","Strike_R","Defend_R","Defend_R","Defend_R"]},{"cards_removed":["Strike_R"],"damage_healed":0,"gold_gain":0,"player_choice":"Offered Basic","damage_taken":0,"max_hp_gain":0,"max_hp_loss":0,"event_name":"Bonfire Elementals","floor":20,"gold_loss":0},{"cards_removed":["Iron Wave"],"damage_healed":0,"gold_gain":0,"player_choice":"Took Card","damage_taken":0,"max_hp_gain":0,"max_hp_loss":0,"event_name":"NoteForYourself","floor":28,"gold_loss":0,"cards_obtained":["Iron Wave"]},{"cards_removed":["Fire Breathing"],"damage_healed":0,"gold_gain":0,"player_choice":"Removed Power","damage_taken":0,"max_hp_gain":0,"max_hp_loss":0,"event_name":"Falling","floor":37,"gold_loss":0},{"damage_healed":0,"gold_gain":0,"player_choice":"Fight","damage_taken":0,"max_hp_gain":0,"max_hp_loss":0,"event_name":"Mysterious Sphere","floor":47,"gold_loss":0}],"is_beta":false,"boss_relics":[{"not_picked":["Coffee Dripper","Ectoplasm"],"picked":"Cursed Key"},{"not_picked":["Orrery","Snecko Eye"],"picked":"Calling Bell"}],"items_purged_floors":[30],"is_endless":false,"potions_floor_spawned":[1,7,10,11,12,16,22,29,31,35,39,42,45],"killed_by":"2 Orb Walkers","ascension_level":0}