{"gold_per_floor":[109,119,194,194,42,61,80,105,105,105,115,83,83,96,96,96],"floor_reached":16,"playtime":1205,"items_purged":[],"score":120,"play_id":"1a90be46-4587-4a6d-8dd6-7fe35fdd53d0","local_time":"20190428131951","is_ascension_mode":true,"campfire_choices":[{"floor":10,"key":"REST"},{"floor":13,"key":"REST"},{"data":"Footwork","floor":15,"key":"SMITH"}],"neow_cost":"NONE","seed_source_timestamp":74097640926999,"circlet_count":0,"master_deck":["Defend_G","Defend_G","Defend_G","Defend_G","Defend_G","Strike_G","Strike_G","Strike_G","Strike_G","Strike_G","Survivor","Neutralize","Backflip","Cloak And Dagger","Footwork+1","Backstab","Leg Sweep"],"relics":["Ring of the Snake","Bottled Flame","Anchor","Ninja Scroll"],"potions_floor_usage":[16,16,16,16,16],"damage_taken":[{"damage":0,"enemies":"Jaw Worm","floor":1,"turns":6},{"damage":5,"enemies":"Small Slimes","floor":2,"turns":4},{"damage":0,"enemies":"Cultist","floor":6,"turns":4},{"damage":0,"enemies":"Blue Slaver","floor":7,"turns":4},{"damage":45,"enemies":"Gremlin Nob","floor":8,"turns":6},{"damage":0,"enemies":"Looter","floor":11,"turns":3},{"damage":0,"enemies":"Exordium Thugs","floor":12,"turns":5},{"damage":0,"enemies":"Blue Slaver","floor":14,"turns":4},{"damage":65,"enemies":"Hexaghost","floor":16,"turns":23}],"seed_played":"-1051501263985685745","potions_obtained":[{"floor":8,"key":"EntropicBrew"},{"floor":11,"key":"LiquidBronze"},{"floor":12,"key":"Swift Potion"},{"floor":14,"key":"Swift Potion"}],"is_trial":false,"path_per_floor":["M","M","?","T","$","M","M","E","T","R","M","M","R","M","R","B"],"character_chosen":"THE_SILENT","items_purchased":["Footwork","Backstab"],"campfire_rested":2,"item_purchase_floors":[5,5],"current_hp_per_floor":[77,72,61,61,61,61,61,16,16,39,39,39,62,62,62,0],"gold":96,"neow_bonus":"TEN_PERCENT_HP_BONUS","is_prod":false,"is_daily":false,"chose_seed":false,"campfire_upgraded":1,"win_rate":0,"timestamp":1556471991,"path_taken":["M","M","?","?","$","M","M","E","T","R","M","M","R","?","R","BOSS"],"build_version":"2019-01-23","purchased_purges":0,"victory":false,"max_hp_per_floor":[77,77,77,77,77,77,77,77,77,77,77,77,77,77,77,77],"card_choices":[{"not_picked":["Cloak And Dagger","Deadly Poison"],"picked":"Backflip","floor":1},{"not_picked":["Poisoned Stab","Masterful Stab"],"picked":"Cloak And Dagger","floor":2},{"not_picked":["Unload","Sucker Punch","Riddle With Holes"],"picked":"SKIP","floor":6},{"not_picked":["Outmaneuver","Quick Slash","Flying Knee"],"picked":"SKIP","floor":7},{"not_picked":["Sucker Punch","Acrobatics","Masterful Stab"],"picked":"SKIP","floor":8},{"not_picked":["Dagger Spray","Crippling Poison","Outmaneuver"],"picked":"SKIP","floor":11},{"not_picked":["Corpse Explosion","Quick Slash","Acrobatics"],"picked":"SKIP","floor":12},{"not_picked":["Dagger Spray","Flying Knee"],"picked":"Leg Sweep","floor":14}],"player_experience":182680,"relics_obtained":[{"floor":4,"key":"Bottled Flame"},{"floor":8,"key":"Anchor"},{"floor":9,"key":"Ninja Scroll"}],"event_choices":[{"damage_healed":0,"gold_gain":75,"player_choice":"Gather Gold","damage_taken":11,"max_hp_gain":0,"max_hp_loss":0,"event_name":"World of Goop","floor":3,"gold_loss":0}],"is_beta":false,"boss_relics":[],"items_purged_floors":[],"is_endless":false,"potions_floor_spawned":[8,11,12,14],"killed_by":"Hexaghost","ascension_level":3}