{"gold_per_floor":[119,134,134,99,42,42,72,20,20,51,51,51,51,67,67,146,146,162,180,196,23,38,38,38,38,65,65,75,91,91],"floor_reached":30,"playtime":881,"items_purged":["Strike_B"],"score":476,"play_id":"d965d264-4e43-423e-94bc-d9d1492afb0c","local_time":"20181129174014","is_ascension_mode":true,"campfire_choices":[{"data":"Zap","floor":6.0,"key":"SMITH"},{"floor":11.0,"key":"REST"},{"data":"Self Repair","floor":13.0,"key":"SMITH"},{"data":"Sweeping Beam","floor":15.0,"key":"SMITH"},{"data":"Discovery","floor":23,"key":"SMITH"},{"data":"Hologram","floor":25,"key":"SMITH"},{"data":"Go for the Eyes","floor":27,"key":"SMITH"}],"neow_cost":"PERCENT_DAMAGE","seed_source_timestamp":362038872647540,"circlet_count":0,"master_deck":["AscendersBane","Strike_B","Defend_B","Defend_B","Defend_B","Defend_B","Zap+1","Dualcast+1","Core Surge+1","Sweeping Beam+1","Cold Snap","Self Repair+1","Ball Lightning","Ball Lightning","All For One","Steam","Double Energy+1","Go for the Eyes+1","Discovery+1","Hologram+1","Electrodynamics","Go for the Eyes","Capacitor"],"special_seed":0,"relics":["Cracked Core","Mercury Hourglass","Sundial","Blue Candle","Philosopher\u0027s Stone","Potion Belt"],"potions_floor_usage":[20,28],"damage_taken":[{"damage":3.0,"enemies":"Small Slimes","floor":1.0,"turns":3.0},{"damage":4.0,"enemies":"Jaw Worm","floor":2.0,"turns":4.0},{"damage":27.0,"enemies":"3 Sentries","floor":7.0,"turns":7.0},{"damage":6.0,"enemies":"Gremlin Nob","floor":10.0,"turns":3.0},{"damage":0.0,"enemies":"2 Louse","floor":14.0,"turns":3.0},{"damage":19.0,"enemies":"Slime Boss","floor":16.0,"turns":8.0},{"damage":41.0,"enemies":"Shell Parasite","floor":18.0,"turns":4.0},{"damage":10,"enemies":"Spheric Guardian","floor":19,"turns":3},{"damage":26,"enemies":"Snake Plant","floor":20,"turns":3},{"damage":5,"enemies":"Snecko","floor":22,"turns":4},{"damage":36,"enemies":"Centurion and Healer","floor":28,"turns":5},{"damage":0,"enemies":"3 Cultists","floor":29,"turns":2},{"damage":22,"enemies":"Gremlin Leader","floor":30,"turns":4}],"seed_played":"8461860419288909328","potions_obtained":[{"floor":10.0,"key":"Regen Potion"},{"floor":14.0,"key":"Swift Potion"},{"floor":16.0,"key":"Dexterity Potion"},{"floor":19,"key":"Weak Potion"},{"floor":22,"key":"Regen Potion"}],"is_trial":false,"path_per_floor":["M","M","?","?","$","R","E","$","T","E","R","?","R","M","R","B",null,"M","M","M","M","$","M","R","?","R","T","R","M","M","E"],"character_chosen":"DEFECT","items_purchased":["Cold Snap","Ball Lightning","Discovery"],"campfire_rested":1,"item_purchase_floors":[5,8,21],"current_hp_per_floor":[43,39,18,35,35,35,8,8,8,2,23,16,16,16,16,22,59,28,28,12,12,27,27,27,27,27,27,15,15,0],"gold":91,"neow_bonus":"THREE_RARE_CARDS","is_prod":false,"is_daily":false,"chose_seed":false,"campfire_upgraded":6,"win_rate":0,"timestamp":1543531214,"path_taken":["M","M","?","?","?","R","E","$","T","E","R","?","R","M","R","BOSS","M","M","M","$","M","R","?","R","T","R","?","M","E"],"build_version":"2018-11-15","purchased_purges":1,"victory":false,"max_hp_per_floor":[71,71,71,71,71,71,71,71,71,71,71,71,71,71,71,71,71,71,71,71,71,71,71,71,71,71,71,71,71,71],"card_choices":[{"not_picked":["Rainbow","Echo Form"],"picked":"Core Surge","floor":0.0},{"not_picked":["Stack","Barrage","Redo"],"picked":"SKIP","floor":1.0},{"not_picked":["Capacitor","Reprogram"],"picked":"Sweeping Beam","floor":2.0},{"not_picked":["Chill","Lockon"],"picked":"Self Repair","floor":7.0},{"not_picked":["Conserve Battery","BootSequence"],"picked":"Ball Lightning","floor":10.0},{"not_picked":["Gash","Force Field","Rebound"],"picked":"SKIP","floor":14.0},{"not_picked":["Rainbow","Seek"],"picked":"All For One","floor":16.0},{"not_picked":["Conserve Battery","Ball Lightning"],"picked":"Steam","floor":18},{"not_picked":["Chill","Self Repair"],"picked":"Double Energy+1","floor":19},{"not_picked":["Steam","Tempest"],"picked":"Go for the Eyes","floor":20},{"not_picked":["Machine Learning","Stack"],"picked":"Hologram","floor":22},{"not_picked":["Sweeping Beam","Melter"],"picked":"Go for the Eyes","floor":28},{"not_picked":["Rebound","Streamline"],"picked":"Capacitor","floor":29}],"player_experience":1205018,"relics_obtained":[{"floor":7.0,"key":"Mercury Hourglass"},{"floor":9.0,"key":"Sundial"},{"floor":10.0,"key":"Blue Candle"},{"floor":26,"key":"Potion Belt"}],"event_choices":[{"damage_healed":0.0,"max_hp_gain":0.0,"max_hp_loss":0.0,"gold_gain":0.0,"event_name":"Shining Light","player_choice":"Entered Light","floor":3.0,"gold_loss":0.0,"damage_taken":21.0,"cards_upgraded":["Dualcast","Core Surge"]},{"damage_healed":17.0,"max_hp_gain":0.0,"max_hp_loss":0.0,"gold_gain":0.0,"event_name":"The Cleric","player_choice":"Healed","floor":4.0,"gold_loss":35.0,"damage_taken":0.0},{"cards_removed":["Strike_B"],"damage_healed":0.0,"max_hp_gain":0.0,"max_hp_loss":0.0,"gold_gain":0.0,"event_name":"Golden Wing","player_choice":"Card Removal","floor":12.0,"gold_loss":0.0,"damage_taken":7.0},{"damage_healed":0,"gold_gain":0,"cards_transformed":["Strike_B"],"player_choice":"Transformed","damage_taken":0,"max_hp_gain":0,"max_hp_loss":0,"event_name":"Transmorgrifier","floor":24,"gold_loss":0,"cards_obtained":["Electrodynamics"]}],"is_beta":false,"boss_relics":[{"not_picked":["Runic Dome","White Beast Statue"],"picked":"Philosopher\u0027s Stone"}],"items_purged_floors":[21],"is_endless":false,"potions_floor_spawned":[10,14,16,19,22],"killed_by":"Gremlin Leader","ascension_level":20}