{"gold_per_floor":[115,115,130,89,112,150,163,163,216,216,216,269,281,312,324,467,479,486,513,161,161,24,24,64,64,64,64,77,176,176,209,209,337,337,361,74,90,45,65,98,98,119,119,119,119,133,133,152,152,152,152,152,79,112,112],"floor_reached":56,"playtime":3378,"items_purged":["Strike_B","Strike_B+1","Strike_B+1"],"score":1817,"play_id":"9ddf4438-15a2-4a41-87f4-52921dc27395","local_time":"20190612185952","is_ascension_mode":true,"campfire_choices":[{"data":"Zap","floor":8,"key":"SMITH"},{"data":"Darkness","floor":10,"key":"SMITH"},{"floor":13,"key":"REST"},{"data":"Capacitor","floor":15,"key":"SMITH"},{"floor":23,"key":"REST"},{"data":"Consume","floor":25,"key":"SMITH"},{"data":"Redo","floor":27,"key":"SMITH"},{"data":"Seek","floor":32,"key":"SMITH"},{"floor":41,"key":"RECALL"},{"data":"Hologram","floor":44,"key":"SMITH"},{"data":"Dualcast","floor":47,"key":"SMITH"},{"data":"Machine Learning","floor":49,"key":"SMITH"},{"data":"Conserve Battery","floor":52,"key":"SMITH"}],"neow_cost":"NONE","seed_source_timestamp":129114140139369,"circlet_count":0,"master_deck":["AscendersBane","Defend_B+1","Defend_B+1","Defend_B+1","Defend_B+1","Zap+1","Dualcast+1","BootSequence","Conserve Battery+1","Glacier","BootSequence","Darkness+1","Capacitor+1","Machine Learning+1","Redo+1","Consume+1","Self Repair","Biased Cognition+1","Seek+1","Buffer+1","Coolheaded+1","Electrodynamics+1","Hologram+1","Compile Driver+1","Undo+1","Capacitor+1","Static Discharge+1","Seek"],"relics":["Cracked Core","Regal Pillow","Golden Idol","Kunai","Omamori","MawBank","Incense Burner","Sozu","Bird Faced Urn","Molten Egg 2","Frozen Egg 2","Thread and Needle","Velvet Choker","Bronze Scales","Sundial"],"potions_floor_usage":[6,6,12],"damage_taken":[{"damage":3,"enemies":"2 Louse","floor":1,"turns":2},{"damage":1,"enemies":"Small Slimes","floor":3,"turns":4},{"damage":0,"enemies":"Jaw Worm","floor":5,"turns":4},{"damage":5,"enemies":"3 Sentries","floor":6,"turns":10},{"damage":1,"enemies":"2 Fungi Beasts","floor":7,"turns":5},{"damage":5,"enemies":"Lagavulin","floor":12,"turns":6},{"damage":5,"enemies":"Lots of Slimes","floor":14,"turns":6},{"damage":33,"enemies":"Hexaghost","floor":16,"turns":13},{"damage":6,"enemies":"2 Thieves","floor":18,"turns":4},{"damage":20,"enemies":"Spheric Guardian","floor":19,"turns":7},{"damage":43,"enemies":"Gremlin Leader","floor":24,"turns":11},{"damage":11,"enemies":"Snecko","floor":28,"turns":7},{"damage":10,"enemies":"Book of Stabbing","floor":31,"turns":6},{"damage":7,"enemies":"Champ","floor":33,"turns":12},{"damage":0,"enemies":"3 Shapes","floor":35,"turns":9},{"damage":7,"enemies":"3 Darklings","floor":37,"turns":5},{"damage":0,"enemies":"Transient","floor":39,"turns":5},{"damage":22,"enemies":"Reptomancer","floor":40,"turns":8},{"damage":0,"enemies":"Maw","floor":42,"turns":7},{"damage":0,"enemies":"3 Darklings","floor":46,"turns":4},{"damage":0,"enemies":"Writhing Mass","floor":48,"turns":6},{"damage":2,"enemies":"Donu and Deca","floor":50,"turns":8},{"damage":0,"enemies":"Shield and Spear","floor":54,"turns":6},{"damage":80,"enemies":"The Heart","floor":55,"turns":11}],"seed_played":"-89998831512866735","potions_obtained":[{"floor":3,"key":"Fire Potion"},{"floor":5,"key":"EssenceOfSteel"},{"floor":6,"key":"PowerPotion"}],"is_trial":false,"path_per_floor":["M","?","M","?","M","E","M","R","T","R","?","E","R","M","R","B",null,"M","M","$","?","$","R","E","R","T","R","M","?","?","E","R","B",null,"M","$","M","$","M","E","R","M","T","R","?","M","R","M","R","B",null,"R","$","E","B",null],"character_chosen":"DEFECT","items_purchased":["Bird Faced Urn","Self Repair","Electrodynamics+1","Hologram","Static Discharge+1"],"campfire_rested":2,"item_purchase_floors":[20,22,36,38,53],"current_hp_per_floor":[65,47,46,46,46,41,40,40,40,40,22,17,54,49,49,16,60,54,34,34,34,34,71,39,39,39,39,43,43,43,48,48,56,70,75,75,75,75,75,68,68,75,75,75,75,75,75,75,75,75,75,75,75,75,16],"gold":112,"neow_bonus":"RANDOM_COMMON_RELIC","is_prod":false,"is_daily":false,"chose_seed":false,"campfire_upgraded":10,"win_rate":0,"timestamp":1560380392,"path_taken":["M","?","M","?","M","E","M","R","T","R","?","E","R","M","R","BOSS","M","M","$","?","$","R","E","R","T","R","M","?","?","E","R","BOSS","M","$","M","$","?","E","R","M","T","R","?","M","R","?","R","BOSS","R","$","E","BOSS"],"build_version":"2019-01-23","purchased_purges":3,"victory":true,"max_hp_per_floor":[75,75,75,75,75,75,75,75,75,75,75,75,75,75,75,75,75,75,75,75,75,75,75,75,75,75,75,75,75,75,75,75,75,75,75,75,75,75,75,75,75,75,75,75,75,75,75,75,75,75,75,75,75,75,75],"card_choices":[{"not_picked":["Conserve Battery","Melter"],"picked":"BootSequence","floor":1},{"not_picked":["Hologram","Go for the Eyes"],"picked":"Conserve Battery","floor":3},{"not_picked":["Compile Driver","Steam"],"picked":"Glacier","floor":5},{"not_picked":["Meteor Strike","Stack"],"picked":"BootSequence","floor":6},{"not_picked":["Hologram","Steam"],"picked":"Darkness","floor":7},{"not_picked":["Go for the Eyes","Rip and Tear","Beam Cell"],"picked":"SKIP","floor":12},{"not_picked":["Turbo","Cold Snap"],"picked":"Capacitor","floor":14},{"not_picked":["Meteor Strike","Amplify"],"picked":"Machine Learning","floor":16},{"not_picked":["Stack+1","FTL"],"picked":"Redo","floor":18},{"not_picked":["Leap","Glacier"],"picked":"Consume","floor":19},{"not_picked":["Self Repair","Chill"],"picked":"Biased Cognition","floor":24},{"not_picked":["Stack","Ball Lightning+1","Streamline+1"],"picked":"SKIP","floor":28},{"not_picked":["Sweeping Beam+1","Hello World+1"],"picked":"Seek","floor":31},{"not_picked":["Reboot","Biased Cognition+1"],"picked":"Buffer+1","floor":33},{"not_picked":["Barrage+1","Auto Shields+1"],"picked":"Coolheaded+1","floor":35},{"not_picked":["Stack","White Noise","Leap"],"picked":"SKIP","floor":37},{"not_picked":["Sweeping Beam+1","Reprogram+1"],"picked":"Compile Driver+1","floor":39},{"not_picked":["Conserve Battery","Stack+1"],"picked":"Undo+1","floor":40},{"not_picked":["Streamline+1","Melter+1","Doom and Gloom+1"],"picked":"SKIP","floor":42},{"not_picked":["Cold Snap+1","Sweeping Beam+1","Skim"],"picked":"SKIP","floor":46},{"not_picked":["Loop+1","Gash+1"],"picked":"Capacitor+1","floor":48},{"not_picked":["Streamline+1","Conserve Battery"],"picked":"Seek","floor":54}],"player_experience":410376,"relics_obtained":[{"floor":6,"key":"Kunai"},{"floor":9,"key":"Omamori"},{"floor":12,"key":"Incense Burner"},{"floor":24,"key":"Molten Egg 2"},{"floor":26,"key":"Frozen Egg 2"},{"floor":31,"key":"Thread and Needle"},{"floor":40,"key":"Bronze Scales"},{"floor":54,"key":"Sundial"}],"event_choices":[{"damage_healed":0,"gold_gain":0,"player_choice":"Take Damage","damage_taken":18,"relics_obtained":["Golden Idol"],"max_hp_gain":0,"max_hp_loss":0,"event_name":"Golden Idol","floor":2,"gold_loss":0},{"damage_healed":0,"gold_gain":0,"player_choice":"Left Gold","damage_taken":0,"max_hp_gain":0,"max_hp_loss":0,"event_name":"World of Goop","floor":4,"gold_loss":41},{"damage_healed":0,"gold_gain":0,"player_choice":"Success","damage_taken":18,"relics_obtained":["MawBank"],"max_hp_gain":0,"max_hp_loss":0,"event_name":"Scrap Ooze","floor":11,"gold_loss":0},{"damage_healed":0,"gold_gain":0,"player_choice":"Simplicity","damage_taken":0,"max_hp_gain":0,"max_hp_loss":0,"event_name":"Back to Basics","floor":21,"gold_loss":0,"cards_upgraded":["Strike_B","Strike_B","Strike_B","Defend_B","Defend_B","Defend_B","Defend_B"]},{"damage_healed":0,"gold_gain":99,"player_choice":"Stole From Cult","damage_taken":0,"max_hp_gain":0,"max_hp_loss":0,"event_name":"Nest","floor":29,"gold_loss":0},{"cards_removed":["Strike_B"],"damage_healed":0,"gold_gain":0,"player_choice":"Purged","damage_taken":0,"max_hp_gain":0,"max_hp_loss":0,"event_name":"Purifier","floor":30,"gold_loss":0},{"damage_healed":0,"gold_gain":0,"player_choice":"Upgraded","damage_taken":0,"max_hp_gain":0,"max_hp_loss":0,"event_name":"Upgrade Shrine","floor":45,"gold_loss":0,"cards_upgraded":["Biased Cognition"]}],"is_beta":false,"boss_relics":[{"not_picked":["Black Star","Tiny House"],"picked":"Sozu"},{"not_picked":["Empty Cage","Eternal Feather"],"picked":"Velvet Choker"}],"items_purged_floors":[20,22,36],"is_endless":false,"potions_floor_spawned":[3,5,6,18,19,33,35,37,39,42,48],"ascension_level":12}