{"gold_per_floor":[110,60,79,97,97,97,425,425,452,14,32,62,72,104,104,202,202,169,187,187,204,204,237,237,152,152,167,19,19,19,33,33,136,136,152,166,90,0,0,11,11,111,163,198,198,198,198,209,209,209,209,209,10,41,41],"floor_reached":55,"playtime":4171,"items_purged":["Defend_G"],"score":1077,"play_id":"717736a4-4742-4422-ac60-ea1c0614bd7f","local_time":"20190606073901","is_ascension_mode":true,"campfire_choices":[{"data":"Neutralize","floor":6.0,"key":"SMITH"},{"data":"Survivor","floor":8.0,"key":"SMITH"},{"floor":15.0,"key":"REST"},{"floor":24.0,"key":"REST"},{"floor":29.0,"key":"REST"},{"floor":32.0,"key":"REST"},{"floor":41.0,"key":"REST"},{"floor":45,"key":"RECALL"},{"floor":47,"key":"DIG"},{"floor":49,"key":"DIG"},{"floor":52,"key":"DIG"}],"neow_cost":"NONE","seed_source_timestamp":0,"circlet_count":0,"master_deck":["Defend_G","Defend_G","Defend_G","Defend_G","Strike_G","Strike_G+1","Survivor+1","Neutralize+1","Cloak And Dagger","Deadly Poison","Deflect","Backflip","Flash of Steel","Blur","Backflip","Malaise+1","Die Die Die+1","After Image+1","Terror","Catalyst+1","Noxious Fumes+1","RitualDagger","Backflip+1","Accuracy+1","Infinite Blades+1","Envenom+1","Infinite Blades+1","Quick Slash+1","Malaise+1","Blade Dance+1","Noxious Fumes+1","Escape Plan+1","Dagger Spray+1","Deadly Poison+1"],"special_seed":0,"relics":["Ring of the Snake","Anchor","Ancient Tea Set","Old Coin","Happy Flower","Ninja Scroll","Shovel","Frozen Egg 2","Philosopher\u0027s Stone","Bottled Flame","Blue Candle","Singing Bowl","Astrolabe","Red Mask","Unceasing Top","Strawberry","Paper Crane","Gremlin Horn","Bottled Lightning","Pantograph","Whetstone","Letter Opener"],"potions_floor_usage":[54,54,54],"damage_taken":[{"damage":0.0,"enemies":"2 Louse","floor":1.0,"turns":2.0},{"damage":0.0,"enemies":"Jaw Worm","floor":3.0,"turns":6.0},{"damage":0.0,"enemies":"Small Slimes","floor":4.0,"turns":5.0},{"damage":15.0,"enemies":"Lagavulin","floor":7.0,"turns":8.0},{"damage":0.0,"enemies":"Looter","floor":11.0,"turns":3.0},{"damage":7.0,"enemies":"3 Sentries","floor":12.0,"turns":13.0},{"damage":0.0,"enemies":"2 Fungi Beasts","floor":13.0,"turns":3.0},{"damage":14.0,"enemies":"Lagavulin","floor":14.0,"turns":11.0},{"damage":22.0,"enemies":"Slime Boss","floor":16.0,"turns":18.0},{"damage":6.0,"enemies":"2 Thieves","floor":18.0,"turns":5.0},{"damage":0.0,"enemies":"Shell Parasite","floor":19.0,"turns":5.0},{"damage":0.0,"enemies":"Centurion and Healer","floor":21.0,"turns":11.0},{"damage":44.0,"enemies":"Book of Stabbing","floor":23.0,"turns":7.0},{"damage":2.0,"enemies":"3 Cultists","floor":27.0,"turns":6.0},{"damage":0.0,"enemies":"Snake Plant","floor":31.0,"turns":7.0},{"damage":19.0,"enemies":"Automaton","floor":33.0,"turns":10.0},{"damage":6.0,"enemies":"3 Shapes","floor":35.0,"turns":7.0},{"damage":36.0,"enemies":"3 Darklings","floor":36.0,"turns":6.0},{"damage":2.0,"enemies":"Writhing Mass","floor":40.0,"turns":6.0},{"damage":0,"enemies":"Mind Bloom Boss Battle","floor":42,"turns":7},{"damage":0,"enemies":"Reptomancer","floor":44,"turns":6},{"damage":0,"enemies":"Maw","floor":48,"turns":5},{"damage":28,"enemies":"Time Eater","floor":50,"turns":11},{"damage":40,"enemies":"Shield and Spear","floor":54,"turns":7},{"damage":63,"enemies":"The Heart","floor":55,"turns":5}],"seed_played":"3995299854981106529","potions_obtained":[{"floor":3.0,"key":"Dexterity Potion"},{"floor":11.0,"key":"Block Potion"},{"floor":12.0,"key":"Explosive Potion"},{"floor":13.0,"key":"Ancient Potion"},{"floor":14.0,"key":"EssenceOfSteel"},{"floor":19.0,"key":"FearPotion"},{"floor":23.0,"key":"AttackPotion"},{"floor":31.0,"key":"Regen Potion"},{"floor":36.0,"key":"Swift Potion"}],"is_trial":false,"path_per_floor":["M","?","M","M","?","R","E","R","T","$","M","E","M","E","R","B",null,"M","M","?","M","?","E","R","?","T","M","$","R","$","M","R","B",null,"M","M","$","?","?","M","R","?","T","E","R","T","R","M","R","B",null,"R","$","E","B"],"character_chosen":"THE_SILENT","items_purchased":["Backflip","Ninja Scroll","Flash of Steel","Blur","Accuracy+1","Noxious Fumes+1","Whetstone","SkillPotion"],"campfire_rested":5,"item_purchase_floors":[10,10,10,10,28,37,53,53],"current_hp_per_floor":[63,63,63,63,60,60,45,45,45,45,45,38,38,24,45,23,58,52,52,52,52,46,2,23,23,23,23,23,44,44,44,65,53,67,63,27,27,27,27,27,49,49,49,56,56,56,56,56,56,28,69,69,69,31,0],"gold":41,"neow_bonus":"RANDOM_COMMON_RELIC","is_prod":false,"is_daily":false,"chose_seed":false,"campfire_upgraded":2,"win_rate":0,"timestamp":1559821141,"path_taken":["M","?","M","M","?","R","E","R","T","$","M","E","M","E","R","BOSS","M","M","?","M","?","E","R","?","T","M","$","R","$","M","R","BOSS","M","M","$","?","?","?","R","?","T","E","R","?","R","M","R","BOSS","R","$","E","BOSS"],"build_version":"2019-01-23","purchased_purges":1,"victory":false,"max_hp_per_floor":[70,70,70,70,70,70,70,70,70,70,70,70,70,70,70,70,70,70,70,70,70,70,70,70,70,70,72,72,72,72,72,72,72,72,74,74,74,74,74,76,76,76,76,83,83,83,83,83,83,83,83,83,83,85,85],"card_choices":[{"not_picked":["Tactician","Flechettes"],"picked":"Cloak And Dagger","floor":1.0},{"not_picked":["Bane","Blade Dance","Prepared"],"picked":"SKIP","floor":3.0},{"not_picked":["Deflect","Poisoned Stab"],"picked":"Deadly Poison","floor":4.0},{"not_picked":["Flying Knee","Underhanded Strike"],"picked":"Deflect","floor":7.0},{"not_picked":["Riddle With Holes","Deadly Poison"],"picked":"Backflip","floor":11.0},{"not_picked":["Choke","Flying Knee"],"picked":"Malaise","floor":12.0},{"not_picked":["Acrobatics","Calculated Gamble"],"picked":"Infinite Blades","floor":13.0},{"not_picked":["Bane","Outmaneuver"],"picked":"Die Die Die","floor":14.0},{"not_picked":["Die Die Die","Wraith Form v2+1"],"picked":"After Image+1","floor":16.0},{"not_picked":["Prepared","Backflip"],"picked":"Terror","floor":18.0},{"not_picked":["Deflect","Underhanded Strike"],"picked":"Catalyst+1","floor":19.0},{"not_picked":["Endless Agony","Dagger Throw"],"picked":"Noxious Fumes+1","floor":21.0},{"not_picked":["Backstab","Outmaneuver+1"],"picked":"Backflip+1","floor":23.0},{"not_picked":["Eviscerate","Catalyst","PiercingWail"],"picked":"Singing Bowl","floor":27.0},{"not_picked":["Distraction","Cloak And Dagger"],"picked":"Infinite Blades+1","floor":31.0},{"not_picked":["Grand Finale","Die Die Die"],"picked":"Envenom+1","floor":33.0},{"not_picked":["Underhanded Strike","Expertise","Flying Knee"],"picked":"Singing Bowl","floor":35.0},{"not_picked":["Catalyst","Setup+1"],"picked":"Blade Dance+1","floor":36.0},{"not_picked":["Leg Sweep","Flechettes+1","Concentrate"],"picked":"Singing Bowl","floor":40.0},{"not_picked":["Quick Slash","Acrobatics+1"],"picked":"Escape Plan+1","floor":42},{"not_picked":["Cloak And Dagger+1","After Image+1"],"picked":"Dagger Spray+1","floor":44},{"not_picked":["Bouncing Flask","Poisoned Stab+1"],"picked":"Deadly Poison+1","floor":48},{"not_picked":["Quick Slash","Expertise+1","Poisoned Stab+1"],"picked":"Singing Bowl","floor":54}],"player_experience":382416,"relics_obtained":[{"floor":7.0,"key":"Old Coin"},{"floor":9.0,"key":"Happy Flower"},{"floor":12.0,"key":"Shovel"},{"floor":14.0,"key":"Frozen Egg 2"},{"floor":23.0,"key":"Bottled Flame"},{"floor":26.0,"key":"Singing Bowl"},{"floor":42,"key":"Unceasing Top"},{"floor":44,"key":"Strawberry"},{"floor":46,"key":"Paper Crane"},{"floor":47,"key":"Gremlin Horn"},{"floor":49,"key":"Bottled Lightning"},{"floor":52,"key":"Pantograph"},{"floor":54,"key":"Letter Opener"}],"event_choices":[{"cards_removed":["Strike_G"],"damage_healed":0.0,"max_hp_gain":0.0,"max_hp_loss":0.0,"gold_gain":0.0,"event_name":"The Cleric","player_choice":"Card Removal","floor":2.0,"gold_loss":50.0,"damage_taken":0.0},{"damage_healed":0.0,"max_hp_gain":0.0,"max_hp_loss":0.0,"gold_gain":0.0,"event_name":"Scrap Ooze","player_choice":"Success","floor":5.0,"gold_loss":0.0,"damage_taken":3.0,"relics_obtained":["Ancient Tea Set"]},{"damage_healed":0.0,"max_hp_gain":0.0,"max_hp_loss":0.0,"gold_gain":0.0,"event_name":"Ghosts","player_choice":"Ignored","floor":20.0,"gold_loss":0.0,"damage_taken":0.0},{"damage_healed":0.0,"max_hp_gain":0.0,"max_hp_loss":0.0,"gold_gain":0.0,"event_name":"Nest","player_choice":"Joined the Cult","floor":22.0,"gold_loss":0.0,"damage_taken":6.0,"cards_obtained":["RitualDagger"]},{"damage_healed":0.0,"max_hp_gain":0.0,"max_hp_loss":0.0,"gold_gain":0.0,"event_name":"Addict","player_choice":"Obtained Relic","floor":25.0,"gold_loss":85.0,"damage_taken":0.0,"relics_obtained":["Blue Candle"]},{"damage_healed":0.0,"max_hp_gain":0.0,"max_hp_loss":0.0,"gold_gain":0.0,"event_name":"Tomb of Lord Red Mask","player_choice":"Paid","floor":38.0,"gold_loss":90.0,"damage_taken":0.0,"relics_obtained":["Red Mask"]},{"damage_healed":0.0,"max_hp_gain":0.0,"max_hp_loss":0.0,"gold_gain":0.0,"event_name":"Upgrade Shrine","player_choice":"Upgraded","floor":39.0,"gold_loss":0.0,"damage_taken":0.0,"cards_upgraded":["Malaise"]},{"damage_healed":0,"gold_gain":0,"player_choice":"Fight","damage_taken":0,"max_hp_gain":0,"max_hp_loss":0,"event_name":"MindBloom","floor":42,"gold_loss":0}],"is_beta":false,"boss_relics":[{"not_picked":["Busted Crown","Velvet Choker"],"picked":"Philosopher\u0027s Stone"},{"not_picked":["Cursed Key","Tiny House"],"picked":"Astrolabe"}],"items_purged_floors":[28],"is_endless":false,"potions_floor_spawned":[3,11,12,13,14,19,23,31,36],"killed_by":"The Heart","ascension_level":9}