{"gold_per_floor":[112,124,124,137,137,165,165,182,182,357,390,436,436,15,15,118,118,136,136,152,171,191,191,191,226,249,249,261,293,293,307,307,412,412,423,523,1,12,29,59,59,72,117,127,127,137,47,79,79,79,79,79,29,61,61],"floor_reached":55,"playtime":4133,"items_purged":["Doubt","Strike_G+1"],"score":1378,"play_id":"47507260-121b-4e68-8dd5-78147bf57f47","local_time":"20190605085239","is_ascension_mode":true,"campfire_choices":[{"floor":7,"key":"REST"},{"data":"A Thousand Cuts","floor":13,"key":"SMITH"},{"floor":15,"key":"REST"},{"floor":23,"key":"REST"},{"data":"Doppelganger","floor":27,"key":"SMITH"},{"data":"Phantasmal Killer","floor":30,"key":"SMITH"},{"data":"Blade Dance","floor":32,"key":"SMITH"},{"floor":41,"key":"REST"},{"floor":45,"key":"RECALL"},{"floor":49,"key":"REST"},{"data":"Malaise","floor":52,"key":"SMITH"}],"neow_cost":"NONE","seed_source_timestamp":18483784778338,"circlet_count":0,"master_deck":["Defend_G+1","Defend_G","Defend_G","Defend_G","Defend_G","Strike_G+1","Survivor+1","Neutralize","Slice","Slice+1","Neutralize+1","Skewer","A Thousand Cuts+1","Blade Dance+1","Slice","Deflect","Doppelganger+1","Burst+1","Terror+1","Infinite Blades+1","Cloak And Dagger+1","Backstab+1","Phantasmal Killer+1","Distraction+1","Endless Agony","Slice","Doppelganger","PiercingWail+1","Infinite Blades","Well Laid Plans+1","Cloak And Dagger+1","Calculated Gamble+1","Backflip+1","Blade Dance+1","Cloak And Dagger+1","Skewer+1","Malaise+1","Cloak And Dagger+1"],"relics":["WristBlade","Happy Flower","Whetstone","Singing Bowl","Regal Pillow","Lantern","Pen Nib","Astrolabe","MutagenicStrength","Orichalcum","Bag of Preparation","Paper Crane","Orrery","Mango","Chemical X","Bronze Scales","Ancient Tea Set","Centennial Puzzle","War Paint"],"potions_floor_usage":[6,11,16,28,33,33,39,50,55,55],"damage_taken":[{"damage":2,"enemies":"Jaw Worm","floor":1,"turns":5},{"damage":0,"enemies":"Cultist","floor":2,"turns":3},{"damage":5,"enemies":"Small Slimes","floor":4,"turns":3},{"damage":11,"enemies":"Gremlin Nob","floor":6,"turns":3},{"damage":5,"enemies":"Blue Slaver","floor":8,"turns":3},{"damage":19,"enemies":"Lagavulin","floor":11,"turns":8},{"damage":0,"enemies":"Slime Boss","floor":16,"turns":7},{"damage":7,"enemies":"Chosen","floor":18,"turns":3},{"damage":6,"enemies":"Shell Parasite","floor":20,"turns":3},{"damage":2,"enemies":"Snecko","floor":21,"turns":3},{"damage":39,"enemies":"Snake Plant","floor":22,"turns":3},{"damage":0,"enemies":"Gremlin Leader","floor":25,"turns":5},{"damage":6,"enemies":"Centurion and Healer","floor":28,"turns":2},{"damage":16,"enemies":"Book of Stabbing","floor":29,"turns":3},{"damage":1,"enemies":"Cultist and Chosen","floor":31,"turns":3},{"damage":0,"enemies":"Collector","floor":33,"turns":2},{"damage":9,"enemies":"3 Darklings","floor":35,"turns":3},{"damage":0,"enemies":"Mind Bloom Boss Battle","floor":36,"turns":4},{"damage":15,"enemies":"Orb Walker","floor":38,"turns":3},{"damage":27,"enemies":"Writhing Mass","floor":39,"turns":5},{"damage":3,"enemies":"Giant Head","floor":40,"turns":5},{"damage":2,"enemies":"Maw","floor":42,"turns":6},{"damage":2,"enemies":"Jaw Worm Horde","floor":44,"turns":3},{"damage":1,"enemies":"Writhing Mass","floor":46,"turns":3},{"damage":17,"enemies":"Nemesis","floor":48,"turns":3},{"damage":38,"enemies":"Donu and Deca","floor":50,"turns":5},{"damage":41,"enemies":"Shield and Spear","floor":54,"turns":4},{"damage":54,"enemies":"The Heart","floor":55,"turns":6}],"seed_played":"4055004991738452234","potions_obtained":[{"floor":2,"key":"Strength Potion"},{"floor":4,"key":"Fire Potion"},{"floor":6,"key":"Dexterity Potion"},{"floor":8,"key":"SpeedPotion"},{"floor":18,"key":"Dexterity Potion"},{"floor":25,"key":"Block Potion"},{"floor":31,"key":"Poison Potion"},{"floor":33,"key":"Weak Potion"},{"floor":35,"key":"FearPotion"},{"floor":42,"key":"Block Potion"},{"floor":54,"key":"Weak Potion"}],"is_trial":false,"path_per_floor":["M","M","?","M","?","E","R","M","T","?","E","T","R","$","R","B",null,"M","?","M","M","M","R","?","E","T","R","M","E","R","M","R","B",null,"M","?","$","M","M","E","R","M","T","M","R","M","?","E","R","B",null,"R","$","E","B"],"character_chosen":"THE_SILENT","items_purchased":["Lantern","Pen Nib","Deflect","Chemical X","Bronze Scales","GhostInAJar","Strength Potion"],"campfire_rested":5,"item_purchase_floors":[14,14,14,37,37,37,53],"current_hp_per_floor":[61,61,61,56,42,31,52,47,47,47,28,28,28,28,64,64,69,62,80,74,74,37,77,77,77,77,77,71,55,55,54,54,54,83,74,88,88,73,46,45,91,89,89,87,87,86,86,69,103,65,94,94,94,53,0],"gold":61,"neow_bonus":"BOSS_RELIC","is_prod":false,"is_daily":false,"chose_seed":false,"campfire_upgraded":5,"win_rate":0,"timestamp":1559739159,"path_taken":["M","M","?","?","?","E","R","M","T","?","E","?","R","$","R","BOSS","M","?","M","?","M","R","?","E","T","R","M","E","R","M","R","BOSS","M","?","$","M","M","E","R","M","T","M","R","M","?","E","R","BOSS","R","$","E","BOSS"],"build_version":"2019-01-23","purchased_purges":2,"victory":false,"max_hp_per_floor":[70,70,70,70,70,70,70,70,70,70,70,70,70,70,70,70,70,70,80,80,82,84,84,84,84,84,84,84,84,84,84,84,84,90,90,104,104,104,104,106,106,106,106,106,106,106,103,103,103,103,103,103,103,103,103],"card_choices":[{"not_picked":["Dagger Throw","Concentrate"],"picked":"Slice","floor":1},{"not_picked":["Leg Sweep","Cloak And Dagger"],"picked":"Slice","floor":2},{"not_picked":["Outmaneuver","Prepared"],"picked":"Skewer","floor":4},{"not_picked":["Flying Knee","Dagger Spray"],"picked":"A Thousand Cuts","floor":6},{"not_picked":["Calculated Gamble","Eviscerate"],"picked":"Blade Dance","floor":8},{"not_picked":["Flying Knee","Eviscerate"],"picked":"Slice","floor":11},{"not_picked":["Bullet Time","Glass Knife"],"picked":"Doppelganger","floor":16},{"not_picked":["All Out Attack+1","Dodge and Roll"],"picked":"Cloak And Dagger+1","floor":18},{"not_picked":["Poisoned Stab","Predator"],"picked":"Backstab+1","floor":20},{"not_picked":["Flying Knee","Underhanded Strike","Masterful Stab"],"picked":"Singing Bowl","floor":21},{"not_picked":["Underhanded Strike+1","Quick Slash+1","Dagger Spray"],"picked":"Singing Bowl","floor":22},{"not_picked":["Masterful Stab","Eviscerate"],"picked":"Phantasmal Killer","floor":25},{"not_picked":["Dodge and Roll","Masterful Stab"],"picked":"Distraction+1","floor":28},{"not_picked":["Corpse Explosion","Quick Slash"],"picked":"Endless Agony","floor":29},{"not_picked":["Distraction","Crippling Poison"],"picked":"Slice","floor":31},{"not_picked":["Phantasmal Killer","Glass Knife"],"picked":"Doppelganger","floor":33},{"not_picked":["Prepared","Sucker Punch","Distraction"],"picked":"Singing Bowl","floor":34},{"not_picked":["Prepared","Flechettes"],"picked":"PiercingWail+1","floor":34},{"not_picked":["Deadly Poison+1","Flying Knee","Riddle With Holes"],"picked":"Singing Bowl","floor":34},{"not_picked":["Grand Finale","Dodge and Roll"],"picked":"Infinite Blades","floor":34},{"not_picked":["Tactician+1","Bane+1","Deflect"],"picked":"Singing Bowl","floor":34},{"not_picked":["Prepared","Dagger Throw"],"picked":"Well Laid Plans+1","floor":35},{"not_picked":["Poisoned Stab+1","Dagger Throw"],"picked":"Cloak And Dagger","floor":36},{"not_picked":["Riddle With Holes+1","Poisoned Stab"],"picked":"Calculated Gamble+1","floor":38},{"not_picked":["Burst","Blade Dance+1"],"picked":"Backflip+1","floor":39},{"not_picked":["Deadly Poison+1","Deflect","Dodge and Roll"],"picked":"Singing Bowl","floor":40},{"not_picked":["Catalyst+1","Choke+1"],"picked":"Blade Dance+1","floor":42},{"not_picked":["Calculated Gamble+1","Escape Plan+1"],"picked":"Cloak And Dagger+1","floor":44},{"not_picked":["Bane+1","Setup+1"],"picked":"Skewer+1","floor":46},{"not_picked":["Blur+1","Outmaneuver"],"picked":"Malaise","floor":48},{"not_picked":["Expertise","Flying Knee+1"],"picked":"Cloak And Dagger+1","floor":54}],"player_experience":378283,"relics_obtained":[{"floor":6,"key":"Happy Flower"},{"floor":9,"key":"Whetstone"},{"floor":11,"key":"Singing Bowl"},{"floor":12,"key":"Regal Pillow"},{"floor":25,"key":"Orichalcum"},{"floor":26,"key":"Bag of Preparation"},{"floor":29,"key":"Paper Crane"},{"floor":36,"key":"Mango"},{"floor":40,"key":"Ancient Tea Set"},{"floor":48,"key":"Centennial Puzzle"},{"floor":54,"key":"War Paint"}],"event_choices":[{"damage_healed":0,"gold_gain":0,"player_choice":"2 cards matched","damage_taken":0,"max_hp_gain":0,"max_hp_loss":0,"event_name":"Match and Keep!","floor":3,"gold_loss":0,"cards_obtained":["Neutralize","After Image"]},{"damage_healed":0,"gold_gain":0,"player_choice":"Entered Light","damage_taken":14,"max_hp_gain":0,"max_hp_loss":0,"event_name":"Shining Light","floor":5,"gold_loss":0,"cards_upgraded":["Strike_G","Defend_G"]},{"damage_healed":0,"gold_gain":175,"player_choice":"AGREE","damage_taken":0,"max_hp_gain":0,"max_hp_loss":0,"event_name":"Liars Game","floor":10,"gold_loss":0,"cards_obtained":["Doubt"]},{"cards_removed":["After Image"],"damage_healed":8,"gold_gain":0,"player_choice":"Offered Rare","damage_taken":0,"max_hp_gain":10,"max_hp_loss":0,"event_name":"Bonfire Elementals","floor":19,"gold_loss":0},{"damage_healed":0,"gold_gain":0,"player_choice":"Inject Mutagens","damage_taken":0,"relics_obtained":["MutagenicStrength"],"max_hp_gain":0,"max_hp_loss":0,"event_name":"Drug Dealer","floor":24,"gold_loss":0},{"damage_healed":0,"gold_gain":0,"player_choice":"Fight","damage_taken":0,"max_hp_gain":0,"max_hp_loss":0,"event_name":"MindBloom","floor":36,"gold_loss":0},{"cards_removed":["Parasite"],"damage_healed":0,"gold_gain":0,"player_choice":"Upgrade and Remove","damage_taken":0,"max_hp_gain":0,"max_hp_loss":0,"event_name":"Designer","floor":47,"gold_loss":90,"cards_upgraded":["Slice"]}],"is_beta":false,"boss_relics":[{"not_picked":["Ectoplasm","Black Star"],"picked":"Astrolabe"},{"not_picked":["Fusion Hammer","Empty Cage"],"picked":"Orrery"}],"items_purged_floors":[14,37],"is_endless":false,"potions_floor_spawned":[2,4,6,8,18,25,31,33,35,42,44,54],"killed_by":"The Heart","ascension_level":8}