{"gold_per_floor":[364,364,374,131,148,148,175,175,200,200,200,213,213,73,73,147,147,160,110,125,6,19,48,48,61,85,85,85],"floor_reached":28,"playtime":1028,"items_purged":["Strike_G","Strike_G"],"score":572,"play_id":"ce0dd900-0e6d-41c5-8599-95cd9078821a","local_time":"20181205231847","is_ascension_mode":true,"campfire_choices":[{"data":"Noxious Fumes","floor":6,"key":"SMITH"},{"data":"Footwork","floor":8,"key":"SMITH"},{"data":"Malaise","floor":11,"key":"SMITH"},{"data":"Sucker Punch","floor":13,"key":"SMITH"},{"data":"Crippling Poison","floor":15,"key":"SMITH"},{"data":"Malaise","floor":24,"key":"SMITH"},{"data":"Footwork","floor":27,"key":"SMITH"}],"neow_cost":"CURSE","seed_source_timestamp":107304743399599,"circlet_count":0,"master_deck":["AscendersBane","Defend_G","Defend_G","Defend_G","Defend_G+1","Defend_G","Strike_G","Strike_G","Survivor","Neutralize","Noxious Fumes+1","Footwork+1","Malaise+1","Sucker Punch+1","Crippling Poison+1","Malaise+1","Footwork+1","Deadly Poison+1","Leg Sweep","Footwork+1","Escape Plan","Outmaneuver+1"],"relics":["Ring of the Snake","Orichalcum","Boot","Pen Nib","Eternal Feather","Letter Opener","Anchor"],"potions_floor_usage":[14,28,28],"damage_taken":[{"damage":1,"enemies":"Small Slimes","floor":1,"turns":4},{"damage":2,"enemies":"2 Louse","floor":3,"turns":3},{"damage":0,"enemies":"Cultist","floor":5,"turns":4},{"damage":16,"enemies":"Lagavulin","floor":7,"turns":10},{"damage":0,"enemies":"Blue Slaver","floor":12,"turns":5},{"damage":0,"enemies":"Hexaghost","floor":16,"turns":11},{"damage":21,"enemies":"2 Thieves","floor":18,"turns":4},{"damage":0,"enemies":"Chosen","floor":20,"turns":8},{"damage":10,"enemies":"Snecko","floor":22,"turns":9},{"damage":15,"enemies":"Book of Stabbing","floor":23,"turns":9},{"damage":3,"enemies":"3 Cultists","floor":25,"turns":4},{"damage":40,"enemies":"Slavers","floor":28,"turns":6}],"seed_played":"4183768221702731186","potions_obtained":[{"floor":1,"key":"SpeedPotion"},{"floor":3,"key":"Fire Potion"},{"floor":12,"key":"Fruit Juice"},{"floor":22,"key":"FearPotion"},{"floor":23,"key":"Swift Potion"}],"is_trial":false,"path_per_floor":["M","?","M","$","M","R","E","R","T","?","R","M","R","$","R","B",null,"M","?","M","$","M","E","R","M","T","R","E"],"character_chosen":"THE_SILENT","items_purchased":["Orichalcum","Crippling Poison","Leg Sweep","Footwork"],"campfire_rested":0,"item_purchase_floors":[4,14,21,21],"current_hp_per_floor":[58,58,56,56,56,56,40,40,40,40,40,40,40,45,45,45,65,44,44,44,44,34,19,31,28,28,40,0],"gold":85,"neow_bonus":"TWO_FIFTY_GOLD","is_prod":false,"is_daily":false,"chose_seed":false,"campfire_upgraded":7,"win_rate":0,"timestamp":1544069927,"path_taken":["M","?","M","$","M","R","E","R","T","?","R","?","R","$","R","BOSS","M","?","?","$","M","E","R","M","T","R","E"],"build_version":"2018-11-15","purchased_purges":2,"victory":false,"max_hp_per_floor":[66,66,66,66,66,66,66,66,66,66,66,66,66,71,71,71,71,71,71,71,71,71,71,71,71,71,71,71],"card_choices":[{"not_picked":["Flying Knee","Dash"],"picked":"Noxious Fumes","floor":1},{"not_picked":["Prepared","Outmaneuver","Flechettes"],"picked":"SKIP","floor":3},{"not_picked":["Skewer","Backflip"],"picked":"Footwork","floor":5},{"not_picked":["Dagger Throw","Reflex"],"picked":"Malaise","floor":7},{"not_picked":["Calculated Gamble","Blade Dance"],"picked":"Sucker Punch","floor":12},{"not_picked":["A Thousand Cuts","Doppelganger"],"picked":"Malaise","floor":16},{"not_picked":["Dodge and Roll","Finisher"],"picked":"Footwork","floor":18},{"not_picked":["Blade Dance+1","Escape Plan"],"picked":"Deadly Poison+1","floor":20},{"not_picked":["Bane","Finisher"],"picked":"Escape Plan","floor":22},{"not_picked":["Bane","Reflex","Bouncing Flask+1"],"picked":"SKIP","floor":23},{"not_picked":["PiercingWail","Quick Slash"],"picked":"Outmaneuver+1","floor":25}],"player_experience":1227779,"relics_obtained":[{"floor":7,"key":"Boot"},{"floor":9,"key":"Pen Nib"},{"floor":23,"key":"Letter Opener"},{"floor":26,"key":"Anchor"}],"event_choices":[{"cards_removed":["Doubt"],"damage_healed":0,"gold_gain":0,"player_choice":"Forget","damage_taken":0,"max_hp_gain":0,"max_hp_loss":0,"event_name":"Living Wall","floor":2,"gold_loss":0},{"cards_removed":["Strike_G"],"damage_healed":0,"gold_gain":0,"player_choice":"Purged","damage_taken":0,"max_hp_gain":0,"max_hp_loss":0,"event_name":"Purifier","floor":10,"gold_loss":0},{"damage_healed":0,"gold_gain":0,"player_choice":"Upgraded Two","damage_taken":0,"max_hp_gain":0,"max_hp_loss":0,"event_name":"Designer","floor":19,"gold_loss":50,"cards_upgraded":["Footwork","Defend_G"]}],"is_beta":false,"boss_relics":[{"not_picked":["WristBlade","Pandora\u0027s Box"],"picked":"Eternal Feather"}],"items_purged_floors":[4,14],"is_endless":false,"potions_floor_spawned":[1,3,12,22,23],"killed_by":"Slavers","ascension_level":20}