{"gold_per_floor":[112,112,123,123,12,45,45,72,95,95,113,113,140,158,158,232,232,251,270,86,86,100,100,127,127,174,199,42,42,55,71,71,144,194,206,206,220,230,11,43,43,61,61,78,78,78],"floor_reached":46,"playtime":2537,"items_purged":["Strike_B","Pain"],"score":1166,"play_id":"4a1ad475-a880-4833-96a3-17b3fbfb1678","local_time":"20181226153929","is_ascension_mode":true,"campfire_choices":[{"data":"Defragment","floor":10,"key":"SMITH"},{"floor":12,"key":"REST"},{"floor":15,"key":"REST"},{"floor":23,"key":"REST"},{"data":"Recycle","floor":25,"key":"SMITH"},{"floor":29,"key":"REST"},{"floor":32,"key":"REST"},{"floor":41,"key":"RECALL"},{"data":"Echo Form","floor":45,"key":"SMITH"}],"neow_cost":"NONE","seed_source_timestamp":1756388924569,"circlet_count":0,"master_deck":["AscendersBane","Defend_B","Defend_B+1","Defend_B+1","Defend_B","Zap+1","Dualcast","Coolheaded","White Noise","Defragment+1","Defragment","Sweeping Beam","Compile Driver","Recycle+1","Cold Snap","Conserve Battery","Echo Form+1","Core Surge+1","Reprogram+1","Loop+1","Loop","Compile Driver","Turbo","Compile Driver","Hologram","Seek","Recycle","Heatsinks","Glacier","Static Discharge","Buffer","Tempest","Defragment+1","Aggregate","Static Discharge+1","Compile Driver"],"relics":["Cracked Core","NeowsBlessing","Regal Pillow","WarpedTongs","Dead Branch","Centennial Puzzle","Darkstone Periapt","Astrolabe","Bottled Tornado","Omamori","Mummified Hand","Dream Catcher","Tiny House","Lantern","Lee\u0027s Waffle","PreservedInsect"],"potions_floor_usage":[13,22,24,27,27,31,38,44],"damage_taken":[{"damage":0,"enemies":"Small Slimes","floor":1,"turns":1},{"damage":0,"enemies":"Cultist","floor":3,"turns":1},{"damage":0,"enemies":"3 Sentries","floor":6,"turns":2},{"damage":7,"enemies":"Gremlin Nob","floor":8,"turns":3},{"damage":9,"enemies":"2 Louse","floor":11,"turns":4},{"damage":31,"enemies":"3 Sentries","floor":13,"turns":5},{"damage":4,"enemies":"Looter","floor":14,"turns":4},{"damage":19,"enemies":"Slime Boss","floor":16,"turns":11},{"damage":10,"enemies":"Chosen","floor":18,"turns":6},{"damage":19,"enemies":"Spheric Guardian","floor":19,"turns":5},{"damage":16,"enemies":"Snecko","floor":22,"turns":5},{"damage":18,"enemies":"Book of Stabbing","floor":24,"turns":5},{"damage":34,"enemies":"Slavers","floor":27,"turns":5},{"damage":24,"enemies":"Snake Plant","floor":30,"turns":3},{"damage":10,"enemies":"Centurion and Healer","floor":31,"turns":5},{"damage":7,"enemies":"Automaton","floor":33,"turns":9},{"damage":19,"enemies":"3 Darklings","floor":35,"turns":4},{"damage":0,"enemies":"3 Shapes","floor":37,"turns":5},{"damage":24,"enemies":"3 Darklings","floor":38,"turns":3},{"damage":11,"enemies":"Nemesis","floor":40,"turns":5},{"damage":0,"enemies":"Maw","floor":42,"turns":7},{"damage":8,"enemies":"4 Shapes","floor":44,"turns":5},{"damage":66,"enemies":"Reptomancer","floor":46,"turns":2}],"seed_played":"6708447867189295459","potions_obtained":[{"floor":8,"key":"PowerPotion"},{"floor":13,"key":"SkillPotion"},{"floor":14,"key":"Fire Potion"},{"floor":22,"key":"Swift Potion"},{"floor":24,"key":"SpeedPotion"},{"floor":30,"key":"PowerPotion"},{"floor":33,"key":"Explosive Potion"},{"floor":34,"key":"AttackPotion"},{"floor":35,"key":"Dexterity Potion"},{"floor":42,"key":"SkillPotion"}],"is_trial":false,"path_per_floor":["M","?","M","?","$","E","?","E","T","R","M","R","E","M","R","B",null,"M","M","$","?","M","R","E","R","T","E","$","R","M","M","R","B",null,"M","?","M","M","$","E","R","M","T","M","R","E"],"character_chosen":"DEFECT","items_purchased":["Defragment","Compile Driver","Turbo","Dream Catcher","Lee\u0027s Waffle"],"campfire_rested":5,"item_purchase_floors":[5,20,20,28,39],"current_hp_per_floor":[64,64,64,43,43,43,43,36,36,36,27,63,32,28,64,45,65,55,36,36,36,20,56,38,38,38,4,4,40,16,6,42,35,67,48,48,48,24,83,72,72,72,72,64,64,0],"gold":78,"neow_bonus":"THREE_ENEMY_KILL","is_prod":false,"is_daily":false,"chose_seed":false,"campfire_upgraded":3,"win_rate":0,"timestamp":1545856769,"path_taken":["M","?","?","?","$","E","?","E","T","R","?","R","E","M","R","BOSS","M","?","$","?","M","R","E","R","T","E","$","R","M","M","R","BOSS","M","?","M","M","$","E","R","?","T","M","R","E"],"build_version":"2018-12-20","purchased_purges":2,"victory":false,"max_hp_per_floor":[71,71,71,71,71,71,71,71,71,71,71,71,71,71,71,71,71,71,71,71,71,71,71,71,71,71,71,71,71,71,71,71,71,76,76,76,76,76,83,83,83,83,83,83,83,83],"card_choices":[{"not_picked":["Streamline","BootSequence"],"picked":"Coolheaded","floor":1},{"not_picked":["Go for the Eyes","Ball Lightning"],"picked":"Defragment","floor":3},{"not_picked":["Scrape","Loop"],"picked":"Sweeping Beam","floor":6},{"not_picked":["Rebound","Scrape"],"picked":"Compile Driver","floor":8},{"not_picked":["Double Energy","Gash"],"picked":"Recycle","floor":11},{"not_picked":["Force Field","Streamline"],"picked":"Cold Snap","floor":13},{"not_picked":["Blizzard","Steam Power"],"picked":"Conserve Battery","floor":14},{"not_picked":["Reboot","Meteor Strike"],"picked":"Echo Form","floor":16},{"not_picked":["Chaos","Hello World+1","Rebound"],"picked":"SKIP","floor":18},{"not_picked":["Beam Cell","Leap"],"picked":"Loop","floor":19},{"not_picked":["Gash","Sweeping Beam+1"],"picked":"Compile Driver","floor":22},{"not_picked":["Redo","Heatsinks"],"picked":"Hologram","floor":24},{"not_picked":["Doom and Gloom","Compile Driver"],"picked":"Seek","floor":27},{"not_picked":["Darkness+1","Chill"],"picked":"Recycle","floor":29},{"not_picked":["Cold Snap","Conserve Battery"],"picked":"Heatsinks","floor":30},{"not_picked":["Undo","Darkness"],"picked":"Glacier","floor":31},{"not_picked":["Lockon+1","Stack"],"picked":"Static Discharge","floor":32},{"not_picked":["Reboot","Machine Learning"],"picked":"Buffer","floor":33},{"not_picked":["Go for the Eyes","Darkness"],"picked":"Tempest","floor":34},{"not_picked":["Cold Snap","Conserve Battery"],"picked":"Defragment+1","floor":35},{"not_picked":["Stack","Aggregate","Sweeping Beam+1"],"picked":"SKIP","floor":37},{"not_picked":["Auto Shields","Steam"],"picked":"Aggregate","floor":38},{"not_picked":["Sunder","Aggregate+1"],"picked":"Static Discharge+1","floor":40},{"not_picked":["Go for the Eyes","Genetic Algorithm","Sweeping Beam"],"picked":"SKIP","floor":42},{"not_picked":["Auto Shields+1","Cold Snap"],"picked":"Compile Driver","floor":44}],"player_experience":1299868,"relics_obtained":[{"floor":6,"key":"Regal Pillow"},{"floor":8,"key":"Dead Branch"},{"floor":9,"key":"Centennial Puzzle"},{"floor":13,"key":"Darkstone Periapt"},{"floor":24,"key":"Bottled Tornado"},{"floor":26,"key":"Omamori"},{"floor":27,"key":"Mummified Hand"},{"floor":36,"key":"Lantern"},{"floor":40,"key":"PreservedInsect"}],"event_choices":[{"damage_healed":0,"gold_gain":0,"player_choice":"1 cards matched","damage_taken":0,"max_hp_gain":0,"max_hp_loss":0,"event_name":"Match and Keep!","floor":2,"gold_loss":0,"cards_obtained":["White Noise"]},{"damage_healed":0,"gold_gain":0,"player_choice":"Entered Light","damage_taken":21,"max_hp_gain":0,"max_hp_loss":0,"event_name":"Shining Light","floor":4,"gold_loss":0,"cards_upgraded":["Defend_B","Zap"]},{"damage_healed":0,"gold_gain":0,"player_choice":"Rummage","damage_taken":0,"relics_obtained":["WarpedTongs"],"max_hp_gain":0,"max_hp_loss":0,"event_name":"Accursed Blacksmith","floor":7,"gold_loss":0,"cards_obtained":["Pain"]},{"damage_healed":0,"gold_gain":0,"player_choice":"Ignored","damage_taken":0,"max_hp_gain":0,"max_hp_loss":0,"event_name":"N\u0027loth","floor":21,"gold_loss":0},{"damage_healed":0,"gold_gain":0,"player_choice":"Relic","damage_taken":0,"max_hp_gain":0,"max_hp_loss":0,"event_name":"Wheel of Change","floor":36,"gold_loss":0}],"is_beta":false,"boss_relics":[{"not_picked":["Runic Dome","White Beast Statue"],"picked":"Astrolabe"},{"not_picked":["Orrery","Calling Bell"],"picked":"Tiny House"}],"items_purged_floors":[5,20],"is_endless":false,"potions_floor_spawned":[8,13,14,19,22,24,30,33,35,42],"killed_by":"Reptomancer","ascension_level":20}