{"gold_per_floor":[115,127,141,141,158,158,186,186,186,186,151,29,48,60,60,161,161,175,186,137,154,167,167,184,184,184,204,233,233,263,280,280,280],"floor_reached":33,"playtime":2437,"items_purged":[],"score":296,"play_id":"66c2367f-500c-4e2d-ac74-4e22d803a064","local_time":"20190708091218","is_ascension_mode":false,"campfire_choices":[{"floor":6,"key":"REST"},{"data":"Redo","floor":10,"key":"SMITH"},{"data":"Ball Lightning","floor":15,"key":"SMITH"},{"floor":23,"key":"REST"},{"floor":25,"key":"REST"},{"floor":32,"key":"REST"}],"neow_cost":"PERCENT_DAMAGE","seed_source_timestamp":188897455476240,"circlet_count":0,"master_deck":["Strike_B","Strike_B","Strike_B","Strike_B","Defend_B","Defend_B","Defend_B","Defend_B","Zap+1","Dualcast","Redo+1","Leap","Leap","Redo","Streamline","Ball Lightning+1","Capacitor","Go for the Eyes","Ball Lightning","Electrodynamics","Ball Lightning","Leap","Cold Snap","Cold Snap+1","Glacier","Leap+1","Loop","Undo","Storm+1","Writhe","Sunder+1","Glacier"],"relics":["Cracked Core","Bird Faced Urn","Sundial","Inserter","Prayer Wheel","Letter Opener","Tiny Chest"],"potions_floor_usage":[7,7,16,21,21,22,28,31,31],"damage_taken":[{"damage":2,"enemies":"Cultist","floor":1,"turns":5},{"damage":2,"enemies":"2 Louse","floor":2,"turns":2},{"damage":0,"enemies":"Jaw Worm","floor":3,"turns":3},{"damage":25,"enemies":"Exordium Wildlife","floor":5,"turns":5},{"damage":20,"enemies":"Lagavulin","floor":7,"turns":8},{"damage":9,"enemies":"Large Slime","floor":13,"turns":5},{"damage":0,"enemies":"Looter","floor":14,"turns":3},{"damage":29,"enemies":"Hexaghost","floor":16,"turns":8},{"damage":17,"enemies":"Spheric Guardian","floor":18,"turns":4},{"damage":21,"enemies":"3 Byrds","floor":19,"turns":4},{"damage":29,"enemies":"Cultist and Chosen","floor":21,"turns":6},{"damage":23,"enemies":"Shelled Parasite and Fungi","floor":22,"turns":7},{"damage":17,"enemies":"Centurion and Healer","floor":24,"turns":5},{"damage":14,"enemies":"Sentry and Sphere","floor":27,"turns":5},{"damage":48,"enemies":"Gremlin Leader","floor":28,"turns":8},{"damage":20,"enemies":"Snake Plant","floor":31,"turns":5},{"damage":62,"enemies":"Champ","floor":33,"turns":16}],"seed_played":"-5929962766507746058","potions_obtained":[{"floor":2,"key":"LiquidBronze"},{"floor":5,"key":"Energy Potion"},{"floor":7,"key":"FocusPotion"},{"floor":13,"key":"AttackPotion"},{"floor":16,"key":"GamblersBrew"},{"floor":18,"key":"SteroidPotion"},{"floor":19,"key":"EntropicBrew"},{"floor":24,"key":"Energy Potion"},{"floor":28,"key":"PowerPotion"}],"is_trial":false,"path_per_floor":["M","M","M","$","M","R","E","?","T","R","?","$","M","M","R","B",null,"M","M","$","M","M","R","M","R","T","M","E","?","?","M","R","B"],"character_chosen":"DEFECT","items_purchased":["Ball Lightning","Capacitor","Cold Snap"],"campfire_rested":4,"item_purchase_floors":[12,12,20],"current_hp_per_floor":[66,64,64,64,39,65,45,45,45,45,67,67,60,62,62,35,89,72,53,53,41,20,46,33,59,59,49,7,36,36,24,50,0],"gold":280,"neow_bonus":"TWENTY_PERCENT_HP_BONUS","is_prod":false,"is_daily":false,"chose_seed":false,"campfire_upgraded":2,"win_rate":0.0,"timestamp":1562602338,"path_taken":["M","M","M","?","M","R","E","?","T","R","?","$","M","M","R","BOSS","M","M","$","M","M","R","M","R","T","M","E","?","?","M","R","BOSS"],"build_version":"2019-07-05","purchased_purges":0,"victory":false,"max_hp_per_floor":[89,89,89,89,89,89,89,89,89,89,89,89,89,89,89,89,89,89,89,89,89,89,89,89,89,89,89,89,89,89,89,89,89],"card_choices":[{"not_picked":["Sweeping Beam","Hologram"],"picked":"Redo","floor":1},{"not_picked":["Double Energy","BootSequence"],"picked":"Leap","floor":2},{"not_picked":["Chill","Rebound"],"picked":"Leap","floor":3},{"not_picked":["Barrage","Reprogram"],"picked":"Redo","floor":5},{"not_picked":["Buffer","Go for the Eyes"],"picked":"Streamline","floor":7},{"not_picked":["Reinforced Body","Compile Driver"],"picked":"Go for the Eyes","floor":13},{"not_picked":["Gash","Heatsinks"],"picked":"Ball Lightning","floor":14},{"not_picked":["Machine Learning","Amplify"],"picked":"Electrodynamics","floor":16},{"not_picked":["Hologram","Redo+1"],"picked":"Ball Lightning","floor":18},{"not_picked":["Go for the Eyes","Rip and Tear"],"picked":"Leap","floor":19},{"not_picked":["Aggregate","Conserve Battery"],"picked":"Cold Snap+1","floor":21},{"not_picked":["Static Discharge+1","Gash"],"picked":"Glacier","floor":22},{"not_picked":["Meteor Strike","Streamline+1"],"picked":"Leap+1","floor":24},{"not_picked":["Go for the Eyes+1","Genetic Algorithm"],"picked":"Loop","floor":27},{"not_picked":["Conserve Battery","Force Field"],"picked":"Undo","floor":27},{"not_picked":["Steam","Static Discharge"],"picked":"Storm+1","floor":28},{"not_picked":["Compile Driver","Rebound+1"],"picked":"Sunder+1","floor":31},{"not_picked":["Aggregate+1","Tempest+1"],"picked":"Glacier","floor":31}],"player_experience":212092,"relics_obtained":[{"floor":7,"key":"Bird Faced Urn"},{"floor":9,"key":"Sundial"},{"floor":26,"key":"Prayer Wheel"},{"floor":28,"key":"Letter Opener"}],"event_choices":[{"damage_healed":0,"gold_gain":0,"player_choice":"Grow","damage_taken":0,"max_hp_gain":0,"max_hp_loss":0,"event_name":"Living Wall","floor":8,"gold_loss":0,"cards_upgraded":["Zap"]},{"damage_healed":22,"gold_gain":0,"player_choice":"Healed","damage_taken":0,"max_hp_gain":0,"max_hp_loss":0,"event_name":"The Cleric","floor":11,"gold_loss":35},{"damage_healed":29,"gold_gain":0,"player_choice":"Heal","damage_taken":0,"max_hp_gain":0,"max_hp_loss":0,"event_name":"The Library","floor":29,"gold_loss":0},{"damage_healed":0,"gold_gain":0,"player_choice":"Opened","damage_taken":0,"relics_obtained":["Tiny Chest"],"max_hp_gain":0,"max_hp_loss":0,"event_name":"The Mausoleum","floor":30,"gold_loss":0,"cards_obtained":["Writhe"]}],"is_beta":false,"boss_relics":[{"not_picked":["Velvet Choker","Calling Bell"],"picked":"Inserter"}],"items_purged_floors":[],"is_endless":false,"potions_floor_spawned":[2,5,7,13,16,18,19,24,28],"killed_by":"Champ","ascension_level":0}