{"gold_per_floor":[367,379,379,390,15,15,32,32,56,56,70,85,117,193,193,264,264,219,25,25,25,45,45,61,61,109,109],"floor_reached":27,"playtime":1086,"items_purged":["Strike_G","Strike_G"],"score":426,"play_id":"e520fbb3-5fcf-47da-baf4-70a69a8c9218","local_time":"20181024205228","is_ascension_mode":true,"campfire_choices":[{"data":"Neutralize","floor":6,"key":"SMITH"},{"data":"Deadly Poison","floor":8,"key":"SMITH"},{"floor":10,"key":"REST"},{"data":"Footwork","floor":15,"key":"SMITH"},{"data":"Malaise","floor":23,"key":"SMITH"}],"neow_cost":"CURSE","seed_source_timestamp":520620544830168,"circlet_count":0,"master_deck":["Defend_G","Defend_G","Defend_G","Defend_G","Defend_G","Strike_G","Strike_G","Strike_G","Survivor","Neutralize+1","AscendersBane","Sucker Punch","Cloak And Dagger","Deadly Poison+1","Footwork+1","Dash","Dodge and Roll","Bullet Time","Malaise+1","Acrobatics+1","Deadly Poison","Caltrops","Footwork","Deflect","Backflip"],"relics":["Ring of the Snake","Singing Bowl","Omamori","Happy Flower","Sozu","Nilry\u0027s Codex","Bag of Preparation"],"potions_floor_usage":[16,16],"damage_taken":[{"damage":15,"enemies":"Cultist","floor":1,"turns":6},{"damage":5,"enemies":"Jaw Worm","floor":2,"turns":6},{"damage":1,"enemies":"2 Louse","floor":4,"turns":4},{"damage":10,"enemies":"Lots of Slimes","floor":7,"turns":5},{"damage":5,"enemies":"3 Louse","floor":11,"turns":5},{"damage":11,"enemies":"Exordium Thugs","floor":12,"turns":6},{"damage":15,"enemies":"Lagavulin","floor":13,"turns":10},{"damage":12,"enemies":"The Guardian","floor":16,"turns":14},{"damage":9,"enemies":"2 Thieves","floor":18,"turns":5},{"damage":0,"enemies":"3 Byrds","floor":22,"turns":5},{"damage":0,"enemies":"Snake Plant","floor":24,"turns":5},{"damage":23,"enemies":"Gremlin Leader","floor":27,"turns":2}],"seed_played":"-6180134710069807332","potions_obtained":[{"floor":2,"key":"GhostInAJar"},{"floor":7,"key":"LiquidBronze"},{"floor":16,"key":"SteroidPotion"}],"is_trial":false,"path_per_floor":["M","M","?","M","$","R","M","R","T","R","M","M","E","?","R","B",null,"M","$","?","?","M","R","M","?","T"],"character_chosen":"THE_SILENT","items_purchased":["Deadly Poison","Singing Bowl","Deadly Poison","Caltrops"],"campfire_rested":1,"item_purchase_floors":[5,5,19,19],"current_hp_per_floor":[44,39,39,38,38,38,28,28,28,47,42,31,16,16,16,4,51,42,42,42,42,42,42,42,21,21,0],"gold":109,"neow_bonus":"TWO_FIFTY_GOLD","is_prod":false,"is_daily":false,"chose_seed":false,"campfire_upgraded":4,"win_rate":0,"timestamp":1540428748,"path_taken":["M","?","?","?","$","R","M","R","T","R","M","M","E","?","R","BOSS","M","$","?","?","M","R","?","?","T","E"],"build_version":"2018-10-18","purchased_purges":2,"victory":false,"max_hp_per_floor":[66,66,66,66,66,66,66,66,66,66,66,66,66,66,66,66,66,66,66,66,66,66,66,66,66,66,66],"card_choices":[{"not_picked":["Deflect","Catalyst"],"picked":"Sucker Punch","floor":1},{"not_picked":["Bane","Underhanded Strike","Riddle With Holes"],"picked":"SKIP","floor":2},{"not_picked":["Sucker Punch","Prepared"],"picked":"Cloak And Dagger","floor":4},{"not_picked":["Dagger Spray","Tactician"],"picked":"Footwork","floor":7},{"not_picked":["Prepared","Flying Knee"],"picked":"Dash","floor":11},{"not_picked":["Dagger Spray","Bane"],"picked":"Dodge and Roll","floor":12},{"not_picked":["Eviscerate","Acrobatics"],"picked":"Bullet Time","floor":13},{"not_picked":["Doppelganger","Grand Finale"],"picked":"Malaise","floor":16},{"not_picked":["Eviscerate","Dagger Throw"],"picked":"Acrobatics+1","floor":18},{"not_picked":["Acrobatics","Accuracy"],"picked":"Deflect","floor":22},{"not_picked":["Burst","Underhanded Strike"],"picked":"Backflip","floor":24}],"player_experience":971376,"relics_obtained":[{"floor":9,"key":"Omamori"},{"floor":13,"key":"Happy Flower"},{"floor":25,"key":"Nilry\u0027s Codex"},{"floor":26,"key":"Bag of Preparation"}],"event_choices":[{"cards_removed":["Normality"],"damage_healed":0,"gold_gain":0,"player_choice":"Purged","damage_taken":0,"max_hp_gain":0,"max_hp_loss":0,"event_name":"Purifier","floor":3,"gold_loss":0},{"damage_healed":0,"gold_gain":76,"player_choice":"Gained Gold","damage_taken":0,"max_hp_gain":0,"max_hp_loss":0,"event_name":"Golden Wing","floor":14,"gold_loss":0},{"damage_healed":0,"gold_gain":0,"player_choice":"Read","damage_taken":0,"max_hp_gain":0,"max_hp_loss":0,"event_name":"The Library","floor":20,"gold_loss":0,"cards_obtained":["Footwork"]},{"damage_healed":0,"gold_gain":0,"player_choice":"Ignored","damage_taken":0,"max_hp_gain":0,"max_hp_loss":0,"event_name":"Ghosts","floor":21,"gold_loss":0},{"damage_healed":0,"gold_gain":0,"player_choice":"Obtained Book","damage_taken":21,"max_hp_gain":0,"max_hp_loss":0,"event_name":"Cursed Tome","floor":25,"gold_loss":0}],"is_beta":false,"boss_relics":[{"not_picked":["Tiny House","White Beast Statue"],"picked":"Sozu"}],"items_purged_floors":[5,19],"is_endless":false,"potions_floor_spawned":[2,7,13,16,22],"killed_by":"Gremlin Leader","ascension_level":20}