{"gold_per_floor":[112,112,13,13,29,29,54,66,131,25,53,53,80,91,91,169,169,187,206,224,242,242,242,242,276,276,276,310,310,321,347,347,418,418,429,449,464,175,187,221,221,221,276,288,288,288],"floor_reached":46,"playtime":2542,"items_purged":["Strike_B","Strike_B+1"],"score":903,"play_id":"aa59e5cc-977d-47fb-9214-ec72f22c1b56","local_time":"20190615075654","is_ascension_mode":true,"campfire_choices":[{"floor":6,"key":"REST"},{"floor":15,"key":"REST"},{"data":"Defragment","floor":23,"key":"SMITH"},{"floor":27,"key":"REST"},{"data":"Hologram","floor":29,"key":"SMITH"},{"floor":32,"key":"REST"},{"data":"Defragment","floor":41,"key":"SMITH"},{"floor":45,"key":"REST"}],"neow_cost":"NONE","seed_source_timestamp":162441259237953,"circlet_count":0,"master_deck":["AscendersBane","Strike_B+1","Strike_B+1","Defend_B+1","Defend_B+1","Defend_B+1","Defend_B+1","Zap+1","Dualcast","Cold Snap","Coolheaded","Ball Lightning","Doom and Gloom","Glacier","Defragment+1","Hologram+1","Self Repair","Sweeping Beam","Leap","Multi-Cast","Genetic Algorithm","Compile Driver+1","Chill","Seek","Biased Cognition","Leap","Defragment+1","Blind"],"relics":["Cracked Core","NeowsBlessing","Dream Catcher","MawBank","Bronze Scales","Cables","Busted Crown","Nloth\u0027s Gift","Sundial","Strawberry","Bottled Tornado","Red Mask","Black Star","Anchor","Meat on the Bone","The Courier"],"potions_floor_usage":[11,16,18,18,25,31,39,44],"damage_taken":[{"damage":0,"enemies":"2 Louse","floor":1,"turns":1},{"damage":0,"enemies":"Small Slimes","floor":5,"turns":1},{"damage":0,"enemies":"Lagavulin","floor":7,"turns":1},{"damage":16,"enemies":"Gremlin Nob","floor":11,"turns":4},{"damage":19,"enemies":"Lagavulin","floor":13,"turns":5},{"damage":1,"enemies":"Jaw Worm","floor":14,"turns":3},{"damage":5,"enemies":"Slime Boss","floor":16,"turns":9},{"damage":5,"enemies":"Chosen","floor":18,"turns":5},{"damage":0,"enemies":"Shell Parasite","floor":19,"turns":7},{"damage":9,"enemies":"Cultist and Chosen","floor":20,"turns":4},{"damage":3,"enemies":"Snecko","floor":21,"turns":5},{"damage":50,"enemies":"Slavers","floor":25,"turns":5},{"damage":11,"enemies":"Book of Stabbing","floor":28,"turns":6},{"damage":0,"enemies":"Shelled Parasite and Fungi","floor":30,"turns":5},{"damage":30,"enemies":"Masked Bandits","floor":31,"turns":4},{"damage":37,"enemies":"Automaton","floor":33,"turns":9},{"damage":18,"enemies":"3 Darklings","floor":35,"turns":6},{"damage":0,"enemies":"Orb Walker","floor":36,"turns":4},{"damage":24,"enemies":"Sphere and 2 Shapes","floor":37,"turns":7},{"damage":15,"enemies":"Jaw Worm Horde","floor":39,"turns":5},{"damage":3,"enemies":"Nemesis","floor":40,"turns":11},{"damage":0,"enemies":"4 Shapes","floor":44,"turns":6},{"damage":73,"enemies":"Giant Head","floor":46,"turns":12}],"seed_played":"-1882189862920555900","potions_obtained":[{"floor":5,"key":"Block Potion"},{"floor":13,"key":"Weak Potion"},{"floor":14,"key":"Weak Potion"},{"floor":16,"key":"Block Potion"},{"floor":18,"key":"PowerPotion"},{"floor":21,"key":"SteroidPotion"},{"floor":28,"key":"Explosive Potion"},{"floor":35,"key":"Strength Potion"},{"floor":39,"key":"Explosive Potion"},{"floor":40,"key":"GamblersBrew"},{"floor":44,"key":"Energy Potion"}],"is_trial":false,"path_per_floor":["M","?","$","?","M","R","E","?","T","$","E","$","E","M","R","B",null,"M","M","M","M","?","R","?","E","T","R","E","R","M","?","R","B",null,"M","M","M","$","M","E","R","?","T","M","R","E"],"character_chosen":"DEFECT","items_purchased":["Coolheaded","Defragment","Hologram","Anchor","Defragment"],"campfire_rested":5,"item_purchase_floors":[3,10,10,38,38],"current_hp_per_floor":[64,31,31,31,31,52,52,52,52,52,38,38,21,29,50,54,67,71,71,69,71,71,71,71,28,35,58,54,54,61,38,61,31,66,55,62,45,45,37,41,41,41,41,48,71,0],"gold":288,"neow_bonus":"THREE_ENEMY_KILL","is_prod":false,"is_daily":false,"chose_seed":false,"campfire_upgraded":3,"win_rate":0,"timestamp":1560599814,"path_taken":["M","?","$","?","M","R","E","?","T","?","E","$","E","M","R","BOSS","M","M","M","M","?","R","?","E","T","R","E","R","?","?","R","BOSS","M","M","M","$","M","E","R","?","T","M","R","E"],"build_version":"2019-01-23","purchased_purges":2,"victory":false,"max_hp_per_floor":[71,71,71,71,71,71,71,71,71,71,71,71,71,71,71,71,71,71,71,71,71,71,71,71,71,78,78,78,78,78,78,78,78,78,78,78,78,78,78,78,78,78,78,78,78,78],"card_choices":[{"not_picked":["Stack","Melter"],"picked":"Cold Snap","floor":1},{"not_picked":["Coolheaded","Sweeping Beam"],"picked":"Ball Lightning","floor":5},{"not_picked":["Reinforced Body","Steam"],"picked":"Doom and Gloom","floor":6},{"not_picked":["Redo","Force Field"],"picked":"Glacier","floor":7},{"not_picked":["Go for the Eyes","Barrage","Meteor Strike"],"picked":"SKIP","floor":11},{"not_picked":["Beam Cell","Doom and Gloom"],"picked":"Self Repair","floor":13},{"not_picked":["Go for the Eyes","Ball Lightning"],"picked":"Sweeping Beam","floor":14},{"not_picked":["Barrage","Consume"],"picked":"Leap","floor":15},{"not_picked":["Fission","Core Surge"],"picked":"Multi-Cast","floor":16},{"not_picked":["Streamline"],"picked":"SKIP","floor":18},{"not_picked":[],"picked":"Genetic Algorithm","floor":19},{"not_picked":[],"picked":"Compile Driver+1","floor":20},{"not_picked":[],"picked":"Chill","floor":21},{"not_picked":[],"picked":"Seek","floor":25},{"not_picked":["Rip and Tear"],"picked":"SKIP","floor":28},{"not_picked":["Multi-Cast"],"picked":"SKIP","floor":30},{"not_picked":[],"picked":"Biased Cognition","floor":33},{"not_picked":[],"picked":"Leap","floor":35},{"not_picked":["Ball Lightning"],"picked":"SKIP","floor":36},{"not_picked":["Hello World"],"picked":"SKIP","floor":37},{"not_picked":["Cold Snap"],"picked":"SKIP","floor":39},{"not_picked":["Turbo"],"picked":"SKIP","floor":40},{"not_picked":[],"picked":"Blind","floor":42},{"not_picked":["Steam Power+1"],"picked":"SKIP","floor":44}],"player_experience":423897,"relics_obtained":[{"floor":7,"key":"MawBank"},{"floor":9,"key":"Blood Vial"},{"floor":11,"key":"Bronze Scales"},{"floor":13,"key":"Cables"},{"floor":25,"key":"Sundial"},{"floor":26,"key":"Strawberry"},{"floor":28,"key":"Bottled Tornado"},{"floor":31,"key":"Red Mask"},{"floor":40,"key":"Meat on the Bone"},{"floor":40,"key":"The Courier"}],"event_choices":[{"damage_healed":0,"gold_gain":0,"player_choice":"Success","damage_taken":33,"relics_obtained":["Dream Catcher"],"max_hp_gain":0,"max_hp_loss":0,"event_name":"Scrap Ooze","floor":2,"gold_loss":0},{"damage_healed":0,"gold_gain":0,"player_choice":"Grow","damage_taken":0,"max_hp_gain":0,"max_hp_loss":0,"event_name":"Living Wall","floor":4,"gold_loss":0,"cards_upgraded":["Zap"]},{"damage_healed":0,"gold_gain":0,"player_choice":"Ignored","damage_taken":0,"max_hp_gain":0,"max_hp_loss":0,"event_name":"Liars Game","floor":8,"gold_loss":0},{"damage_healed":0,"gold_gain":0,"player_choice":"Simplicity","damage_taken":0,"max_hp_gain":0,"max_hp_loss":0,"event_name":"Back to Basics","floor":22,"gold_loss":0,"cards_upgraded":["Strike_B","Strike_B","Strike_B","Defend_B","Defend_B","Defend_B","Defend_B"]},{"damage_healed":0,"gold_gain":0,"player_choice":"Traded Relic","damage_taken":0,"relics_obtained":["Nloth\u0027s Gift"],"max_hp_gain":0,"max_hp_loss":0,"event_name":"N\u0027loth","floor":24,"relics_lost":["Blood Vial"],"gold_loss":0},{"damage_healed":0,"gold_gain":0,"player_choice":"Fought Bandits","damage_taken":0,"max_hp_gain":0,"max_hp_loss":0,"event_name":"Masked Bandits","floor":31,"gold_loss":0},{"damage_healed":0,"gold_gain":0,"player_choice":"Memory 1","damage_taken":0,"max_hp_gain":0,"max_hp_loss":0,"event_name":"SensoryStone","floor":42,"gold_loss":0}],"is_beta":false,"boss_relics":[{"not_picked":["Pandora\u0027s Box","Empty Cage"],"picked":"Busted Crown"},{"not_picked":["Runic Pyramid","White Beast Statue"],"picked":"Black Star"}],"items_purged_floors":[3,38],"is_endless":false,"potions_floor_spawned":[5,13,14,16,18,21,28,35,39,40,44],"killed_by":"Giant Head","ascension_level":14}