{"gold_per_floor":[118,118,118,118,143,182,182,217,217,367,6,6,27,27,27,123,123,137,157,157,72,86,147,147,168,168,207,207,207,207,223,223,322,322,347,411,283,303,318,361,361,375,399,412,446,460,102,0,0,0,0,0,0,0,0],"floor_reached":55,"playtime":3280,"items_purged":["Doubt","Leap"],"score":2071,"play_id":"16df9edd-7c2f-4144-a843-8a86b39e7b9b","local_time":"20190119230734","is_ascension_mode":true,"campfire_choices":[{"data":"Zap","floor":7,"key":"SMITH"},{"data":"Hologram","floor":12,"key":"SMITH"},{"data":"Dualcast","floor":15,"key":"SMITH"},{"data":"Capacitor","floor":24,"key":"SMITH"},{"floor":28,"key":"REST"},{"floor":30,"key":"REST"},{"data":"Buffer","floor":32,"key":"SMITH"},{"floor":49,"key":"RECALL"},{"data":"Creative AI","floor":53,"key":"SMITH"}],"neow_cost":"NONE","seed_source_timestamp":38469350376437,"circlet_count":0,"master_deck":["AscendersBane","Zap+1","Dualcast+1","Compile Driver","Ball Lightning","Hologram+1","Cold Snap","Seek+1","Capacitor+1","Steam+1","Recycle+1","Amplify+1","Chill+1","Consume+1","FTL","Coolheaded+1","Reprogram+1","Chaos+1","Cold Snap","Buffer+1","Creative AI+1","Heatsinks+1","Undo+1","Coolheaded+1","Coolheaded+1","Conserve Battery+1","Defragment"],"relics":["Cracked Core","NeowsBlessing","PreservedInsect","Golden Idol","Pantograph","Letter Opener","Matryoshka","Toxic Egg 2","Bronze Scales","Pandora\u0027s Box","Pen Nib","Tiny Chest","Smiling Mask","Potion Belt","Cables","Singing Bowl","Gremlin Horn","Inserter","Du-Vu Doll","Centennial Puzzle","Bag of Preparation","Meat on the Bone","Red Mask"],"potions_floor_usage":[8,16,23,25,33,35,39,40,42,44],"damage_taken":[{"damage":0,"enemies":"2 Louse","floor":1,"turns":1},{"damage":0,"enemies":"Jaw Worm","floor":5,"turns":1},{"damage":0,"enemies":"3 Sentries","floor":6,"turns":1},{"damage":4,"enemies":"Lagavulin","floor":8,"turns":5},{"damage":3,"enemies":"Small Slimes","floor":13,"turns":2},{"damage":13,"enemies":"The Guardian","floor":16,"turns":11},{"damage":5,"enemies":"2 Thieves","floor":18,"turns":3},{"damage":1,"enemies":"3 Byrds","floor":19,"turns":3},{"damage":11,"enemies":"Shelled Parasite and Fungi","floor":22,"turns":6},{"damage":5,"enemies":"Book of Stabbing","floor":23,"turns":5},{"damage":43,"enemies":"Cultist and Chosen","floor":25,"turns":8},{"damage":0,"enemies":"Gremlin Leader","floor":27,"turns":4},{"damage":1,"enemies":"Centurion and Healer","floor":31,"turns":7},{"damage":0,"enemies":"Collector","floor":33,"turns":10},{"damage":9,"enemies":"3 Darklings","floor":35,"turns":4},{"damage":22,"enemies":"2 Orb Walkers","floor":36,"turns":5},{"damage":0,"enemies":"3 Shapes","floor":38,"turns":3},{"damage":21,"enemies":"3 Darklings","floor":39,"turns":3},{"damage":17,"enemies":"Reptomancer","floor":40,"turns":6},{"damage":0,"enemies":"Jaw Worm Horde","floor":42,"turns":5},{"damage":2,"enemies":"Transient","floor":44,"turns":6},{"damage":3,"enemies":"Nemesis","floor":45,"turns":9},{"damage":0,"enemies":"Sphere and 2 Shapes","floor":46,"turns":4},{"damage":15,"enemies":"Time Eater","floor":50,"turns":13},{"damage":12,"enemies":"Donu and Deca","floor":51,"turns":12},{"damage":80,"enemies":"Shield and Spear","floor":55,"turns":6}],"seed_played":"-2835201833037439325","potions_obtained":[{"floor":5,"key":"Block Potion"},{"floor":13,"key":"PowerPotion"},{"floor":16,"key":"SteroidPotion"},{"floor":22,"key":"SkillPotion"},{"floor":23,"key":"SkillPotion"},{"floor":25,"key":"Block Potion"},{"floor":27,"key":"Explosive Potion"},{"floor":35,"key":"EssenceOfSteel"},{"floor":40,"key":"Regen Potion"},{"floor":42,"key":"PowerPotion"}],"is_trial":false,"path_per_floor":["M","?","T","?","M","E","R","E","T","?","$","R","M","?","R","B",null,"M","M","$","?","M","E","R","M","T","E","R","T","R","M","R","B",null,"M","?","$","M","M","E","?","M","T","M","E","M","$","?","R","B","B",null,"R","$","E"],"character_chosen":"DEFECT","items_purchased":["Toxic Egg 2","Undo+1","Meat on the Bone","Defragment"],"campfire_rested":2,"item_purchase_floors":[11,37,47,47],"current_hp_per_floor":[64,69,69,43,43,43,43,39,39,39,39,39,36,25,25,37,66,61,60,60,60,49,44,44,1,1,1,23,23,45,44,44,69,74,67,45,45,45,26,11,11,27,27,27,24,24,24,24,24,46,59,79,79,79,0],"gold":0,"neow_bonus":"THREE_ENEMY_KILL","is_prod":false,"is_daily":false,"chose_seed":false,"campfire_upgraded":6,"win_rate":0,"timestamp":1547957254,"path_taken":["M","?","?","?","M","E","R","E","T","?","$","R","?","?","R","BOSS","M","M","$","?","M","E","R","M","T","E","R","?","R","M","R","BOSS","M","?","$","M","M","E","?","M","T","M","E","M","?","?","R","BOSS","BOSS","R","$","E"],"build_version":"2019-01-17v2","purchased_purges":2,"victory":false,"max_hp_per_floor":[71,76,76,76,76,76,76,76,76,76,76,76,76,76,76,76,76,76,76,76,76,76,76,76,76,76,76,76,76,76,76,76,76,76,78,78,78,78,80,82,82,84,84,86,86,86,86,86,86,86,86,86,86,86,86],"card_choices":[{"not_picked":["Barrage","Hologram"],"picked":"Compile Driver","floor":1},{"not_picked":["Reprogram","Heatsinks"],"picked":"Leap","floor":5},{"not_picked":["Steam","Stack"],"picked":"Ball Lightning","floor":6},{"not_picked":["Compile Driver","Tempest"],"picked":"Hologram","floor":8},{"not_picked":["Sunder","Conserve Battery+1"],"picked":"Cold Snap","floor":13},{"not_picked":["Multi-Cast+1","Meteor Strike"],"picked":"Seek+1","floor":16},{"not_picked":["Lockon","Beam Cell","Rebound"],"picked":"SKIP","floor":18},{"not_picked":["Consume+1","Scrape","Rebound"],"picked":"SKIP","floor":19},{"not_picked":["Storm","Sweeping Beam"],"picked":"Coolheaded+1","floor":22},{"not_picked":["Beam Cell","Go for the Eyes"],"picked":"Reprogram+1","floor":23},{"not_picked":["Barrage","Sunder"],"picked":"Chaos+1","floor":25},{"not_picked":["Leap+1","FTL"],"picked":"Cold Snap","floor":27},{"not_picked":["Streamline+1","Recycle+1"],"picked":"Buffer","floor":31},{"not_picked":["All For One","Seek+1"],"picked":"Creative AI","floor":33},{"not_picked":["Beam Cell","Loop","Gash+1"],"picked":"Singing Bowl","floor":35},{"not_picked":["Go for the Eyes","Stack+1"],"picked":"Heatsinks+1","floor":36},{"not_picked":["Consume+1","Barrage+1"],"picked":"Coolheaded+1","floor":38},{"not_picked":["Chaos+1","Go for the Eyes","Leap+1"],"picked":"Singing Bowl","floor":39},{"not_picked":["Darkness+1","Steam+1","Auto Shields+1"],"picked":"Singing Bowl","floor":40},{"not_picked":["Reprogram+1","Doom and Gloom+1","Beam Cell"],"picked":"Singing Bowl","floor":42},{"not_picked":["Go for the Eyes","Blizzard","Ball Lightning"],"picked":"Singing Bowl","floor":44},{"not_picked":["Hologram+1","Loop"],"picked":"Coolheaded+1","floor":45},{"not_picked":["Stack+1","Cold Snap"],"picked":"Conserve Battery+1","floor":46}],"player_experience":1345615,"relics_obtained":[{"floor":3,"key":"PreservedInsect"},{"floor":6,"key":"Pantograph"},{"floor":8,"key":"Letter Opener"},{"floor":9,"key":"Matryoshka"},{"floor":23,"key":"Tiny Chest"},{"floor":26,"key":"Smiling Mask"},{"floor":26,"key":"Potion Belt"},{"floor":27,"key":"Cables"},{"floor":29,"key":"Singing Bowl"},{"floor":29,"key":"Gremlin Horn"},{"floor":36,"key":"Du-Vu Doll"},{"floor":40,"key":"Centennial Puzzle"},{"floor":45,"key":"Bag of Preparation"}],"event_choices":[{"damage_healed":0,"gold_gain":0,"player_choice":"Donut","damage_taken":0,"max_hp_gain":5,"max_hp_loss":0,"event_name":"Big Fish","floor":2,"gold_loss":0},{"damage_healed":0,"gold_gain":0,"player_choice":"Take Damage","damage_taken":26,"relics_obtained":["Golden Idol"],"max_hp_gain":0,"max_hp_loss":0,"event_name":"Golden Idol","floor":4,"gold_loss":0},{"damage_healed":0,"gold_gain":150,"player_choice":"AGREE","damage_taken":0,"max_hp_gain":0,"max_hp_loss":0,"event_name":"Liars Game","floor":10,"gold_loss":0,"cards_obtained":["Doubt"]},{"damage_healed":0,"gold_gain":0,"player_choice":"Success","damage_taken":11,"relics_obtained":["Bronze Scales"],"max_hp_gain":0,"max_hp_loss":0,"event_name":"Scrap Ooze","floor":14,"gold_loss":0},{"damage_healed":0,"gold_gain":0,"player_choice":"Obtained Relic","damage_taken":0,"relics_obtained":["Pen Nib"],"max_hp_gain":0,"max_hp_loss":0,"event_name":"Addict","floor":21,"gold_loss":85},{"damage_healed":0,"gold_gain":0,"player_choice":"Fight","damage_taken":0,"max_hp_gain":0,"max_hp_loss":0,"event_name":"Mysterious Sphere","floor":36,"gold_loss":0},{"cards_removed":["Steam"],"damage_healed":0,"gold_gain":0,"player_choice":"Removed Skill","damage_taken":0,"max_hp_gain":0,"max_hp_loss":0,"event_name":"Falling","floor":41,"gold_loss":0},{"damage_healed":0,"gold_gain":0,"player_choice":"Paid","damage_taken":0,"relics_obtained":["Red Mask"],"max_hp_gain":0,"max_hp_loss":0,"event_name":"Tomb of Lord Red Mask","floor":48,"gold_loss":102}],"is_beta":false,"boss_relics":[{"not_picked":["FrozenCore","Ectoplasm"],"picked":"Pandora\u0027s Box"},{"not_picked":["Sozu","Black Star"],"picked":"Inserter"}],"items_purged_floors":[11,37],"is_endless":false,"potions_floor_spawned":[5,13,16,22,23,25,27,35,40,42],"killed_by":"Shield and Spear","ascension_level":20}