{"gold_per_floor":[118,129,54,54,129,157,172,172,172,207,219,237,251,271,271,366,366,386,402,402],"floor_reached":20,"playtime":1077,"items_purged":["Strike_R"],"score":263,"play_id":"b470f679-f1cd-47b5-a8d0-3400713e49d9","local_time":"20180814141031","is_ascension_mode":false,"campfire_choices":[{"floor":8.0,"key":"REST"},{"data":"Demon Form","floor":15.0,"key":"SMITH"}],"neow_cost":"NONE","seed_source_timestamp":0,"circlet_count":0,"master_deck":["Strike_R","Strike_R","Strike_R+1","Strike_R","Defend_R","Defend_R","Defend_R","Defend_R","Bash+1","Armaments","Burning Pact","Feed","Pommel Strike","Dropkick","Demon Form+1","Pommel Strike","Demon Form","Clothesline"],"special_seed":0,"relics":["Snecko Eye"],"potions_floor_usage":[],"damage_taken":[{"damage":5.0,"enemies":"Small Slimes","floor":1.0,"turns":4.0},{"damage":0.0,"enemies":"2 Louse","floor":2.0,"turns":2.0},{"damage":25.0,"enemies":"Gremlin Nob","floor":6.0,"turns":4.0},{"damage":6.0,"enemies":"Jaw Worm","floor":7.0,"turns":2.0},{"damage":10.0,"enemies":"Lagavulin","floor":10.0,"turns":5.0},{"damage":11.0,"enemies":"Gremlin Gang","floor":11.0,"turns":8.0},{"damage":0.0,"enemies":"Red Slaver","floor":12.0,"turns":2.0},{"damage":3.0,"enemies":"Lots of Slimes","floor":13.0,"turns":4.0},{"damage":7.0,"enemies":"3 Louse","floor":14.0,"turns":4.0},{"damage":0.0,"enemies":"Slime Boss","floor":16.0,"turns":6.0},{"damage":35.0,"enemies":"3 Byrds","floor":18.0,"turns":5.0},{"damage":9.0,"enemies":"Shell Parasite","floor":19.0,"turns":5.0}],"seed_played":"282002551232521045","potions_obtained":[{"floor":6.0,"key":"GamblersBrew"},{"floor":7.0,"key":"Poison Potion"},{"floor":11.0,"key":"Ancient Potion"},{"floor":12.0,"key":"LiquidBronze"},{"floor":13.0,"key":"Ancient Potion"},{"floor":14.0,"key":"SteroidPotion"},{"floor":18.0,"key":"Strength Potion"}],"is_trial":false,"path_per_floor":["M","M","$","?","?","E","M","R","T","E","M","M","M","M","R","B",null,"M","M"],"character_chosen":"IRONCLAD","items_purchased":[],"campfire_rested":1,"item_purchase_floors":[],"current_hp_per_floor":[75,75,75,59,48,23,17,41,41,31,24,24,24,20,20,24,94,63,54,54],"gold":402,"neow_bonus":"BOSS_RELIC","is_prod":false,"is_daily":false,"chose_seed":false,"campfire_upgraded":1,"win_rate":0,"timestamp":1534270231,"path_taken":["M","M","$","?","?","E","M","R","T","E","M","M","?","M","R","BOSS","M","M","?"],"build_version":"2018-08-09","purchased_purges":1,"victory":false,"max_hp_per_floor":[80,80,80,80,80,80,80,80,80,80,84,84,87,90,90,94,94,98,98,98],"card_choices":[{"not_picked":["Wild Strike","Clash","Infernal Blade"],"picked":"SKIP","floor":1.0},{"not_picked":["Flex","Dark Embrace"],"picked":"Armaments","floor":2.0},{"not_picked":["Fire Breathing","Bloodletting"],"picked":"Burning Pact","floor":6.0},{"not_picked":["Havoc","Clash","Rampage"],"picked":"SKIP","floor":7.0},{"not_picked":["Second Wind","Rampage"],"picked":"Feed","floor":10.0},{"not_picked":["Sword Boomerang","Corruption"],"picked":"Pommel Strike","floor":11.0},{"not_picked":["True Grit","Metallicize"],"picked":"Dropkick","floor":12.0},{"not_picked":["Corruption","Havoc"],"picked":"Demon Form","floor":13.0},{"not_picked":["Hemokinesis","Anger"],"picked":"Pommel Strike","floor":14.0},{"not_picked":["Brutality","Limit Break"],"picked":"Demon Form","floor":16.0},{"not_picked":["Thunderclap","Pommel Strike","Anger"],"picked":"SKIP","floor":18.0},{"not_picked":["Anger","Battle Trance"],"picked":"Clothesline","floor":19.0}],"player_experience":501007,"relics_obtained":[],"event_choices":[{"event_name":"Shining Light","player_choice":"Entered Light","floor":4.0,"damage_taken":0.0},{"event_name":"World of Goop","player_choice":"Gather Gold","floor":5.0,"damage_taken":0.0}],"is_beta":false,"boss_relics":[{"not_picked":["White Beast Statue","Calling Bell","Cursed Key"]}],"items_purged_floors":[3],"is_endless":false,"potions_floor_spawned":[6,7,11,12,13,14,18],"ascension_level":0}