{"gold_per_floor":[116,116,132,7,7,34,34,61,61,61,61,81,106,119,119,119],"floor_reached":16,"playtime":472,"items_purged":["Strike_G"],"score":286,"play_id":"c0e303f9-c9a3-4545-97ec-0b34a8e472f5","local_time":"20190607013012","is_ascension_mode":true,"campfire_choices":[{"data":"Poisoned Stab","floor":7,"key":"SMITH"},{"data":"Cloak And Dagger","floor":11,"key":"SMITH"},{"data":"Cloak And Dagger","floor":15,"key":"SMITH"}],"neow_cost":"NONE","seed_source_timestamp":256958677761443,"circlet_count":0,"master_deck":["AscendersBane","Defend_G","Defend_G","Defend_G","Defend_G","Defend_G","Strike_G","Strike_G","Strike_G+1","Survivor","Neutralize+1","Deflect","Die Die Die","PiercingWail","Cloak And Dagger+1","Poisoned Stab+1","Terror","Cloak And Dagger+1","Deflect"],"relics":["Ring of the Snake","NeowsBlessing","Gremlin Horn","Happy Flower","Kunai","Shuriken"],"potions_floor_usage":[8,16],"damage_taken":[{"damage":0,"enemies":"2 Louse","floor":1,"turns":1},{"damage":0,"enemies":"Cultist","floor":3,"turns":1},{"damage":0,"enemies":"3 Sentries","floor":6,"turns":2},{"damage":14,"enemies":"Lagavulin","floor":8,"turns":8},{"damage":0,"enemies":"Small Slimes","floor":12,"turns":2},{"damage":5,"enemies":"3 Sentries","floor":13,"turns":8},{"damage":0,"enemies":"Looter","floor":14,"turns":2},{"damage":33,"enemies":"Slime Boss","floor":16,"turns":8}],"seed_played":"1003456930969664646","potions_obtained":[{"floor":1,"key":"Energy Potion"},{"floor":3,"key":"GhostInAJar"},{"floor":13,"key":"Weak Potion"}],"is_trial":false,"path_per_floor":["M","?","M","$","?","E","R","E","T","$","R","M","E","M","R","B"],"character_chosen":"THE_SILENT","items_purchased":["PiercingWail"],"campfire_rested":0,"item_purchase_floors":[4],"current_hp_per_floor":[59,39,39,39,39,39,39,25,25,25,25,25,20,20,20,0],"gold":119,"neow_bonus":"THREE_ENEMY_KILL","is_prod":false,"is_daily":false,"chose_seed":false,"campfire_upgraded":3,"win_rate":0,"timestamp":1559885412,"path_taken":["M","?","M","$","?","E","R","E","T","$","R","?","E","?","R","BOSS"],"build_version":"2019-01-23","purchased_purges":1,"victory":false,"max_hp_per_floor":[66,66,66,66,66,66,66,66,66,66,66,66,66,66,66,66],"card_choices":[{"not_picked":["Accuracy","Blade Dance"],"picked":"Deflect","floor":1},{"not_picked":["Distraction","Deadly Poison"],"picked":"Die Die Die","floor":3},{"not_picked":["Prepared","Flying Knee"],"picked":"Poisoned Stab","floor":6},{"not_picked":["Choke","Underhanded Strike"],"picked":"Terror","floor":8},{"not_picked":["Bouncing Flask","Sucker Punch"],"picked":"Cloak And Dagger","floor":12},{"not_picked":["Dodge and Roll","Slice"],"picked":"Deflect","floor":13},{"not_picked":["Masterful Stab","Unload","Terror"],"picked":"SKIP","floor":14}],"player_experience":1460894,"relics_obtained":[{"floor":6,"key":"Gremlin Horn"},{"floor":8,"key":"Happy Flower"},{"floor":9,"key":"Kunai"},{"floor":13,"key":"Shuriken"}],"event_choices":[{"damage_healed":0,"gold_gain":0,"player_choice":"Entered Light","damage_taken":20,"max_hp_gain":0,"max_hp_loss":0,"event_name":"Shining Light","floor":2,"gold_loss":0,"cards_upgraded":["Neutralize","Strike_G"]},{"damage_healed":0,"gold_gain":0,"cards_transformed":["Strike_G"],"player_choice":"Transformed","damage_taken":0,"max_hp_gain":0,"max_hp_loss":0,"event_name":"Transmorgrifier","floor":5,"gold_loss":0,"cards_obtained":["Cloak And Dagger"]}],"is_beta":false,"boss_relics":[],"items_purged_floors":[4],"is_endless":false,"potions_floor_spawned":[1,3,6,13],"killed_by":"Slime Boss","ascension_level":20}