{"gold_per_floor":[113,67,83,100,68,68,101,126,200,200],"floor_reached":10,"playtime":811,"items_purged":[],"score":71,"play_id":"6a30c9ee-b960-4538-9022-05b76773c83a","local_time":"20190711074637","is_ascension_mode":true,"campfire_choices":[{"data":"Bash","floor":6,"key":"SMITH"}],"neow_cost":"NONE","seed_source_timestamp":96343143294408,"circlet_count":0,"master_deck":["Strike_R","Strike_R","Strike_R","Strike_R","Strike_R","Defend_R","Defend_R","Defend_R","Defend_R","Bash+1","Whirlwind","Iron Wave","Warcry","Flex","Shockwave","Sentinel","Clothesline"],"relics":["Burning Blood","Girya","Odd Mushroom"],"potions_floor_usage":[7,10],"damage_taken":[{"damage":1,"enemies":"Cultist","floor":1,"turns":4},{"damage":5,"enemies":"Small Slimes","floor":3,"turns":4},{"damage":6,"enemies":"Jaw Worm","floor":4,"turns":3},{"damage":12,"enemies":"Exordium Thugs","floor":5,"turns":5},{"damage":28,"enemies":"Gremlin Nob","floor":7,"turns":5},{"damage":20,"enemies":"The Mushroom Lair","floor":8,"turns":6},{"damage":48,"enemies":"3 Sentries","floor":10,"turns":8}],"seed_played":"7517002817762050948","potions_obtained":[{"floor":4,"key":"Weak Potion"},{"floor":8,"key":"Strength Potion"}],"is_trial":false,"path_per_floor":["M","$","M","M","M","R","E","?","T","E"],"character_chosen":"IRONCLAD","items_purchased":["Iron Wave"],"campfire_rested":0,"item_purchase_floors":[2],"current_hp_per_floor":[88,88,88,88,82,82,60,46,46,0],"gold":200,"neow_bonus":"TEN_PERCENT_HP_BONUS","is_prod":false,"is_daily":false,"chose_seed":false,"campfire_upgraded":1,"win_rate":0,"timestamp":1562856397,"path_taken":["M","?","M","?","M","R","E","?","T","E"],"build_version":"2019-07-05","purchased_purges":0,"victory":false,"max_hp_per_floor":[88,88,88,88,88,88,88,88,88,88],"card_choices":[{"not_picked":["Shrug It Off","Thunderclap"],"picked":"Whirlwind","floor":1},{"not_picked":["Thunderclap","Sword Boomerang"],"picked":"Warcry","floor":3},{"not_picked":["Wild Strike","Whirlwind"],"picked":"Flex","floor":4},{"not_picked":["Brutality","Metallicize"],"picked":"Shockwave","floor":5},{"not_picked":["Flex","Cleave"],"picked":"Sentinel","floor":7},{"not_picked":["Havoc","Evolve"],"picked":"Clothesline","floor":8}],"player_experience":271563,"relics_obtained":[{"floor":7,"key":"Girya"},{"floor":8,"key":"Odd Mushroom"}],"event_choices":[{"damage_healed":0,"gold_gain":0,"player_choice":"Fought Mushrooms","damage_taken":0,"max_hp_gain":0,"max_hp_loss":0,"event_name":"Mushrooms","floor":8,"gold_loss":0}],"is_beta":false,"boss_relics":[],"items_purged_floors":[],"is_endless":false,"potions_floor_spawned":[4,8],"killed_by":"3 Sentries","ascension_level":1}