{"gold_per_floor":[117,137,149,160,160,160,172,206,206,206,206,218,229,255,255,332,332,348,101,117,147,166,166,166],"floor_reached":24,"playtime":1159,"items_purged":[],"score":500,"play_id":"822fa04e-d7a0-4f2a-bbe2-5a7d55844bcb","local_time":"20181030200041","is_ascension_mode":true,"campfire_choices":[{"data":"Bash","floor":6,"key":"SMITH"},{"data":"Whirlwind","floor":10,"key":"SMITH"},{"data":"Combust","floor":15,"key":"SMITH"},{"data":"True Grit","floor":23,"key":"SMITH"}],"neow_cost":"NONE","seed_source_timestamp":0,"circlet_count":0,"master_deck":["Strike_R","Strike_R","Strike_R","Strike_R","Strike_R","Defend_R","Defend_R","Defend_R","Defend_R","Bash+1","AscendersBane","Clothesline","Pommel Strike","Feel No Pain","Rupture+1","Whirlwind+1","Headbutt","Combust+1","Brutality","Dark Embrace","True Grit+1","Warcry","Thunderclap"],"special_seed":0,"relics":["Burning Blood","Matryoshka","Red Skull","Singing Bowl","Mummified Hand","Odd Mushroom","Sozu","Chemical X","Red Mask"],"potions_floor_usage":[7,8,8,24,24],"damage_taken":[{"damage":4,"enemies":"Jaw Worm","floor":1,"turns":5},{"damage":4,"enemies":"Cultist","floor":2,"turns":3},{"damage":5,"enemies":"Small Slimes","floor":3,"turns":4},{"damage":14,"enemies":"Blue Slaver","floor":4,"turns":7},{"damage":20,"enemies":"Looter","floor":7,"turns":4},{"damage":26,"enemies":"Gremlin Nob","floor":8,"turns":4},{"damage":0,"enemies":"2 Fungi Beasts","floor":12,"turns":2},{"damage":0,"enemies":"Lots of Slimes","floor":13,"turns":1},{"damage":0,"enemies":"The Mushroom Lair","floor":14,"turns":1},{"damage":7,"enemies":"Slime Boss","floor":16,"turns":5},{"damage":15,"enemies":"Chosen","floor":18,"turns":5},{"damage":2,"enemies":"3 Byrds","floor":20,"turns":3},{"damage":0,"enemies":"Masked Bandits","floor":21,"turns":1},{"damage":26,"enemies":"Centurion and Healer","floor":22,"turns":6},{"damage":6,"enemies":"Colosseum Slavers","floor":24,"turns":4},{"damage":63,"enemies":"Colosseum Nobs","floor":24,"turns":4}],"seed_played":"545541691292191837","potions_obtained":[{"floor":2,"key":"GamblersBrew"},{"floor":4,"key":"Fruit Juice"},{"floor":7,"key":"LiquidBronze"},{"floor":12,"key":"Block Potion"},{"floor":14,"key":"SkillPotion"}],"is_trial":false,"path_per_floor":["M","M","M","M","?","R","M","E","T","R","?","M","M","?","R","B",null,"M","$","M","?","M","R"],"character_chosen":"IRONCLAD","items_purchased":["Chemical X","True Grit"],"campfire_rested":0,"item_purchase_floors":[19,19],"current_hp_per_floor":[77,79,80,72,72,72,63,43,43,43,25,31,37,45,45,44,78,71,71,75,81,63,63,0],"gold":166,"neow_bonus":"TEN_PERCENT_HP_BONUS","is_prod":false,"is_daily":false,"chose_seed":false,"campfire_upgraded":4,"win_rate":0,"timestamp":1540944041,"path_taken":["M","M","M","M","?","R","M","E","T","R","?","?","M","?","R","BOSS","M","$","M","?","M","R","?"],"build_version":"2018-10-25v2","purchased_purges":0,"victory":false,"max_hp_per_floor":[82,82,82,82,82,82,87,87,87,87,87,87,87,89,89,89,89,91,91,91,91,93,93,93],"card_choices":[{"not_picked":["Anger","Havoc"],"picked":"Clothesline","floor":1},{"not_picked":["Body Slam","Iron Wave"],"picked":"Pommel Strike","floor":2},{"not_picked":["Havoc","Flame Barrier"],"picked":"Feel No Pain","floor":3},{"not_picked":["Body Slam","Twin Strike"],"picked":"Rupture","floor":4},{"not_picked":["Clash","Pommel Strike"],"picked":"Whirlwind","floor":7},{"not_picked":["Sword Boomerang","Metallicize"],"picked":"Headbutt","floor":8},{"not_picked":["Wild Strike","Sword Boomerang"],"picked":"Combust","floor":12},{"not_picked":["Shrug It Off","Dual Wield"],"picked":"Brutality","floor":13},{"not_picked":["Headbutt","Body Slam","Cleave"],"picked":"Singing Bowl","floor":14},{"not_picked":["Double Tap","Berserk"],"picked":"Dark Embrace","floor":16},{"not_picked":["Perfected Strike","Sword Boomerang","Flex+1"],"picked":"Singing Bowl","floor":18},{"not_picked":["Armaments","Cleave"],"picked":"Warcry","floor":20},{"not_picked":["Sever Soul","Perfected Strike"],"picked":"Thunderclap","floor":21},{"not_picked":["Clothesline","Combust","Heavy Blade"],"picked":"Singing Bowl","floor":22}],"player_experience":1018971,"relics_obtained":[{"floor":8,"key":"Matryoshka"},{"floor":9,"key":"Red Skull"},{"floor":9,"key":"Singing Bowl"},{"floor":14,"key":"Odd Mushroom"},{"floor":21,"key":"Red Mask"}],"event_choices":[{"damage_healed":0,"gold_gain":0,"player_choice":"Upgraded","damage_taken":0,"max_hp_gain":0,"max_hp_loss":0,"event_name":"Upgrade Shrine","floor":5,"gold_loss":0,"cards_upgraded":["Rupture"]},{"damage_healed":0,"gold_gain":0,"player_choice":"Success","damage_taken":18,"relics_obtained":["Mummified Hand"],"max_hp_gain":0,"max_hp_loss":0,"event_name":"Scrap Ooze","floor":11,"gold_loss":0},{"damage_healed":0,"gold_gain":0,"player_choice":"Fought Mushrooms","damage_taken":0,"max_hp_gain":0,"max_hp_loss":0,"event_name":"Mushrooms","floor":14,"gold_loss":0},{"damage_healed":0,"gold_gain":0,"player_choice":"Fought Bandits","damage_taken":0,"max_hp_gain":0,"max_hp_loss":0,"event_name":"Masked Bandits","floor":21,"gold_loss":0},{"damage_healed":0,"gold_gain":0,"player_choice":"Fight","damage_taken":0,"max_hp_gain":0,"max_hp_loss":0,"event_name":"Colosseum","floor":24,"gold_loss":0},{"damage_healed":0,"gold_gain":0,"player_choice":"Fought Nobs","damage_taken":0,"max_hp_gain":0,"max_hp_loss":0,"event_name":"Colosseum","floor":24,"gold_loss":0}],"is_beta":false,"boss_relics":[{"not_picked":["Astrolabe","Fusion Hammer"],"picked":"Sozu"}],"items_purged_floors":[],"is_endless":false,"potions_floor_spawned":[2,4,7,12,14,21],"killed_by":"Colosseum Nobs","ascension_level":20}