{"gold_per_floor":[110,90,104,124,141,168,186,186],"floor_reached":8,"playtime":310,"items_purged":[],"score":120,"play_id":"a45fdca6-fb92-41a3-863f-ac2e7e7716bd","local_time":"20181129131154","is_ascension_mode":true,"campfire_choices":[],"neow_cost":"NONE","seed_source_timestamp":346460957377663,"circlet_count":0,"master_deck":["AscendersBane","Strike_B","Strike_B","Strike_B","Strike_B","Defend_B","Defend_B","Defend_B","Defend_B","Zap","Dualcast","Defragment","Sweeping Beam","Sunder","Steam","Gash","Compile Driver"],"special_seed":0,"relics":["Cracked Core","Ornamental Fan"],"potions_floor_usage":[6,6],"damage_taken":[{"damage":7.0,"enemies":"Jaw Worm","floor":1.0,"turns":4.0},{"damage":1.0,"enemies":"Cultist","floor":3.0,"turns":3.0},{"damage":10.0,"enemies":"2 Louse","floor":4.0,"turns":3.0},{"damage":7.0,"enemies":"Looter","floor":5.0,"turns":3.0},{"damage":19,"enemies":"Gremlin Nob","floor":6,"turns":4},{"damage":4,"enemies":"Red Slaver","floor":7,"turns":3},{"damage":30,"enemies":"Lagavulin","floor":8,"turns":5}],"seed_played":"8220604279130090180","potions_obtained":[{"floor":1.0,"key":"SpeedPotion"},{"floor":2.0,"key":"Swift Potion"},{"floor":5.0,"key":"Explosive Potion"},{"floor":6,"key":"Explosive Potion"}],"is_trial":false,"path_per_floor":["M","?","M","M","M","E","M","E"],"character_chosen":"DEFECT","items_purchased":[],"campfire_rested":0,"item_purchase_floors":[],"current_hp_per_floor":[64,64,63,53,46,27,23,0],"gold":186,"neow_bonus":"TEN_PERCENT_HP_BONUS","is_prod":false,"is_daily":false,"chose_seed":false,"campfire_upgraded":0,"win_rate":0,"timestamp":1543515114,"path_taken":["M","?","M","?","M","E","M","E"],"build_version":"2018-11-15","purchased_purges":0,"victory":false,"max_hp_per_floor":[78,78,78,78,78,78,78,78],"card_choices":[{"not_picked":["Genetic Algorithm","Fusion"],"picked":"Defragment","floor":1.0},{"not_picked":["Fusion","Streamline"],"picked":"Sweeping Beam","floor":3.0},{"not_picked":["Rip and Tear","Melter"],"picked":"Sunder","floor":4.0},{"not_picked":["Redo","Tempest"],"picked":"Steam","floor":5.0},{"not_picked":["Barrage","Tempest"],"picked":"Gash","floor":6},{"not_picked":["Beam Cell","Steam"],"picked":"Compile Driver","floor":7}],"player_experience":1197594,"relics_obtained":[{"floor":6,"key":"Ornamental Fan"}],"event_choices":[{"damage_healed":0.0,"max_hp_gain":0.0,"max_hp_loss":0.0,"gold_gain":0.0,"event_name":"The Woman in Blue","player_choice":"Bought 1 Potion","floor":2.0,"gold_loss":0.0,"damage_taken":0.0}],"is_beta":false,"boss_relics":[],"items_purged_floors":[],"is_endless":false,"potions_floor_spawned":[1,5,6],"killed_by":"Lagavulin","ascension_level":20}