{"gold_per_floor":[115,115,132,132,132,132,146,192,192,1,1,30,40,58,58,160,160,171,182,182,199,124,151,151,151],"floor_reached":25,"playtime":1516,"items_purged":[],"score":221,"play_id":"cb01a3a0-bdde-47f6-afc7-ad29dcceffdd","local_time":"20190613132518","is_ascension_mode":false,"campfire_choices":[{"data":"Bash","floor":6,"key":"SMITH"},{"floor":15,"key":"REST"},{"floor":24,"key":"REST"}],"neow_cost":"NONE","seed_source_timestamp":45784587959370,"circlet_count":0,"master_deck":["Strike_R","Strike_R","Strike_R","Strike_R","Strike_R","Defend_R","Defend_R+1","Defend_R","Defend_R+1","Bash+1","Sever Soul","Anger","Rampage","Battle Trance","Spot Weakness","Blood for Blood","Armaments","Demon Form","Reckless Charge+1","Uppercut","Shrug It Off+1","Metallicize"],"relics":["Black Star","WarpedTongs","Happy Flower","Lantern","Centennial Puzzle","Vajra","GremlinMask","Potion Belt","Gremlin Horn","Busted Crown","Pen Nib","War Paint"],"potions_floor_usage":[12,16,16,21,23,25],"damage_taken":[{"damage":3,"enemies":"Small Slimes","floor":1,"turns":3},{"damage":3,"enemies":"Cultist","floor":3,"turns":3},{"damage":11,"enemies":"Jaw Worm","floor":7,"turns":2},{"damage":13,"enemies":"Lagavulin","floor":12,"turns":3},{"damage":6,"enemies":"Large Slime","floor":13,"turns":4},{"damage":9,"enemies":"Gremlin Gang","floor":14,"turns":3},{"damage":25,"enemies":"Hexaghost","floor":16,"turns":6},{"damage":16,"enemies":"Shell Parasite","floor":18,"turns":3},{"damage":8,"enemies":"Chosen","floor":19,"turns":4},{"damage":7,"enemies":"Sentry and Sphere","floor":21,"turns":3},{"damage":28,"enemies":"Gremlin Leader","floor":23,"turns":6},{"damage":33,"enemies":"Slavers","floor":25,"turns":3}],"seed_played":"-8263938595964200757","potions_obtained":[{"floor":1,"key":"GamblersBrew"},{"floor":3,"key":"SpeedPotion"},{"floor":14,"key":"SkillPotion"},{"floor":16,"key":"LiquidBronze"},{"floor":18,"key":"AttackPotion"},{"floor":23,"key":"Ancient Potion"}],"is_trial":false,"path_per_floor":["M","?","M","$","?","R","M","T","T","$","?","E","M","M","R","B",null,"M","M","?","M","?","E","R","E"],"character_chosen":"IRONCLAD","items_purchased":["Vajra","Battle Trance"],"campfire_rested":2,"item_purchase_floors":[10,10],"current_hp_per_floor":[77,77,74,74,56,56,45,45,45,45,45,32,26,17,41,16,80,64,56,41,34,34,6,31,0],"gold":151,"neow_bonus":"BOSS_RELIC","is_prod":false,"is_daily":false,"chose_seed":false,"campfire_upgraded":1,"win_rate":0.0,"timestamp":1560425118,"path_taken":["M","?","?","$","?","R","M","?","T","$","?","E","M","?","R","BOSS","M","M","?","M","?","E","R","E"],"build_version":"2019-01-23","purchased_purges":0,"victory":false,"max_hp_per_floor":[80,80,80,80,80,80,80,80,80,80,80,80,80,80,80,80,80,80,80,85,85,85,85,85,85],"card_choices":[{"not_picked":["Reckless Charge","Flex"],"picked":"Sever Soul","floor":1},{"not_picked":["Sever Soul","Warcry"],"picked":"Anger","floor":3},{"not_picked":["Dropkick","Perfected Strike"],"picked":"Rampage","floor":7},{"not_picked":["Searing Blow","Armaments"],"picked":"Spot Weakness","floor":12},{"not_picked":["Armaments","Clothesline"],"picked":"Blood for Blood","floor":13},{"not_picked":["Dual Wield","Spot Weakness"],"picked":"Armaments","floor":14},{"not_picked":["Brutality","Bludgeon"],"picked":"Demon Form","floor":16},{"not_picked":[],"picked":"Reckless Charge+1","floor":18},{"not_picked":[],"picked":"Uppercut","floor":19},{"not_picked":[],"picked":"Shrug It Off+1","floor":21},{"not_picked":[],"picked":"Metallicize","floor":23}],"player_experience":15594,"relics_obtained":[{"floor":8,"key":"Lantern"},{"floor":9,"key":"Centennial Puzzle"},{"floor":12,"key":"Potion Belt"},{"floor":12,"key":"Gremlin Horn"},{"floor":23,"key":"Pen Nib"},{"floor":23,"key":"War Paint"}],"event_choices":[{"damage_healed":0,"gold_gain":0,"player_choice":"Rummage","damage_taken":0,"relics_obtained":["WarpedTongs"],"max_hp_gain":0,"max_hp_loss":0,"event_name":"Accursed Blacksmith","floor":2,"gold_loss":0,"cards_obtained":["Pain"]},{"damage_healed":0,"gold_gain":0,"player_choice":"Success","damage_taken":18,"relics_obtained":["Happy Flower"],"max_hp_gain":0,"max_hp_loss":0,"event_name":"Scrap Ooze","floor":5,"gold_loss":0},{"damage_healed":0,"gold_gain":0,"player_choice":"Trade","damage_taken":0,"relics_obtained":["GremlinMask"],"max_hp_gain":0,"max_hp_loss":0,"event_name":"FaceTrader","floor":11,"gold_loss":0},{"damage_healed":0,"gold_gain":0,"player_choice":"Shed Blood","damage_taken":20,"max_hp_gain":5,"max_hp_loss":0,"event_name":"Forgotten Altar","floor":20,"gold_loss":0},{"cards_removed":["Pain"],"damage_healed":0,"gold_gain":0,"player_choice":"Gave Gold","damage_taken":0,"max_hp_gain":0,"max_hp_loss":0,"event_name":"Beggar","floor":22,"gold_loss":75}],"is_beta":false,"boss_relics":[{"not_picked":["White Beast Statue","Lizard Tail"],"picked":"Busted Crown"}],"items_purged_floors":[],"is_endless":false,"potions_floor_spawned":[1,3,14,16,18,23],"killed_by":"Slavers","ascension_level":0}