{"gold_per_floor":[114,124,138,151,166,166,196,196,196,196,208,27,52,62,62,160,160,180,1,21,39,55,55,55,55,55,55,84,84,84,94,94,195,195,210,229,229,84,84,115,115,166,214,214,249,268,268],"floor_reached":47,"playtime":3063,"items_purged":["Strike_G","Decay"],"score":873,"play_id":"99241a43-db9f-447e-83ef-3e46b9b5e896","local_time":"20190609194718","is_ascension_mode":true,"campfire_choices":[{"data":"Skewer","floor":6,"key":"SMITH"},{"floor":10,"key":"REST"},{"data":"Neutralize","floor":15,"key":"SMITH"},{"data":"Leg Sweep","floor":23,"key":"SMITH"},{"floor":25,"key":"REST"},{"data":"Leg Sweep","floor":27,"key":"SMITH"},{"data":"Caltrops","floor":30,"key":"SMITH"},{"data":"Caltrops","floor":32,"key":"SMITH"},{"floor":41,"key":"RECALL"},{"floor":44,"key":"REST"}],"neow_cost":"NONE","seed_source_timestamp":0,"circlet_count":0,"master_deck":["AscendersBane","Defend_G","Defend_G+1","Defend_G","Defend_G","Defend_G","Strike_G","Survivor","Neutralize+1","Dagger Throw","Caltrops+1","Skewer+1","Dash","PiercingWail+1","After Image","Caltrops+1","Flying Knee","Leg Sweep+1","Dagger Spray","Caltrops","Leg Sweep+1","Well Laid Plans","Venomology","Blur","Dodge and Roll+1","Blur","Backflip+1","All Out Attack","Noxious Fumes","Backflip+1","Phantasmal Killer","Underhanded Strike+1","Trip","Predator","Writhe"],"special_seed":0,"relics":["Velvet Choker","Centennial Puzzle","Paper Crane","War Paint","The Courier","Orrery","Pen Nib","Art of War","Busted Crown","The Specimen","Tough Bandages","Potion Belt"],"potions_floor_usage":[7,7,16,21,28,28,31,33,33,33,33,40,42,45,45,46,46,47],"damage_taken":[{"damage":0.0,"enemies":"Small Slimes","floor":1.0,"turns":4.0},{"damage":2.0,"enemies":"Cultist","floor":2.0,"turns":4.0},{"damage":0.0,"enemies":"2 Louse","floor":3.0,"turns":3.0},{"damage":0.0,"enemies":"Large Slime","floor":4.0,"turns":7.0},{"damage":0.0,"enemies":"Blue Slaver","floor":5.0,"turns":4.0},{"damage":22,"enemies":"Lagavulin","floor":7,"turns":5},{"damage":0,"enemies":"2 Fungi Beasts","floor":11,"turns":3},{"damage":15,"enemies":"3 Sentries","floor":13,"turns":6},{"damage":1,"enemies":"Exordium Wildlife","floor":14,"turns":4},{"damage":0,"enemies":"Hexaghost","floor":16,"turns":9},{"damage":21,"enemies":"Spheric Guardian","floor":18,"turns":6},{"damage":2,"enemies":"Chosen","floor":20,"turns":6},{"damage":3,"enemies":"Snake Plant","floor":21,"turns":5},{"damage":3,"enemies":"Cultist and Chosen","floor":22,"turns":10},{"damage":2,"enemies":"Gremlin Leader","floor":28,"turns":11},{"damage":3,"enemies":"Centurion and Healer","floor":31,"turns":5},{"damage":38,"enemies":"Champ","floor":33,"turns":20},{"damage":2,"enemies":"3 Darklings","floor":35,"turns":8},{"damage":5,"enemies":"3 Shapes","floor":36,"turns":6},{"damage":21,"enemies":"Nemesis","floor":40,"turns":5},{"damage":14,"enemies":"2 Orb Walkers","floor":42,"turns":6},{"damage":15,"enemies":"Reptomancer","floor":45,"turns":8},{"damage":36,"enemies":"Writhing Mass","floor":46,"turns":5},{"damage":8,"enemies":"Sphere and 2 Shapes","floor":47,"turns":1}],"seed_played":"-3881835275128721731","potions_obtained":[{"floor":1.0,"key":"Energy Potion"},{"floor":2.0,"key":"Fire Potion"},{"floor":7,"key":"PowerPotion"},{"floor":14,"key":"Weak Potion"},{"floor":16,"key":"Poison Potion"},{"floor":22,"key":"SkillPotion"},{"floor":28,"key":"GamblersBrew"},{"floor":31,"key":"SpeedPotion"},{"floor":42,"key":"Block Potion"},{"floor":46,"key":"AttackPotion"}],"is_trial":false,"path_per_floor":["M","M","M","M","M","R","E","?","T","R","M","$","E","M","R","B",null,"M","$","M","M","M","R","?","R","T","R","E","?","R","M","R","B",null,"M","M","?","$","?","E","R","?","T","R","E","M","M"],"character_chosen":"THE_SILENT","items_purchased":["War Paint","Caltrops","Venomology","Predator"],"campfire_rested":3,"item_purchase_floors":[12,12,19,38],"current_hp_per_floor":[63,61,61,61,61,61,39,39,39,60,60,60,45,44,44,44,64,43,43,41,38,35,35,35,56,56,56,54,54,54,51,51,28,60,58,53,53,53,70,49,49,35,35,56,41,5,0],"gold":268,"neow_bonus":"BOSS_RELIC","is_prod":false,"is_daily":false,"chose_seed":false,"campfire_upgraded":6,"win_rate":0,"timestamp":1560124038,"path_taken":["M","M","M","M","M","R","E","?","T","R","?","$","E","M","R","BOSS","M","$","M","M","M","R","?","R","T","R","E","?","R","M","R","BOSS","M","M","?","$","?","E","R","?","T","R","E","M","M"],"build_version":"2019-01-23","purchased_purges":2,"victory":false,"max_hp_per_floor":[70,70,70,70,70,70,70,70,70,70,70,70,70,70,70,70,70,70,70,70,70,70,70,70,70,70,70,70,70,70,70,70,70,70,70,70,70,70,70,70,70,70,70,70,70,70,70],"card_choices":[{"not_picked":["Prepared","Tactician","Choke"],"picked":"SKIP","floor":1.0},{"not_picked":["Cloak And Dagger","Dodge and Roll"],"picked":"Dagger Throw","floor":2.0},{"not_picked":["Dodge and Roll","Prepared"],"picked":"Caltrops","floor":3.0},{"not_picked":["Flying Knee","Blade Dance"],"picked":"Skewer","floor":4.0},{"not_picked":["Backstab","Slice"],"picked":"Dash","floor":5.0},{"not_picked":["Expertise","Well Laid Plans"],"picked":"PiercingWail","floor":7},{"not_picked":["Envenom","Concentrate","PiercingWail"],"picked":"SKIP","floor":11},{"not_picked":["Bane","Cloak And Dagger","Reflex"],"picked":"SKIP","floor":13},{"not_picked":["Concentrate","Quick Slash"],"picked":"Flying Knee","floor":14},{"not_picked":["Outmaneuver","Acrobatics"],"picked":"Leg Sweep","floor":17},{"not_picked":["Slice","Concentrate"],"picked":"Dagger Spray","floor":17},{"not_picked":["Concentrate","Sucker Punch"],"picked":"Caltrops","floor":17},{"not_picked":["Quick Slash","Reflex"],"picked":"Leg Sweep","floor":17},{"not_picked":["Dagger Throw","Poisoned Stab"],"picked":"Well Laid Plans","floor":17},{"not_picked":["Tactician","Quick Slash","Leg Sweep"],"picked":"SKIP","floor":18},{"not_picked":["Deadly Poison","Blade Dance"],"picked":"Blur","floor":20},{"not_picked":["Prepared","Quick Slash"],"picked":"Dodge and Roll+1","floor":21},{"not_picked":["Deadly Poison","Flying Knee"],"picked":"Blur","floor":22},{"not_picked":["Reflex","Deflect"],"picked":"Backflip+1","floor":28},{"not_picked":["Outmaneuver+1","Setup"],"picked":"Backflip+1","floor":31},{"not_picked":["Venomology","Storm of Steel"],"picked":"Phantasmal Killer","floor":33},{"not_picked":["Acrobatics"],"picked":"SKIP","floor":35},{"not_picked":[],"picked":"Underhanded Strike+1","floor":36},{"not_picked":[],"picked":"Trip","floor":37},{"not_picked":["Endless Agony+1"],"picked":"SKIP","floor":40},{"not_picked":["Wraith Form v2"],"picked":"SKIP","floor":45},{"not_picked":["Cloak And Dagger"],"picked":"SKIP","floor":46}],"player_experience":395673,"relics_obtained":[{"floor":7,"key":"Centennial Puzzle"},{"floor":9,"key":"Paper Crane"},{"floor":13,"key":"The Courier"},{"floor":26,"key":"Pen Nib"},{"floor":28,"key":"Art of War"},{"floor":40,"key":"The Specimen"},{"floor":42,"key":"Tough Bandages"},{"floor":45,"key":"Potion Belt"}],"event_choices":[{"damage_healed":0,"gold_gain":0,"cards_transformed":["Strike_G"],"player_choice":"Transformed","damage_taken":0,"max_hp_gain":0,"max_hp_loss":0,"event_name":"Transmorgrifier","floor":8,"gold_loss":0,"cards_obtained":["After Image"]},{"damage_healed":0,"gold_gain":0,"player_choice":"Smashed Altar","damage_taken":0,"max_hp_gain":0,"max_hp_loss":0,"event_name":"Forgotten Altar","floor":24,"gold_loss":0,"cards_obtained":["Decay"]},{"damage_healed":0,"gold_gain":0,"cards_transformed":["Strike_G","Strike_G"],"player_choice":"Became Test Subject","damage_taken":0,"max_hp_gain":0,"max_hp_loss":0,"event_name":"Drug Dealer","floor":29,"gold_loss":0,"cards_obtained":["All Out Attack","Noxious Fumes"]},{"damage_healed":0,"gold_gain":0,"player_choice":"Memory 1","damage_taken":0,"max_hp_gain":0,"max_hp_loss":0,"event_name":"SensoryStone","floor":37,"gold_loss":0},{"damage_healed":18,"gold_gain":0,"player_choice":"Writhe","damage_taken":0,"max_hp_gain":0,"max_hp_loss":0,"event_name":"Winding Halls","floor":39,"gold_loss":0,"cards_obtained":["Writhe"]},{"damage_healed":0,"gold_gain":0,"player_choice":"Fight","damage_taken":0,"max_hp_gain":0,"max_hp_loss":0,"event_name":"Mysterious Sphere","floor":42,"gold_loss":0}],"is_beta":false,"boss_relics":[{"not_picked":["Fusion Hammer","HoveringKite"],"picked":"Orrery"},{"not_picked":["Tiny House","Pandora\u0027s Box"],"picked":"Busted Crown"}],"items_purged_floors":[19,38],"is_endless":false,"potions_floor_spawned":[1,2,7,14,16,22,28,31,42,46],"killed_by":"Sphere and 2 Shapes","ascension_level":10}