{"gold_per_floor":[118,118,118,128,145,145,70,70,70,84,118,132,18,18,18,18],"floor_reached":16,"playtime":661,"items_purged":["Strike_R"],"score":200,"play_id":"52d6e827-6b9c-44be-8305-884bc33de0a6","local_time":"20181118232156","is_ascension_mode":true,"campfire_choices":[{"data":"Clothesline","floor":6,"key":"SMITH"},{"data":"Rage","floor":8,"key":"SMITH"},{"floor":15,"key":"REST"}],"neow_cost":"NONE","seed_source_timestamp":386577067593039,"circlet_count":0,"master_deck":["AscendersBane","Strike_R","Strike_R+1","Strike_R+1","Defend_R","Defend_R","Defend_R","Defend_R","Bash+1","Shrug It Off","Clothesline+1","Rage+1","Metallicize","True Grit","Anger","Shockwave"],"special_seed":0,"relics":["Burning Blood","Bag of Preparation","PreservedInsect","Bronze Scales"],"potions_floor_usage":[10,16],"damage_taken":[{"damage":9.0,"enemies":"Jaw Worm","floor":1.0,"turns":5.0},{"damage":5.0,"enemies":"2 Louse","floor":4.0,"turns":3.0},{"damage":4.0,"enemies":"Small Slimes","floor":5.0,"turns":3.0},{"damage":25,"enemies":"Gremlin Gang","floor":10,"turns":6},{"damage":20,"enemies":"Lagavulin","floor":11,"turns":7},{"damage":0,"enemies":"Large Slime","floor":12,"turns":15},{"damage":29,"enemies":"The Guardian","floor":16,"turns":6}],"seed_played":"2529792879410581657","potions_obtained":[{"floor":4.0,"key":"EssenceOfSteel"},{"floor":11,"key":"SkillPotion"}],"is_trial":false,"path_per_floor":["M","?","?","M","M","M","R","?","R","T","M","E","M","$","?","R","B"],"character_chosen":"IRONCLAD","items_purchased":["Shockwave"],"campfire_rested":1,"item_purchase_floors":[13],"current_hp_per_floor":[65,42,42,43,45,45,45,45,45,26,12,18,18,7,29,0],"gold":18,"neow_bonus":"RANDOM_COMMON_RELIC","is_prod":false,"is_daily":false,"chose_seed":false,"campfire_upgraded":2,"win_rate":0,"timestamp":1542601316,"path_taken":["M","?","?","?","M","R","?","R","T","M","E","M","$","?","R","BOSS"],"build_version":"2018-11-15","purchased_purges":1,"victory":false,"max_hp_per_floor":[75,75,75,75,75,75,75,75,75,75,75,75,75,75,75,75],"card_choices":[{"not_picked":["Twin Strike","Pommel Strike"],"picked":"Shrug It Off","floor":1.0},{"not_picked":["Pommel Strike","Metallicize"],"picked":"Clothesline","floor":4.0},{"not_picked":["Heavy Blade","Blood for Blood"],"picked":"Rage","floor":5},{"not_picked":["Perfected Strike","Warcry"],"picked":"Metallicize","floor":10},{"not_picked":["Blood for Blood","Flex"],"picked":"True Grit","floor":11},{"not_picked":["Armaments","Pommel Strike"],"picked":"Anger","floor":12}],"player_experience":1109906,"relics_obtained":[{"floor":11,"key":"PreservedInsect"}],"event_choices":[{"damage_healed":0.0,"max_hp_gain":0.0,"max_hp_loss":0.0,"gold_gain":0.0,"event_name":"Shining Light","player_choice":"Entered Light","floor":2.0,"gold_loss":0.0,"damage_taken":23.0,"cards_upgraded":["Strike_R","Strike_R"]},{"damage_healed":0.0,"max_hp_gain":0.0,"max_hp_loss":0.0,"gold_gain":0.0,"event_name":"Living Wall","player_choice":"Grow","floor":3.0,"gold_loss":0.0,"damage_taken":0.0,"cards_upgraded":["Bash"]},{"cards_removed":["Strike_R"],"damage_healed":0,"gold_gain":0,"player_choice":"Card Removal","damage_taken":0,"max_hp_gain":0,"max_hp_loss":0,"event_name":"The Cleric","floor":7,"gold_loss":75},{"damage_healed":0,"gold_gain":0,"player_choice":"Success","damage_taken":11,"relics_obtained":["Bronze Scales"],"max_hp_gain":0,"max_hp_loss":0,"event_name":"Scrap Ooze","floor":14,"gold_loss":0}],"is_beta":false,"boss_relics":[],"items_purged_floors":[13],"is_endless":false,"potions_floor_spawned":[4,11],"killed_by":"The Guardian","ascension_level":20}