{"gold_per_floor":[214,229,77,93,93,93,112,174,200,225,241,241,15,26,26,102,102,73,93,93,110,31,31,66,78,129,141,16,28,28,28],"floor_reached":31,"playtime":1816,"items_purged":["Strike_G","Strike_G","Shame"],"score":588,"play_id":"8342eb84-057c-42fd-a550-8e4d32586fb3","local_time":"20190715003205","is_ascension_mode":true,"campfire_choices":[{"data":"Well Laid Plans","floor":6,"key":"SMITH"},{"floor":12,"key":"REST"},{"data":"Footwork","floor":15,"key":"SMITH"},{"data":"Bullet Time","floor":23,"key":"SMITH"}],"neow_cost":"NONE","seed_source_timestamp":454577834919896,"circlet_count":0,"master_deck":["AscendersBane","Defend_G","Defend_G","Defend_G","Defend_G","Defend_G+1","Survivor+1","Neutralize","Predator+1","PiercingWail","Well Laid Plans+1","Dagger Throw","All Out Attack+1","Quick Slash","Night Terror","Footwork+1","Bouncing Flask","Grand Finale","Calculated Gamble+1","Eviscerate","Bullet Time+1"],"relics":["Ring of the Snake","Tiny Chest","War Paint","Orichalcum","Cursed Key","Bottled Tornado","Whetstone","SsserpentHead"],"potions_floor_usage":[8,10,24,24],"damage_taken":[{"damage":2,"enemies":"Small Slimes","floor":1,"turns":7},{"damage":6,"enemies":"Cultist","floor":2,"turns":4},{"damage":0,"enemies":"2 Louse","floor":4,"turns":2},{"damage":0,"enemies":"Blue Slaver","floor":7,"turns":6},{"damage":11,"enemies":"3 Sentries","floor":8,"turns":5},{"damage":15,"enemies":"Lagavulin","floor":10,"turns":7},{"damage":1,"enemies":"Large Slime","floor":11,"turns":5},{"damage":0,"enemies":"Looter","floor":14,"turns":4},{"damage":28,"enemies":"The Guardian","floor":16,"turns":13},{"damage":3,"enemies":"2 Thieves","floor":18,"turns":4},{"damage":13,"enemies":"Shell Parasite","floor":19,"turns":6},{"damage":17,"enemies":"Shelled Parasite and Fungi","floor":21,"turns":3},{"damage":0,"enemies":"Gremlin Leader","floor":24,"turns":5},{"damage":0,"enemies":"Snecko","floor":25,"turns":5},{"damage":14,"enemies":"Snake Plant","floor":27,"turns":5},{"damage":0,"enemies":"Sentry and Sphere","floor":29,"turns":3},{"damage":10,"enemies":"Cultist and Chosen","floor":31,"turns":6}],"seed_played":"467409285204228032","potions_obtained":[{"floor":1,"key":"Explosive Potion"},{"floor":2,"key":"Fire Potion"},{"floor":19,"key":"FearPotion"},{"floor":24,"key":"Poison Potion"},{"floor":27,"key":"SteroidPotion"}],"is_trial":false,"path_per_floor":["M","M","$","M","?","R","M","E","T","E","M","R","$","M","R","B",null,"M","M","?","M","$","R","E","M","T","M","$","M","?","M"],"character_chosen":"THE_SILENT","items_purchased":["Well Laid Plans","Footwork","Bouncing Flask","GhostInAJar"],"campfire_rested":1,"item_purchase_floors":[3,13,13,22],"current_hp_per_floor":[57,51,51,51,51,51,51,40,40,25,24,43,43,43,43,15,53,50,37,37,20,20,20,20,20,20,6,6,6,6,0],"gold":28,"neow_bonus":"HUNDRED_GOLD","is_prod":false,"is_daily":false,"chose_seed":false,"campfire_upgraded":3,"win_rate":0,"timestamp":1563165125,"path_taken":["M","M","$","M","?","R","?","E","T","E","M","R","$","M","R","BOSS","M","M","?","M","$","R","E","M","T","M","$","M","?","M"],"build_version":"2019-07-05","purchased_purges":3,"victory":false,"max_hp_per_floor":[66,66,66,66,66,66,66,66,66,66,66,66,66,66,66,66,66,66,66,66,66,66,66,66,66,66,66,66,66,66,66],"card_choices":[{"not_picked":["Masterful Stab","Reflex"],"picked":"Predator","floor":1},{"not_picked":["Calculated Gamble","Dodge and Roll"],"picked":"PiercingWail","floor":2},{"not_picked":["Bane","Dodge and Roll"],"picked":"Dagger Throw","floor":4},{"not_picked":["Flying Knee","Storm of Steel"],"picked":"Quick Slash","floor":7},{"not_picked":["Skewer","Concentrate"],"picked":"Night Terror","floor":8},{"not_picked":["Blade Dance","All Out Attack","Slice"],"picked":"SKIP","floor":10},{"not_picked":["Blade Dance","Outmaneuver","Bane"],"picked":"SKIP","floor":11},{"not_picked":["Bane","Heel Hook","Blade Dance"],"picked":"SKIP","floor":14},{"not_picked":["Bullet Time","Night Terror"],"picked":"Grand Finale","floor":16},{"not_picked":["Dagger Throw+1","Backstab","Distraction"],"picked":"SKIP","floor":18},{"not_picked":["Backstab+1","Accuracy"],"picked":"Calculated Gamble+1","floor":19},{"not_picked":["Dodge and Roll","Finisher","Quick Slash"],"picked":"SKIP","floor":21},{"not_picked":["Acrobatics","Flying Knee","Dagger Spray"],"picked":"SKIP","floor":24},{"not_picked":["Dodge and Roll","Poisoned Stab","Concentrate"],"picked":"SKIP","floor":25},{"not_picked":["Quick Slash","Well Laid Plans","Slice"],"picked":"SKIP","floor":27},{"not_picked":["Endless Agony","Slice","Masterful Stab"],"picked":"SKIP","floor":29}],"player_experience":1495909,"relics_obtained":[{"floor":8,"key":"Tiny Chest"},{"floor":9,"key":"War Paint"},{"floor":10,"key":"Orichalcum"},{"floor":24,"key":"Bottled Tornado"},{"floor":26,"key":"Whetstone"}],"event_choices":[{"damage_healed":0,"gold_gain":0,"cards_transformed":["Strike_G"],"player_choice":"Transformed","damage_taken":0,"max_hp_gain":0,"max_hp_loss":0,"event_name":"Transmorgrifier","floor":5,"gold_loss":0,"cards_obtained":["All Out Attack"]},{"damage_healed":0,"gold_gain":0,"cards_transformed":["Strike_G","Strike_G"],"player_choice":"Became Test Subject","damage_taken":0,"max_hp_gain":0,"max_hp_loss":0,"event_name":"Drug Dealer","floor":20,"gold_loss":0,"cards_obtained":["Eviscerate","Bullet Time"]},{"damage_healed":0,"gold_gain":0,"player_choice":"Trade","damage_taken":0,"relics_obtained":["SsserpentHead"],"max_hp_gain":0,"max_hp_loss":0,"event_name":"FaceTrader","floor":30,"gold_loss":0}],"is_beta":false,"boss_relics":[{"not_picked":["Ring of the Serpent","Orrery"],"picked":"Cursed Key"}],"items_purged_floors":[3,13,28],"is_endless":false,"potions_floor_spawned":[1,2,7,19,24,27],"killed_by":"Cultist and Chosen","ascension_level":20}