{"gold_per_floor":[115,15,25,36,55,85,99,24,102,118,148,165,165,165,165,165],"floor_reached":16,"playtime":644,"items_purged":["Strike_R"],"score":248,"play_id":"682f5254-b620-4eed-ac74-c22025d8cb7d","local_time":"20190514160812","is_ascension_mode":true,"campfire_choices":[{"data":"Armaments","floor":15,"key":"SMITH"}],"neow_cost":"PERCENT_DAMAGE","seed_source_timestamp":859842767317795,"circlet_count":0,"master_deck":["AscendersBane","Strike_R","Strike_R","Strike_R","Defend_R","Defend_R","Defend_R","Defend_R","Bash","Spot Weakness","Armaments+1","Shrug It Off","Inflame","Thunderclap","Bludgeon","Whirlwind","Clothesline","Feed"],"relics":["Burning Blood","Potion Belt","Peace Pipe","Golden Idol"],"potions_floor_usage":[11,12,13],"damage_taken":[{"damage":5,"enemies":"2 Louse","floor":1,"turns":4},{"damage":4,"enemies":"Jaw Worm","floor":3,"turns":4},{"damage":1,"enemies":"Cultist","floor":4,"turns":3},{"damage":8,"enemies":"Blue Slaver","floor":5,"turns":7},{"damage":39,"enemies":"Gremlin Nob","floor":6,"turns":4},{"damage":6,"enemies":"Looter","floor":7,"turns":4},{"damage":4,"enemies":"Large Slime","floor":10,"turns":8},{"damage":15,"enemies":"3 Sentries","floor":11,"turns":6},{"damage":7,"enemies":"3 Louse","floor":12,"turns":2},{"damage":22,"enemies":"Lagavulin","floor":13,"turns":7},{"damage":20,"enemies":"Slime Boss","floor":16,"turns":3}],"seed_played":"1929581375969378991","potions_obtained":[{"floor":3,"key":"Explosive Potion"},{"floor":5,"key":"SmokeBomb"},{"floor":6,"key":"Block Potion"},{"floor":11,"key":"Ancient Potion"}],"is_trial":false,"path_per_floor":["M","$","M","M","M","E","M","?","T","M","E","M","E","?","R","B"],"character_chosen":"IRONCLAD","items_purchased":["Armaments"],"campfire_rested":0,"item_purchase_floors":[2],"current_hp_per_floor":[65,65,67,72,70,37,37,37,37,39,30,29,13,13,13,0],"gold":165,"neow_bonus":"TWENTY_PERCENT_HP_BONUS","is_prod":false,"is_daily":false,"chose_seed":false,"campfire_upgraded":1,"win_rate":0,"timestamp":1557864492,"path_taken":["M","$","M","M","M","E","M","?","T","M","E","M","E","?","R","BOSS"],"build_version":"2019-01-23","purchased_purges":1,"victory":false,"max_hp_per_floor":[89,89,89,89,89,89,89,89,89,89,89,89,89,81,81,81],"card_choices":[{"not_picked":["Iron Wave","Clothesline"],"picked":"Spot Weakness","floor":1},{"not_picked":["Perfected Strike","Havoc"],"picked":"Shrug It Off","floor":3},{"not_picked":["Sentinel","Fire Breathing"],"picked":"Inflame","floor":4},{"not_picked":["True Grit","Dual Wield"],"picked":"Thunderclap","floor":5},{"not_picked":["Hemokinesis","Pommel Strike"],"picked":"Bludgeon","floor":6},{"not_picked":["Burning Pact","Pommel Strike"],"picked":"Whirlwind","floor":7},{"not_picked":["Carnage","Power Through"],"picked":"Clothesline","floor":10},{"not_picked":["Sentinel","Twin Strike","Clash"],"picked":"SKIP","floor":11},{"not_picked":["Rupture","Pommel Strike"],"picked":"Feed","floor":12}],"player_experience":1397374,"relics_obtained":[{"floor":6,"key":"Potion Belt"},{"floor":11,"key":"Peace Pipe"}],"event_choices":[{"cards_removed":["Strike_R"],"damage_healed":0,"gold_gain":0,"player_choice":"Card Removal","damage_taken":0,"max_hp_gain":0,"max_hp_loss":0,"event_name":"The Cleric","floor":8,"gold_loss":75},{"damage_healed":0,"gold_gain":0,"player_choice":"Lose Max HP","damage_taken":0,"relics_obtained":["Golden Idol"],"max_hp_gain":0,"max_hp_loss":8,"event_name":"Golden Idol","floor":14,"gold_loss":0}],"is_beta":false,"boss_relics":[],"items_purged_floors":[2],"is_endless":false,"potions_floor_spawned":[3,5,6,11],"killed_by":"Slime Boss","ascension_level":20}