{"gold_per_floor":[114,264,276,276,288,288,301,314,339,339,366,3,3],"floor_reached":13,"playtime":493,"items_purged":["Doubt"],"score":170,"play_id":"844188a4-bdf7-4c4b-8b19-2b2c8eb96e8e","local_time":"20181111131247","is_ascension_mode":true,"campfire_choices":[{"data":"Zap","floor":6,"key":"SMITH"},{"data":"Doom and Gloom","floor":10,"key":"SMITH"}],"neow_cost":"","seed_source_timestamp":0,"circlet_count":0,"master_deck":["AscendersBane","Strike_B","Strike_B","Strike_B","Defend_B","Defend_B","Defend_B","Defend_B","Zap+1","Dualcast","Cold Snap","Consume","Doom and Gloom+1","Conserve Battery","Hologram","Static Discharge"],"relics":["Cracked Core","Dream Catcher","Oddly Smooth Stone","Medical Kit"],"potions_floor_usage":[11],"damage_taken":[{"damage":0,"enemies":"2 Louse","floor":1,"turns":2},{"damage":6,"enemies":"Small Slimes","floor":3,"turns":3},{"damage":2,"enemies":"Cultist","floor":5,"turns":5},{"damage":3,"enemies":"Large Slime","floor":7,"turns":6},{"damage":13,"enemies":"Lots of Slimes","floor":8,"turns":2},{"damage":28,"enemies":"3 Sentries","floor":11,"turns":7},{"damage":13,"enemies":"Exordium Wildlife","floor":13,"turns":2}],"seed_played":"7817158940716054917","potions_obtained":[{"floor":7,"key":"SpeedPotion"},{"floor":8,"key":"Energy Potion"}],"is_trial":true,"path_per_floor":["M","?","M","?","M","R","M","M","T","R","E","$","M"],"character_chosen":"DEFECT","items_purchased":["Medical Kit","Static Discharge"],"campfire_rested":0,"item_purchase_floors":[12,12],"current_hp_per_floor":[64,64,58,58,56,56,53,40,40,40,12,12,0],"gold":3,"neow_bonus":"","is_prod":false,"is_daily":false,"chose_seed":false,"campfire_upgraded":2,"win_rate":0,"timestamp":1541959967,"path_taken":["M","?","M","?","M","R","M","?","T","R","E","$","M"],"build_version":"2018-11-08","purchased_purges":1,"victory":false,"max_hp_per_floor":[71,71,71,71,71,71,71,71,71,71,71,71,71],"card_choices":[{"not_picked":["Barrage","Beam Cell","Scrape"],"picked":"SKIP","floor":1},{"not_picked":["Conserve Battery","Double Energy"],"picked":"Cold Snap","floor":3},{"not_picked":["Barrage","Rebound","Turbo"],"picked":"SKIP","floor":5},{"not_picked":["Barrage","White Noise"],"picked":"Doom and Gloom","floor":7},{"not_picked":["Scrape","Streamline"],"picked":"Conserve Battery","floor":8},{"not_picked":["Hello World","Conserve Battery"],"picked":"Hologram","floor":11}],"player_experience":1043374,"relics_obtained":[{"floor":9,"key":"Dream Catcher"},{"floor":11,"key":"Oddly Smooth Stone"}],"event_choices":[{"damage_healed":0,"gold_gain":150,"player_choice":"AGREE","damage_taken":0,"max_hp_gain":0,"max_hp_loss":0,"event_name":"Liars Game","floor":2,"gold_loss":0,"cards_obtained":["Doubt"]},{"damage_healed":0,"gold_gain":0,"cards_transformed":["Strike_B"],"player_choice":"Transformed","damage_taken":0,"max_hp_gain":0,"max_hp_loss":0,"event_name":"Transmorgrifier","floor":4,"gold_loss":0,"cards_obtained":["Consume"]}],"is_beta":false,"boss_relics":[],"items_purged_floors":[12],"is_endless":true,"potions_floor_spawned":[7,8],"killed_by":"Exordium Wildlife","ascension_level":20}