{"gold_per_floor":[109,109,120,138,47,77,77,89,115,133,163,181,181,194,194,295,295,313,313,403,418,433,433,444,444,513,529,529,548,548,574,574,678,678,695,436,446,446],"floor_reached":38,"playtime":3099,"items_purged":[],"score":456,"play_id":"b2e23fa1-369f-482f-9b51-448fb0f5662d","local_time":"20190710171626","is_ascension_mode":true,"campfire_choices":[{"floor":7,"key":"REST"},{"floor":13,"key":"REST"},{"floor":15,"key":"REST"},{"floor":23,"key":"REST"},{"floor":25,"key":"REST"},{"floor":28,"key":"REST"},{"floor":32,"key":"REST"}],"neow_cost":"NONE","seed_source_timestamp":41843228745414,"circlet_count":0,"master_deck":["Strike_R+1","Strike_R","Strike_R+1","Defend_R","Defend_R+1","Defend_R","Defend_R+1","Bash","Uppercut","Sentinel","Flex","Armaments","Evolve","Body Slam","Feel No Pain","Demon Form","Fire Breathing","Iron Wave","Rampage","Feed","Iron Wave","Metallicize","Body Slam+1","Flex","Impervious","Entrench","Shrug It Off","Barricade","Body Slam","Seeing Red+1"],"relics":["Burning Blood","Whetstone","War Paint","Red Skull","Mummified Hand","Lizard Tail","Blue Candle","Orichalcum","Eternal Feather","Matryoshka"],"potions_floor_usage":[11,16,24,27,31,33,33,37],"damage_taken":[{"damage":1,"enemies":"Cultist","floor":1,"turns":3},{"damage":0,"enemies":"Small Slimes","floor":3,"turns":2},{"damage":3,"enemies":"Jaw Worm","floor":4,"turns":3},{"damage":63,"enemies":"Gremlin Nob","floor":6,"turns":6},{"damage":0,"enemies":"Blue Slaver","floor":8,"turns":3},{"damage":14,"enemies":"Large Slime","floor":10,"turns":3},{"damage":18,"enemies":"3 Sentries","floor":11,"turns":8},{"damage":5,"enemies":"3 Louse","floor":12,"turns":2},{"damage":13,"enemies":"Red Slaver","floor":14,"turns":4},{"damage":48,"enemies":"Slime Boss","floor":16,"turns":9},{"damage":38,"enemies":"Spheric Guardian","floor":18,"turns":6},{"damage":6,"enemies":"Chosen","floor":21,"turns":5},{"damage":30,"enemies":"Sentry and Sphere","floor":22,"turns":7},{"damage":9,"enemies":"Cultist and Chosen","floor":24,"turns":6},{"damage":19,"enemies":"Chosen and Byrds","floor":27,"turns":7},{"damage":25,"enemies":"Centurion and Healer","floor":29,"turns":6},{"damage":58,"enemies":"Book of Stabbing","floor":31,"turns":8},{"damage":82,"enemies":"Automaton","floor":33,"turns":12},{"damage":57,"enemies":"3 Darklings","floor":35,"turns":10},{"damage":17,"enemies":"Orb Walker","floor":37,"turns":3},{"damage":38,"enemies":"Spire Growth","floor":38,"turns":4}],"seed_played":"2689179780488843332","potions_obtained":[{"floor":1,"key":"Energy Potion"},{"floor":6,"key":"Ancient Potion"},{"floor":11,"key":"Energy Potion"},{"floor":12,"key":"Ancient Potion"},{"floor":21,"key":"SteroidPotion"},{"floor":24,"key":"Fire Potion"},{"floor":29,"key":"EssenceOfSteel"},{"floor":33,"key":"Energy Potion"}],"is_trial":false,"path_per_floor":["M","?","M","M","$","E","R","M","T","M","E","M","R","M","R","B",null,"M","?","?","M","M","R","M","R","T","M","R","M","?","E","R","B",null,"M","$","M","M"],"character_chosen":"IRONCLAD","items_purchased":["Armaments","Evolve","Matryoshka"],"campfire_rested":7,"item_purchase_floors":[5,5,36],"current_hp_per_floor":[80,68,74,77,77,20,44,50,50,42,30,31,55,48,72,30,80,48,48,32,32,11,35,35,60,60,50,76,60,60,8,35,31,95,44,44,33,0],"gold":446,"neow_bonus":"RANDOM_COMMON_RELIC","is_prod":false,"is_daily":false,"chose_seed":false,"campfire_upgraded":0,"win_rate":0,"timestamp":1562804186,"path_taken":["M","?","M","M","$","E","R","M","T","M","E","M","R","M","R","BOSS","M","?","?","M","?","R","M","R","T","M","R","?","?","E","R","BOSS","M","$","M","M"],"build_version":"2019-07-05","purchased_purges":0,"victory":false,"max_hp_per_floor":[80,80,80,80,80,80,80,80,80,80,80,80,80,80,80,80,80,80,80,80,80,83,83,86,86,86,89,89,92,92,92,92,95,95,95,95,95,95],"card_choices":[{"not_picked":["True Grit","Headbutt"],"picked":"Uppercut","floor":1},{"not_picked":["Dual Wield","Feel No Pain"],"picked":"Sentinel","floor":3},{"not_picked":["True Grit","Headbutt"],"picked":"Flex","floor":4},{"not_picked":["Burning Pact","Warcry"],"picked":"Body Slam","floor":6},{"not_picked":["Twin Strike","Hemokinesis"],"picked":"Feel No Pain","floor":8},{"not_picked":["Heavy Blade","Thunderclap"],"picked":"Demon Form","floor":10},{"not_picked":["Body Slam","Berserk"],"picked":"Fire Breathing","floor":11},{"not_picked":["Havoc","Wild Strike"],"picked":"Iron Wave","floor":12},{"not_picked":["True Grit","Clash"],"picked":"Rampage","floor":14},{"not_picked":["Double Tap","Offering"],"picked":"Feed","floor":16},{"not_picked":["Anger","Hemokinesis"],"picked":"Iron Wave","floor":18},{"not_picked":["Havoc","Battle Trance"],"picked":"Metallicize","floor":21},{"not_picked":["Searing Blow","Intimidate+1","Pummel+1"],"picked":"SKIP","floor":22},{"not_picked":["Warcry+1","Clash","Hemokinesis+1"],"picked":"SKIP","floor":24},{"not_picked":["Disarm+1","Warcry"],"picked":"Body Slam+1","floor":27},{"not_picked":["Combust","Blood for Blood"],"picked":"Flex","floor":29},{"not_picked":["Pommel Strike+1","Rage"],"picked":"Shrug It Off","floor":31},{"not_picked":["Demon Form","Fiend Fire"],"picked":"Barricade","floor":33},{"not_picked":["Anger+1","Clothesline"],"picked":"Body Slam","floor":35},{"not_picked":["Clash","Bloodletting+1"],"picked":"Seeing Red+1","floor":37}],"player_experience":252565,"relics_obtained":[{"floor":6,"key":"Red Skull"},{"floor":11,"key":"Mummified Hand"},{"floor":26,"key":"Blue Candle"},{"floor":31,"key":"Orichalcum"}],"event_choices":[{"damage_healed":0,"gold_gain":0,"player_choice":"Success","damage_taken":12,"relics_obtained":["War Paint"],"max_hp_gain":0,"max_hp_loss":0,"event_name":"Scrap Ooze","floor":2,"gold_loss":0},{"damage_healed":0,"gold_gain":0,"player_choice":"Ignored","damage_taken":0,"max_hp_gain":0,"max_hp_loss":0,"event_name":"Ghosts","floor":19,"gold_loss":0},{"damage_healed":0,"gold_gain":90,"player_choice":"GOLD ","damage_taken":16,"max_hp_gain":0,"max_hp_loss":0,"event_name":"Knowing Skull","floor":20,"potions_obtained":[],"gold_loss":0,"cards_obtained":[]},{"damage_healed":0,"gold_gain":0,"cards_transformed":["Strike_R","Strike_R"],"player_choice":"Became Test Subject","damage_taken":0,"max_hp_gain":0,"max_hp_loss":0,"event_name":"Drug Dealer","floor":30,"gold_loss":0,"cards_obtained":["Impervious","Entrench"]}],"is_beta":false,"boss_relics":[{"not_picked":["Fusion Hammer","Black Blood"],"picked":"Lizard Tail"},{"not_picked":["Velvet Choker","Calling Bell"],"picked":"Eternal Feather"}],"items_purged_floors":[],"is_endless":false,"potions_floor_spawned":[1,6,11,12,21,24,29,33],"killed_by":"Spire Growth","ascension_level":1}