{"gold_per_floor":[214,229,241,253,266,266,295,351,351,362,362,393,409,3,3,102,102,102,102,114,39,52,52,81,81,154,30,40,40,40],"floor_reached":30,"playtime":1499,"items_purged":["Strike_R","Strike_R"],"score":367,"play_id":"69188947-3d84-4385-ba52-383b01bbd337","local_time":"20180801184916","is_ascension_mode":true,"campfire_choices":[{"data":"Rampage","floor":6,"key":"SMITH"},{"data":"True Grit","floor":11,"key":"SMITH"},{"floor":15,"key":"REST"},{"floor":23,"key":"REST"},{"data":"Limit Break","floor":25,"key":"SMITH"},{"floor":29,"key":"REST"}],"neow_cost":"NONE","seed_source_timestamp":20841906770203,"circlet_count":0,"master_deck":["Strike_R","Strike_R","Defend_R","Defend_R","Defend_R","Defend_R","Bash","Rampage+1","Armaments","True Grit+1","Headbutt","Battle Trance","Inflame","Anger","Spot Weakness","Battle Trance","Burning Pact","Limit Break+1","Flame Barrier","Evolve+1","Flex","Headbutt","True Grit","Flex+1"],"relics":["Burning Blood","Ancient Tea Set","The Courier","StoneCalendar","Sundial","Bottled Flame","Bronze Scales","Mark of Pain","Dodecahedron","Smiling Mask"],"potions_floor_usage":[7,7,10,12,12,18,18,24,30,30],"damage_taken":[{"damage":5,"enemies":"2 Louse","floor":1,"turns":3},{"damage":9,"enemies":"Jaw Worm","floor":2,"turns":4},{"damage":1,"enemies":"Cultist","floor":3,"turns":4},{"damage":14,"enemies":"Gremlin Gang","floor":4,"turns":9},{"damage":5,"enemies":"Large Slime","floor":5,"turns":6},{"damage":16,"enemies":"Gremlin Nob","floor":7,"turns":3},{"damage":21,"enemies":"Lagavulin Event","floor":8,"turns":5},{"damage":10,"enemies":"Lots of Slimes","floor":10,"turns":3},{"damage":30,"enemies":"Lagavulin","floor":12,"turns":5},{"damage":3,"enemies":"Blue Slaver","floor":13,"turns":4},{"damage":27,"enemies":"Hexaghost","floor":16,"turns":6},{"damage":0,"enemies":"2 Thieves","floor":18,"turns":1},{"damage":10,"enemies":"3 Byrds","floor":20,"turns":4},{"damage":27,"enemies":"Cultist and Chosen","floor":22,"turns":5},{"damage":33,"enemies":"Slavers","floor":24,"turns":5},{"damage":27,"enemies":"Snake Plant","floor":28,"turns":4},{"damage":43,"enemies":"Gremlin Leader","floor":30,"turns":5}],"seed_played":"3834229008337873480","potions_obtained":[{"floor":1,"key":"GamblersBrew"},{"floor":3,"key":"Poison Potion"},{"floor":5,"key":"GamblersBrew"},{"floor":7,"key":"SmokeBomb"},{"floor":8,"key":"SteroidPotion"},{"floor":10,"key":"Poison Potion"},{"floor":12,"key":"Swift Potion"},{"floor":20,"key":"SteroidPotion"},{"floor":22,"key":"Energy Potion"},{"floor":24,"key":"SteroidPotion"}],"is_trial":false,"path_per_floor":["M","M","M","M","M","R","E","?","T","M","R","E","M","$","R","B",null,"M","?","M","?","M","R","E","R","T","$","M","R"],"character_chosen":"IRONCLAD","items_purchased":["Bottled Flame","Bronze Scales","Headbutt","True Grit"],"campfire_rested":3,"item_purchase_floors":[14,14,27,27],"current_hp_per_floor":[73,70,75,67,68,68,58,43,43,39,39,15,18,18,42,21,65,71,56,52,52,31,56,29,29,29,29,8,33,0],"gold":40,"neow_bonus":"HUNDRED_GOLD","is_prod":false,"is_daily":false,"chose_seed":false,"campfire_upgraded":3,"win_rate":0,"timestamp":1533163756,"path_taken":["M","M","M","M","M","R","E","?","T","M","R","E","M","$","R","BOSS","M","?","M","?","M","R","E","R","T","?","M","R","E"],"build_version":"2018-07-26","purchased_purges":2,"victory":false,"max_hp_per_floor":[80,80,80,80,80,80,80,80,80,80,80,80,80,80,80,80,80,80,85,85,85,85,85,85,85,85,85,85,85,85],"card_choices":[{"not_picked":["Power Through","Warcry"],"picked":"Rampage","floor":1},{"not_picked":["Power Through","Twin Strike"],"picked":"Armaments","floor":2},{"not_picked":["Heavy Blade","Infernal Blade"],"picked":"True Grit","floor":3},{"not_picked":["Inflame","Body Slam"],"picked":"Headbutt","floor":4},{"not_picked":["Sword Boomerang","Pommel Strike"],"picked":"Battle Trance","floor":5},{"not_picked":["Power Through","Armaments"],"picked":"Inflame","floor":7},{"not_picked":["Perfected Strike","Entrench"],"picked":"Anger","floor":8},{"not_picked":["Corruption","Carnage"],"picked":"Spot Weakness","floor":10},{"not_picked":["Reaper","Clash"],"picked":"Battle Trance","floor":12},{"not_picked":["Cleave","Iron Wave"],"picked":"Burning Pact","floor":13},{"not_picked":["Demon Form","Dark Embrace"],"picked":"Limit Break","floor":16},{"not_picked":["Wild Strike","Rampage+1"],"picked":"Flame Barrier","floor":20},{"not_picked":["Infernal Blade","Warcry+1"],"picked":"Evolve+1","floor":22},{"not_picked":["Anger","Rampage"],"picked":"Flex","floor":24},{"not_picked":["Iron Wave","Clothesline"],"picked":"Flex+1","floor":28}],"player_experience":419553,"relics_obtained":[{"floor":7,"key":"Ancient Tea Set"},{"floor":8,"key":"The Courier"},{"floor":9,"key":"StoneCalendar"},{"floor":12,"key":"Sundial"},{"floor":24,"key":"Dodecahedron"},{"floor":26,"key":"Smiling Mask"}],"event_choices":[{"event_name":"Dead Adventurer","player_choice":"Searched \u00272\u0027 times","floor":8,"damage_taken":0},{"event_name":"Forgotten Altar","player_choice":"Shed Blood","floor":19,"damage_taken":0},{"event_name":"Beggar","player_choice":"Gave Gold","floor":21,"damage_taken":0}],"is_beta":false,"boss_relics":[{"not_picked":["Calling Bell","Black Blood"],"picked":"Mark of Pain"}],"items_purged_floors":[14,27],"is_endless":false,"potions_floor_spawned":[1,3,5,7,8,10,12,20,22,24],"killed_by":"Gremlin Leader","ascension_level":8}