{"gold_per_floor":[115,133,143,163,6,6,31,43,81,93,140,172,184,196,208,318,330,360,389,414,426,456,468,480],"floor_reached":24,"playtime":1086,"items_purged":[],"score":400,"play_id":"813d0cd7-965f-4291-ba29-2d50f789e051","local_time":"20190712181035","is_ascension_mode":true,"campfire_choices":[{"data":"Dodge and Roll","floor":6,"key":"SMITH"},{"data":"Backflip","floor":8,"key":"SMITH"},{"floor":10,"key":"REST"},{"data":"A Thousand Cuts","floor":13,"key":"SMITH"},{"data":"Skewer","floor":15,"key":"SMITH"},{"floor":23,"key":"REST"}],"neow_cost":"NONE","seed_source_timestamp":49651854394116,"circlet_count":0,"master_deck":["AscendersBane","Strike_G","Strike_G","Strike_G","Strike_G","Defend_G","Defend_G","Defend_G","Defend_G","Defend_G","Survivor","Neutralize+1","Flying Knee","Dodge and Roll+1","Leg Sweep","Skewer+1","Backflip+1","A Thousand Cuts+1","Venomology","Blade Dance","Footwork","Deadly Poison+1","Phantasmal Killer"],"relics":["Ring of the Serpent","Centennial Puzzle","MawBank","Strawberry","Vajra"],"potions_floor_usage":[11,11,16,18,18,20,22,22],"damage_taken":[{"damage":6,"enemies":"Small Slimes","floor":1,"turns":5},{"damage":1,"enemies":"2 Louse","floor":2,"turns":3},{"damage":0,"enemies":"Cultist","floor":3,"turns":4},{"damage":1,"enemies":"Blue Slaver","floor":4,"turns":4},{"damage":24,"enemies":"Gremlin Nob","floor":7,"turns":4},{"damage":18,"enemies":"Lagavulin","floor":11,"turns":6},{"damage":6,"enemies":"3 Louse","floor":12,"turns":3},{"damage":0,"enemies":"Slime Boss","floor":16,"turns":8},{"damage":24,"enemies":"2 Thieves","floor":18,"turns":5},{"damage":26,"enemies":"Spheric Guardian","floor":19,"turns":6},{"damage":15,"enemies":"Snecko","floor":20,"turns":5},{"damage":0,"enemies":"Chosen and Byrds","floor":22,"turns":6},{"damage":32,"enemies":"Gremlin Leader","floor":24,"turns":2}],"seed_played":"3885593259343574984","potions_obtained":[{"floor":1,"key":"Explosive Potion"},{"floor":3,"key":"Weak Potion"},{"floor":11,"key":"Weak Potion"},{"floor":12,"key":"PowerPotion"},{"floor":16,"key":"FearPotion"},{"floor":18,"key":"SpeedPotion"},{"floor":19,"key":"Energy Potion"}],"is_trial":false,"path_per_floor":["M","M","M","M","$","R","E","R","T","R","E","M","R","?","R","B",null,"M","M","M","?","M","R","E"],"character_chosen":"THE_SILENT","items_purchased":["Centennial Puzzle"],"campfire_rested":2,"item_purchase_floors":[5],"current_hp_per_floor":[57,56,56,55,55,55,31,31,38,61,43,37,37,62,62,62,73,49,23,8,8,8,31,0],"gold":480,"neow_bonus":"UPGRADE_CARD","is_prod":false,"is_daily":false,"chose_seed":false,"campfire_upgraded":4,"win_rate":0,"timestamp":1562969435,"path_taken":["M","M","M","M","$","R","E","R","T","R","E","M","R","?","R","BOSS","M","M","M","?","?","R","E"],"build_version":"2019-07-05","purchased_purges":0,"victory":false,"max_hp_per_floor":[70,70,70,70,70,70,70,70,77,77,77,77,77,77,77,77,77,77,77,77,77,77,77,77],"card_choices":[{"not_picked":["Distraction","Accuracy"],"picked":"Flying Knee","floor":1},{"not_picked":["Acrobatics","Blade Dance"],"picked":"Dodge and Roll","floor":2},{"not_picked":["Dodge and Roll","Venomology"],"picked":"Leg Sweep","floor":3},{"not_picked":["Concentrate","Bouncing Flask"],"picked":"Skewer","floor":4},{"not_picked":["Flying Knee","Bouncing Flask"],"picked":"Backflip","floor":7},{"not_picked":["Cloak And Dagger","Underhanded Strike"],"picked":"A Thousand Cuts","floor":11},{"not_picked":["Dodge and Roll","Underhanded Strike","Dash"],"picked":"SKIP","floor":12},{"not_picked":["Unload","A Thousand Cuts"],"picked":"Venomology","floor":16},{"not_picked":["Calculated Gamble+1","Acrobatics+1"],"picked":"Blade Dance","floor":18},{"not_picked":["Dagger Spray","Calculated Gamble"],"picked":"Footwork","floor":19},{"not_picked":["Dagger Throw","Acrobatics"],"picked":"Deadly Poison+1","floor":20},{"not_picked":["Outmaneuver","Poisoned Stab+1"],"picked":"Phantasmal Killer","floor":22}],"player_experience":495305,"relics_obtained":[{"floor":7,"key":"MawBank"},{"floor":9,"key":"Strawberry"},{"floor":11,"key":"Vajra"}],"event_choices":[{"damage_healed":25,"gold_gain":0,"player_choice":"Banana","damage_taken":0,"max_hp_gain":0,"max_hp_loss":0,"event_name":"Big Fish","floor":14,"gold_loss":0},{"cards_removed":["Strike_G"],"damage_healed":0,"gold_gain":0,"player_choice":"Purged","damage_taken":0,"max_hp_gain":0,"max_hp_loss":0,"event_name":"Purifier","floor":21,"gold_loss":0}],"is_beta":false,"boss_relics":[{"not_picked":["Tiny House","Calling Bell"],"picked":"Ring of the Serpent"}],"items_purged_floors":[],"is_endless":false,"potions_floor_spawned":[1,3,11,12,16,18,19],"killed_by":"Gremlin Leader","ascension_level":11}