{"gold_per_floor":[111,123,123,140,315,315,103,103,128,128,228,228,263,277,277,377,377,396,396,396,152,152,216,216,551,551,85,85,98,115,130,130,231,231,243,37,48,59,0,0,16,16,39,39,50,60,93,106,106,106,106,106,31,66,66],"floor_reached":55,"playtime":2729,"items_purged":["Doubt","Strike_R","Defend_R","Parasite"],"score":1115,"play_id":"5cf9e4be-d635-4306-bdb4-2167af7ecdb0","local_time":"20190704173138","is_ascension_mode":true,"campfire_choices":[{"data":"Sword Boomerang","floor":6,"key":"SMITH"},{"data":"Shrug It Off","floor":8,"key":"SMITH"},{"data":"Spot Weakness","floor":10,"key":"SMITH"},{"data":"Bash","floor":12,"key":"SMITH"},{"data":"Defend_R","floor":15,"key":"SMITH"},{"floor":24,"key":"REST"},{"data":"Limit Break","floor":32,"key":"SMITH"},{"data":"Feed","floor":40,"key":"SMITH"},{"floor":42,"key":"RECALL"},{"floor":49,"key":"DIG"},{"floor":52,"key":"DIG"}],"neow_cost":"TEN_PERCENT_HP_LOSS","seed_source_timestamp":130083826178452,"circlet_count":0,"master_deck":["AscendersBane","Strike_R","Defend_R+1","Bash+1","Spot Weakness+1","Sword Boomerang+1","Shrug It Off+1","Impervious","Limit Break+1","Thunderclap","Shrug It Off","Body Slam+1","Feed+1","Heavy Blade+1","Heavy Blade+1","Flex+1","Dropkick","Dropkick+1"],"relics":["Burning Blood","Bag of Preparation","Juzu Bracelet","Empty Cage","MutagenicStrength","Oddly Smooth Stone","Bronze Scales","Tiny Chest","Old Coin","Gremlin Horn","Happy Flower","TheAbacus","Philosopher\u0027s Stone","Membership Card","Red Mask","Shovel","Mercury Hourglass","Sundial","Pear"],"potions_floor_usage":[13,23,46,47,55,55],"damage_taken":[{"damage":8,"enemies":"Jaw Worm","floor":1,"turns":5},{"damage":1,"enemies":"2 Louse","floor":2,"turns":3},{"damage":1,"enemies":"Cultist","floor":4,"turns":3},{"damage":8,"enemies":"Gremlin Nob","floor":13,"turns":4},{"damage":12,"enemies":"Large Slime","floor":14,"turns":5},{"damage":20,"enemies":"Hexaghost","floor":16,"turns":8},{"damage":22,"enemies":"2 Thieves","floor":18,"turns":4},{"damage":41,"enemies":"Slavers","floor":23,"turns":6},{"damage":6,"enemies":"Gremlin Leader","floor":25,"turns":5},{"damage":11,"enemies":"3 Byrds","floor":29,"turns":4},{"damage":2,"enemies":"Centurion and Healer","floor":30,"turns":3},{"damage":0,"enemies":"Snake Plant","floor":31,"turns":5},{"damage":62,"enemies":"Collector","floor":33,"turns":7},{"damage":0,"enemies":"Orb Walker","floor":35,"turns":3},{"damage":0,"enemies":"3 Shapes","floor":37,"turns":4},{"damage":16,"enemies":"Jaw Worm Horde","floor":38,"turns":4},{"damage":2,"enemies":"Sphere and 2 Shapes","floor":41,"turns":4},{"damage":3,"enemies":"3 Darklings","floor":45,"turns":2},{"damage":0,"enemies":"4 Shapes","floor":46,"turns":5},{"damage":24,"enemies":"Reptomancer","floor":47,"turns":4},{"damage":0,"enemies":"Writhing Mass","floor":48,"turns":4},{"damage":40,"enemies":"Awakened One","floor":50,"turns":6},{"damage":83,"enemies":"Shield and Spear","floor":54,"turns":5},{"damage":23,"enemies":"The Heart","floor":55,"turns":2}],"seed_played":"-2303457772995342277","potions_obtained":[{"floor":1,"key":"Regen Potion"},{"floor":2,"key":"FearPotion"},{"floor":4,"key":"Weak Potion"},{"floor":18,"key":"SpeedPotion"},{"floor":29,"key":"Regen Potion"},{"floor":33,"key":"GamblersBrew"},{"floor":35,"key":"Block Potion"},{"floor":47,"key":"PowerPotion"},{"floor":48,"key":"Explosive Potion"}],"is_trial":false,"path_per_floor":["M","M","?","M","?","R","$","R","T","R","?","R","E","M","R","B",null,"M","?","?","$","?","E","R","E","T","$","?","M","M","M","R","B",null,"M","$","M","M","?","R","M","R","T","?","M","M","E","M","R","B",null,"R","$","E","B"],"character_chosen":"IRONCLAD","items_purchased":["Impervious","Oddly Smooth Stone","Happy Flower","TheAbacus","Membership Card"],"campfire_rested":1,"item_purchase_floors":[7,21,27,27,36],"current_hp_per_floor":[70,72,65,70,70,70,70,70,70,70,70,70,68,62,62,48,66,50,50,50,50,50,30,51,51,51,51,72,67,71,72,72,16,58,64,64,73,66,66,66,74,74,74,74,81,90,72,78,78,48,83,83,83,20,0],"gold":66,"neow_bonus":"REMOVE_TWO","is_prod":false,"is_daily":false,"chose_seed":false,"campfire_upgraded":7,"win_rate":0,"timestamp":1562275898,"path_taken":["M","M","?","M","?","R","$","R","T","R","?","R","E","M","R","BOSS","M","?","?","$","?","E","R","E","T","$","?","M","M","M","R","BOSS","M","$","M","M","?","R","M","R","T","?","M","M","E","M","R","BOSS","R","$","E","BOSS"],"build_version":"2019-07-01","purchased_purges":4,"victory":false,"max_hp_per_floor":[72,72,72,72,72,72,72,72,72,72,72,72,72,72,72,72,72,72,72,72,72,72,72,72,72,72,72,72,72,72,72,72,72,72,72,72,75,78,78,78,82,82,82,82,86,90,90,90,90,94,94,94,91,105,105],"card_choices":[{"not_picked":["Carnage","Iron Wave"],"picked":"Spot Weakness","floor":1},{"not_picked":["Anger","Perfected Strike"],"picked":"Sword Boomerang","floor":2},{"not_picked":["Flex","Warcry"],"picked":"Shrug It Off","floor":4},{"not_picked":["Anger","Fire Breathing","Armaments"],"picked":"SKIP","floor":13},{"not_picked":["Searing Blow","Sentinel","Feel No Pain"],"picked":"SKIP","floor":14},{"not_picked":["Fiend Fire","Reaper"],"picked":"Limit Break","floor":16},{"not_picked":["Perfected Strike","Combust+1"],"picked":"Thunderclap","floor":18},{"not_picked":["Dual Wield","Wild Strike+1"],"picked":"True Grit+1","floor":23},{"not_picked":["Feel No Pain","Clash+1"],"picked":"Shrug It Off","floor":25},{"not_picked":["Warcry","Havoc","Iron Wave"],"picked":"SKIP","floor":29},{"not_picked":["Juggernaut","Anger","Dual Wield"],"picked":"SKIP","floor":30},{"not_picked":["Sword Boomerang","Shrug It Off"],"picked":"Body Slam+1","floor":31},{"not_picked":["Exhume","Bludgeon"],"picked":"Feed","floor":33},{"not_picked":["Anger+1","Entrench","Iron Wave+1"],"picked":"SKIP","floor":35},{"not_picked":["Corruption+1","Whirlwind"],"picked":"Heavy Blade+1","floor":37},{"not_picked":["Pommel Strike+1","Clothesline","Flex"],"picked":"SKIP","floor":38},{"not_picked":["Sever Soul+1","Iron Wave+1"],"picked":"Heavy Blade+1","floor":41},{"not_picked":["Perfected Strike+1","Armaments"],"picked":"Flex+1","floor":45},{"not_picked":["Feed","Headbutt","Twin Strike+1"],"picked":"SKIP","floor":46},{"not_picked":["Armaments+1","Dropkick","Perfected Strike"],"picked":"SKIP","floor":47},{"not_picked":["Armaments+1","Perfected Strike"],"picked":"Dropkick","floor":47},{"not_picked":["Twin Strike+1","Anger"],"picked":"Dropkick+1","floor":48},{"not_picked":["Twin Strike+1","Reckless Charge","Spot Weakness"],"picked":"SKIP","floor":54}],"player_experience":428119,"relics_obtained":[{"floor":9,"key":"Bag of Preparation"},{"floor":13,"key":"Juzu Bracelet"},{"floor":23,"key":"Tiny Chest"},{"floor":25,"key":"Old Coin"},{"floor":26,"key":"Gremlin Horn"},{"floor":47,"key":"Shovel"},{"floor":49,"key":"Mercury Hourglass"},{"floor":52,"key":"Sundial"},{"floor":54,"key":"Pear"}],"event_choices":[{"cards_removed":["Strike_R"],"damage_healed":0,"gold_gain":0,"player_choice":"Card Removal","damage_taken":7,"max_hp_gain":0,"max_hp_loss":0,"event_name":"Golden Wing","floor":3,"gold_loss":0},{"damage_healed":0,"gold_gain":175,"player_choice":"AGREE","damage_taken":0,"max_hp_gain":0,"max_hp_loss":0,"event_name":"Liars Game","floor":5,"gold_loss":0,"cards_obtained":["Doubt"]},{"damage_healed":0,"gold_gain":100,"player_choice":"Pray","damage_taken":0,"max_hp_gain":0,"max_hp_loss":0,"event_name":"Golden Shrine","floor":11,"gold_loss":0},{"damage_healed":0,"gold_gain":0,"player_choice":"Inject Mutagens","damage_taken":0,"relics_obtained":["MutagenicStrength"],"max_hp_gain":0,"max_hp_loss":0,"event_name":"Drug Dealer","floor":19,"gold_loss":0},{"damage_healed":0,"gold_gain":0,"player_choice":"Ignored","damage_taken":0,"max_hp_gain":0,"max_hp_loss":0,"event_name":"Vampires","floor":20,"gold_loss":0},{"damage_healed":0,"gold_gain":0,"player_choice":"Gave Potion","damage_taken":0,"relics_obtained":["Bronze Scales"],"max_hp_gain":0,"max_hp_loss":0,"event_name":"WeMeetAgain","floor":22,"gold_loss":0},{"damage_healed":24,"gold_gain":0,"player_choice":"Heal","damage_taken":0,"max_hp_gain":0,"max_hp_loss":0,"event_name":"The Library","floor":28,"gold_loss":0},{"damage_healed":0,"gold_gain":0,"player_choice":"Paid","damage_taken":0,"relics_obtained":["Red Mask"],"max_hp_gain":0,"max_hp_loss":0,"event_name":"Tomb of Lord Red Mask","floor":39,"gold_loss":59},{"cards_removed":["True Grit"],"damage_healed":0,"gold_gain":0,"player_choice":"Removed Skill","damage_taken":0,"max_hp_gain":0,"max_hp_loss":0,"event_name":"Falling","floor":44,"gold_loss":0}],"is_beta":false,"boss_relics":[{"not_picked":["Astrolabe","Eternal Feather"],"picked":"Empty Cage"},{"not_picked":["Black Star","Mark of Pain"],"picked":"Philosopher\u0027s Stone"}],"items_purged_floors":[7,21,27,53],"is_endless":false,"potions_floor_spawned":[1,2,4,18,29,33,35,45,47,48],"killed_by":"The Heart","ascension_level":10}