{"gold_per_floor":[359,359,359,372,297,331,70,105,105,105,130,147,147,166,166,243,243,263,188,204,119,119,119,139,139,139,168,168,168,198,214,214,292,292,307,321,58,78,95,195,195,213,236,271,285,317,80,80,80,80,80,80,80,28,61,61],"floor_reached":56,"playtime":3349,"items_purged":["Decay"],"score":2511,"play_id":"0f5df2a2-a6ff-4e24-93d8-deb16de08759","local_time":"20181129152857","is_ascension_mode":true,"campfire_choices":[{"floor":13.0,"key":"REST"},{"floor":15.0,"key":"REST"},{"data":"Go for the Eyes","floor":23.0,"key":"SMITH"},{"data":"Biased Cognition","floor":25.0,"key":"SMITH"},{"data":"Creative AI","floor":28.0,"key":"SMITH"},{"data":"Coolheaded","floor":32.0,"key":"SMITH"},{"floor":41.0,"key":"RECALL"},{"floor":49.0,"key":"REST"},{"data":"Loop","floor":53.0,"key":"SMITH"}],"neow_cost":"TEN_PERCENT_HP_LOSS","seed_source_timestamp":351131120447339,"circlet_count":0,"master_deck":["AscendersBane","Strike_B","Strike_B","Defend_B","Defend_B","Defend_B","Defend_B","Zap+1","Dualcast","Cold Snap","Coolheaded+1","Hologram","Go for the Eyes+1","Biased Cognition+1","Ball Lightning","Cold Snap","Creative AI+1","Compile Driver","Cold Snap","Loop+1","Electrodynamics","Sweeping Beam+1","Coolheaded+1","Genetic Algorithm+1","Hologram+1","Leap+1","Coolheaded+1","Tempest+1","Madness+1","Madness+1","Redo+1","Compile Driver"],"special_seed":0,"relics":["Cracked Core","Nunchaku","MawBank","ClockworkSouvenir","Emotion Chip","Cables","FossilizedHelix","Inserter","Calipers","Meat on the Bone","Pocketwatch","Ice Cream","Mercury Hourglass","Cursed Key","Toxic Egg 2","Thread and Needle","Mummified Hand","Singing Bowl","Bag of Preparation","Darkstone Periapt"],"potions_floor_usage":[],"damage_taken":[{"damage":1.0,"enemies":"Cultist","floor":1.0,"turns":3.0},{"damage":5.0,"enemies":"Jaw Worm","floor":4.0,"turns":3.0},{"damage":15.0,"enemies":"3 Sentries","floor":6.0,"turns":10.0},{"damage":31.0,"enemies":"Gremlin Nob","floor":8.0,"turns":5.0},{"damage":0.0,"enemies":"Lagavulin","floor":11.0,"turns":10.0},{"damage":0.0,"enemies":"2 Louse","floor":12.0,"turns":1.0},{"damage":6.0,"enemies":"Lots of Slimes","floor":14.0,"turns":3.0},{"damage":0.0,"enemies":"Hexaghost","floor":16.0,"turns":9.0},{"damage":0.0,"enemies":"Spheric Guardian","floor":18.0,"turns":3.0},{"damage":0.0,"enemies":"Chosen","floor":20.0,"turns":5.0},{"damage":0.0,"enemies":"Sentry and Sphere","floor":24.0,"turns":5.0},{"damage":7.0,"enemies":"Book of Stabbing","floor":27.0,"turns":4.0},{"damage":24.0,"enemies":"Slavers","floor":30.0,"turns":8.0},{"damage":0.0,"enemies":"Snecko","floor":31.0,"turns":4.0},{"damage":0.0,"enemies":"Collector","floor":33.0,"turns":9.0},{"damage":0.0,"enemies":"3 Shapes","floor":35.0,"turns":2.0},{"damage":4.0,"enemies":"Orb Walker","floor":36.0,"turns":3.0},{"damage":21.0,"enemies":"3 Darklings","floor":38.0,"turns":4.0},{"damage":0.0,"enemies":"Writhing Mass","floor":39.0,"turns":7.0},{"damage":0.0,"enemies":"Mind Bloom Boss Battle","floor":40.0,"turns":5.0},{"damage":0.0,"enemies":"4 Shapes","floor":42.0,"turns":4.0},{"damage":0.0,"enemies":"Reptomancer","floor":44.0,"turns":7.0},{"damage":0.0,"enemies":"3 Darklings","floor":45.0,"turns":5.0},{"damage":0.0,"enemies":"Giant Head","floor":46.0,"turns":11.0},{"damage":0.0,"enemies":"Donu and Deca","floor":50.0,"turns":9.0},{"damage":1.0,"enemies":"Awakened One","floor":51.0,"turns":15.0},{"damage":20.0,"enemies":"Shield and Spear","floor":55.0,"turns":8.0},{"damage":42,"enemies":"The Heart","floor":56,"turns":5}],"seed_played":"5244471392965979550","potions_obtained":[{"floor":1.0,"key":"AttackPotion"},{"floor":6.0,"key":"LiquidBronze"},{"floor":8.0,"key":"Explosive Potion"},{"floor":24.0,"key":"SpeedPotion"},{"floor":27.0,"key":"FocusPotion"},{"floor":31.0,"key":"Ancient Potion"},{"floor":42.0,"key":"Regen Potion"},{"floor":44.0,"key":"Weak Potion"},{"floor":45.0,"key":"SpeedPotion"}],"is_trial":false,"path_per_floor":["M","?","?","M","?","E","$","E","T","?","E","M","R","M","R","B",null,"M","?","M","?","T","R","M","R","T","E","R","?","E","M","R","B",null,"M","M","$","M","M","?","R","M","T","E","M","E","$","?","R","B","B",null,"R","$","E","B"],"character_chosen":"DEFECT","items_purchased":["ClockworkSouvenir","Fire Potion","Toxic Egg 2","Bag of Preparation","Redo+1"],"campfire_rested":3,"item_purchase_floors":[7,7,37,47,54],"current_hp_per_floor":[63,52,52,47,47,32,32,1,1,1,1,1,20,14,33,33,56,56,56,56,56,56,56,56,56,56,49,49,64,40,40,40,40,58,58,54,54,33,33,33,33,33,33,48,48,48,48,36,55,55,54,62,62,62,42,0],"gold":61,"neow_bonus":"TWO_FIFTY_GOLD","is_prod":false,"is_daily":false,"chose_seed":false,"campfire_upgraded":5,"win_rate":0,"timestamp":1543523337,"path_taken":["M","?","?","?","?","E","$","E","T","?","E","?","R","M","R","BOSS","M","?","M","?","?","R","?","R","T","E","R","?","E","M","R","BOSS","M","M","$","M","M","?","R","M","T","E","M","E","$","?","R","BOSS","BOSS","R","$","E","BOSS"],"build_version":"2018-11-15","purchased_purges":1,"victory":false,"max_hp_per_floor":[64,64,64,64,64,64,64,64,64,64,64,64,64,64,64,64,64,64,64,64,64,64,64,64,64,64,64,64,64,64,64,64,64,64,64,64,64,64,64,64,64,64,64,64,64,64,64,64,64,64,64,64,64,64,64,64],"card_choices":[{"not_picked":["Recycle","Genetic Algorithm"],"picked":"Cold Snap","floor":1.0},{"not_picked":["Barrage","Stack"],"picked":"Coolheaded","floor":4.0},{"not_picked":["Tempest","Reboot"],"picked":"Hologram","floor":6.0},{"not_picked":["Heatsinks","Fusion"],"picked":"Go for the Eyes","floor":8.0},{"not_picked":["Aggregate","Go for the Eyes"],"picked":"Ball Lightning","floor":11.0},{"not_picked":["Streamline","Barrage"],"picked":"Cold Snap","floor":12.0},{"not_picked":["Rebound","Streamline","Go for the Eyes"],"picked":"SKIP","floor":14.0},{"not_picked":["Fission","Amplify"],"picked":"Creative AI","floor":16.0},{"not_picked":["Genetic Algorithm","Auto Shields"],"picked":"Compile Driver","floor":18.0},{"not_picked":["Go for the Eyes","Melter"],"picked":"Cold Snap","floor":20.0},{"not_picked":["Tempest+1","Coolheaded","Lockon"],"picked":"SKIP","floor":24.0},{"not_picked":["Multi-Cast","Barrage"],"picked":"Self Repair","floor":27.0},{"not_picked":["Rip and Tear","Cold Snap"],"picked":"Loop","floor":30.0},{"not_picked":["Conserve Battery","Streamline","Ball Lightning"],"picked":"SKIP","floor":31.0},{"not_picked":["Rainbow","Creative AI"],"picked":"Electrodynamics","floor":33.0},{"not_picked":["Barrage","Streamline","Sweeping Beam"],"picked":"SKIP","floor":35.0},{"not_picked":["Barrage","Streamline","Sweeping Beam"],"picked":"SKIP","floor":35.0},{"not_picked":["Beam Cell","Coolheaded","Gash"],"picked":"SKIP","floor":36.0},{"not_picked":["Barrage","Gash"],"picked":"Sweeping Beam+1","floor":38.0},{"not_picked":["Streamline","Self Repair"],"picked":"Coolheaded+1","floor":39.0},{"not_picked":["Beam Cell","Gash"],"picked":"Genetic Algorithm+1","floor":40.0},{"not_picked":["Coolheaded+1","Creative AI"],"picked":"Hologram+1","floor":42.0},{"not_picked":["Go for the Eyes","Melter"],"picked":"Leap+1","floor":44.0},{"not_picked":["Leap+1","Steam+1"],"picked":"Coolheaded+1","floor":45.0},{"not_picked":["Undo+1","Conserve Battery+1"],"picked":"Tempest+1","floor":46.0},{"not_picked":["Ball Lightning","Lockon"],"picked":"Compile Driver","floor":55.0}],"player_experience":1201669,"relics_obtained":[{"floor":6.0,"key":"MawBank"},{"floor":8.0,"key":"Emotion Chip"},{"floor":9.0,"key":"Cables"},{"floor":11.0,"key":"FossilizedHelix"},{"floor":22.0,"key":"Meat on the Bone"},{"floor":26.0,"key":"Pocketwatch"},{"floor":27.0,"key":"Ice Cream"},{"floor":30.0,"key":"Mercury Hourglass"},{"floor":40.0,"key":"Thread and Needle"},{"floor":44.0,"key":"Mummified Hand"},{"floor":46.0,"key":"Singing Bowl"},{"floor":55.0,"key":"Darkstone Periapt"}],"event_choices":[{"damage_healed":0.0,"max_hp_gain":0.0,"max_hp_loss":0.0,"gold_gain":0.0,"event_name":"Scrap Ooze","player_choice":"Success","floor":2.0,"gold_loss":0.0,"damage_taken":11.0,"relics_obtained":["Nunchaku"]},{"damage_healed":0.0,"max_hp_gain":0.0,"max_hp_loss":0.0,"gold_gain":0.0,"event_name":"Upgrade Shrine","player_choice":"Upgraded","floor":3.0,"gold_loss":0.0,"damage_taken":0.0,"cards_upgraded":["Zap"]},{"cards_removed":["Strike_B"],"damage_healed":0.0,"max_hp_gain":0.0,"max_hp_loss":0.0,"gold_gain":0.0,"event_name":"The Cleric","player_choice":"Card Removal","floor":5.0,"gold_loss":75.0,"damage_taken":0.0},{"damage_healed":0.0,"max_hp_gain":0.0,"max_hp_loss":0.0,"gold_gain":0.0,"event_name":"Match and Keep!","player_choice":"1 cards matched","floor":10.0,"gold_loss":0.0,"damage_taken":0.0,"cards_obtained":["Biased Cognition"]},{"cards_removed":["Strike_B"],"damage_healed":0.0,"max_hp_gain":0.0,"max_hp_loss":0.0,"gold_gain":0.0,"event_name":"Beggar","player_choice":"Gave Gold","floor":19.0,"gold_loss":75.0,"damage_taken":0.0},{"damage_healed":0.0,"max_hp_gain":0.0,"max_hp_loss":0.0,"gold_gain":0.0,"event_name":"Addict","player_choice":"Obtained Relic","floor":21.0,"gold_loss":85.0,"damage_taken":0.0,"relics_obtained":["Calipers"]},{"cards_removed":["Self Repair"],"damage_healed":15.0,"max_hp_gain":0.0,"max_hp_loss":0.0,"gold_gain":0.0,"event_name":"Bonfire Elementals","player_choice":"Offered Uncommon","floor":29.0,"gold_loss":0.0,"damage_taken":0.0},{"damage_healed":0.0,"max_hp_gain":0.0,"max_hp_loss":0.0,"gold_gain":0.0,"event_name":"MindBloom","player_choice":"Fight","floor":40.0,"gold_loss":0.0,"damage_taken":0.0},{"damage_healed":0.0,"max_hp_gain":0.0,"max_hp_loss":0.0,"gold_gain":0.0,"event_name":"Winding Halls","player_choice":"Embrace Madness","floor":48.0,"gold_loss":0.0,"damage_taken":12.0,"cards_obtained":["Madness","Madness"]}],"is_beta":false,"boss_relics":[{"not_picked":["Pandora\u0027s Box","Busted Crown"],"picked":"Inserter"},{"not_picked":["Runic Dome","Eternal Feather"],"picked":"Cursed Key"}],"items_purged_floors":[47],"is_endless":false,"potions_floor_spawned":[1,6,8,24,27,30,31,35,36,42,44,45],"killed_by":"The Heart","ascension_level":20}