{"gold_per_floor":[12,12,30,48,60,89,100,100,100,100,100,117,135,135,135,209,209,220,240,255,205,13,13,47,47,47,47,57,85,97,127,127,199,199,214,214,232,31,43,78,78,109,109,143,176,187,198,213,213,213,213,213,16,16],"floor_reached":54,"playtime":3831,"items_purged":[],"score":1637,"play_id":"020a85c1-8707-46fc-b7c0-e0216b15589f","local_time":"20190722145551","is_ascension_mode":true,"campfire_choices":[{"floor":10,"key":"REST"},{"floor":15,"key":"REST"},{"data":"Recycle","floor":23,"key":"SMITH"},{"data":"Defragment","floor":25,"key":"SMITH"},{"data":"Capacitor","floor":32,"key":"SMITH"},{"floor":41,"key":"RECALL"},{"data":"Consume","floor":49,"key":"SMITH"},{"data":"Recycle","floor":52,"key":"SMITH"}],"neow_cost":"NO_GOLD","seed_source_timestamp":409259728207031,"circlet_count":0,"master_deck":["AscendersBane","Strike_B","Strike_B","Strike_B","Strike_B","Defend_B+1","Defend_B","Defend_B","Defend_B","Zap","Dualcast","Ball Lightning","Steam","Ball Lightning","Ball Lightning","Recycle+1","Cold Snap","Glacier","Compile Driver","Meteor Strike","White Noise+1","Defragment+1","Glacier","Hologram+1","Writhe","Self Repair","Storm","Amplify","Capacitor+1","Echo Form","Skim+1","Coolheaded+1","Recycle+1","White Noise","Consume+1","Compile Driver+1","Normality","Hologram","Recycle+1","Force Field","Stack+1","Go for the Eyes+1","Hologram"],"relics":["Cracked Core","WingedGreaves","CultistMask","Pocketwatch","Ice Cream","Incense Burner","Dead Branch","Cursed Key","Frozen Eye","Question Card","Mercury Hourglass","Gremlin Horn","Du-Vu Doll","Inserter","DollysMirror","Shuriken","Blood Vial","Kunai","Singing Bowl","Bronze Scales"],"potions_floor_usage":[6,24,28,37,54],"damage_taken":[{"damage":1,"enemies":"2 Louse","floor":1,"turns":2},{"damage":0,"enemies":"Cultist","floor":3,"turns":3},{"damage":1,"enemies":"Jaw Worm","floor":4,"turns":2},{"damage":35,"enemies":"Gremlin Gang","floor":5,"turns":5},{"damage":17,"enemies":"Gremlin Nob","floor":6,"turns":4},{"damage":6,"enemies":"Looter","floor":7,"turns":2},{"damage":0,"enemies":"Exordium Thugs","floor":12,"turns":4},{"damage":0,"enemies":"Large Slime","floor":13,"turns":4},{"damage":0,"enemies":"The Guardian","floor":16,"turns":12},{"damage":4,"enemies":"3 Byrds","floor":18,"turns":4},{"damage":15,"enemies":"2 Thieves","floor":19,"turns":4},{"damage":0,"enemies":"Snecko","floor":20,"turns":4},{"damage":2,"enemies":"Book of Stabbing","floor":24,"turns":5},{"damage":1,"enemies":"Cultist and Chosen","floor":28,"turns":4},{"damage":0,"enemies":"Gremlin Leader","floor":29,"turns":7},{"damage":0,"enemies":"Sentry and Sphere","floor":30,"turns":3},{"damage":11,"enemies":"Book of Stabbing","floor":31,"turns":5},{"damage":26,"enemies":"Champ","floor":33,"turns":18},{"damage":0,"enemies":"3 Shapes","floor":35,"turns":5},{"damage":11,"enemies":"3 Darklings","floor":37,"turns":6},{"damage":3,"enemies":"Spire Growth","floor":39,"turns":7},{"damage":3,"enemies":"Giant Head","floor":40,"turns":9},{"damage":0,"enemies":"Reptomancer","floor":42,"turns":7},{"damage":29,"enemies":"Nemesis","floor":44,"turns":5},{"damage":0,"enemies":"Giant Head","floor":45,"turns":9},{"damage":6,"enemies":"Maw","floor":46,"turns":8},{"damage":7,"enemies":"Transient","floor":47,"turns":5},{"damage":7,"enemies":"3 Darklings","floor":48,"turns":7},{"damage":20,"enemies":"Donu and Deca","floor":50,"turns":9},{"damage":75,"enemies":"Shield and Spear","floor":54,"turns":3}],"seed_played":"3729234235025796093","potions_obtained":[{"floor":1,"key":"SpeedPotion"},{"floor":7,"key":"SneckoOil"},{"floor":13,"key":"Weak Potion"},{"floor":19,"key":"Poison Potion"},{"floor":20,"key":"Weak Potion"},{"floor":29,"key":"Dexterity Potion"},{"floor":30,"key":"SpeedPotion"},{"floor":39,"key":"FearPotion"},{"floor":46,"key":"Swift Potion"}],"is_trial":false,"path_per_floor":["M","?","M","M","M","E","M","?","T","R","T","M","M","?","R","B",null,"M","M","M","?","$","R","E","R","T","$","M","E","M","E","R","B",null,"M","?","M","$","M","E","R","E","T","E","E","M","M","M","R","B",null,"R","$","E"],"character_chosen":"DEFECT","items_purchased":["Frozen Eye","DollysMirror","Bronze Scales","Hologram"],"campfire_rested":2,"item_purchase_floors":[22,38,53,53],"current_hp_per_floor":[63,63,63,62,27,10,4,4,4,25,25,25,25,7,28,28,60,56,41,41,41,41,41,39,39,39,39,38,45,45,41,41,29,61,61,61,57,57,61,71,71,71,71,56,71,71,64,71,71,65,70,70,70,0],"gold":16,"neow_bonus":"ONE_RARE_RELIC","is_prod":false,"is_daily":false,"chose_seed":false,"campfire_upgraded":5,"win_rate":0,"timestamp":1563821751,"path_taken":["M","?","M","M","?","E","M","?","T","R","?","M","?","?","R","BOSS","M","M","M","?","$","R","E","R","T","?","M","E","M","E","R","BOSS","M","?","M","$","M","E","R","E","T","E","E","M","?","M","R","BOSS","R","$","E"],"build_version":"2019-07-17","purchased_purges":0,"victory":false,"max_hp_per_floor":[71,71,71,71,71,71,71,71,71,71,71,71,71,71,71,71,71,71,71,71,71,71,71,71,71,71,71,71,71,71,71,71,71,71,71,71,71,71,71,71,71,71,71,71,71,71,71,71,71,71,71,71,71,71],"card_choices":[{"not_picked":["BootSequence","Compile Driver"],"picked":"Ball Lightning","floor":1},{"not_picked":["Beam Cell","Rebound"],"picked":"Steam","floor":3},{"not_picked":["Steam Power","Rebound"],"picked":"Ball Lightning","floor":4},{"not_picked":["Streamline","Barrage"],"picked":"Ball Lightning","floor":5},{"not_picked":["Stack","Streamline"],"picked":"Recycle","floor":6},{"not_picked":["Compile Driver","Heatsinks"],"picked":"Cold Snap","floor":7},{"not_picked":["Core Surge","Scrape"],"picked":"Glacier","floor":12},{"not_picked":["Hologram","Steam"],"picked":"Compile Driver","floor":13},{"not_picked":["Rainbow","Fission"],"picked":"Meteor Strike","floor":16},{"not_picked":["Redo","Compile Driver"],"picked":"White Noise","floor":18},{"not_picked":["Chill","Static Discharge"],"picked":"Defragment","floor":19},{"not_picked":["Go for the Eyes+1","Self Repair"],"picked":"Glacier","floor":20},{"not_picked":["Steam","Stack"],"picked":"Hologram+1","floor":24},{"not_picked":["Steam+1","Go for the Eyes","Hologram"],"picked":"Self Repair","floor":28},{"not_picked":["Steam","Self Repair","Reprogram"],"picked":"Storm","floor":29},{"not_picked":["Go for the Eyes","Tempest","Sweeping Beam"],"picked":"Amplify","floor":30},{"not_picked":["Redo+1","Consume","Go for the Eyes"],"picked":"Capacitor","floor":31},{"not_picked":["Thunder Strike","Fission","Meteor Strike"],"picked":"Echo Form","floor":33},{"not_picked":["Self Repair","Cold Snap+1","Aggregate"],"picked":"Skim+1","floor":35},{"not_picked":["Hologram","BootSequence","Reprogram+1"],"picked":"Coolheaded+1","floor":37},{"not_picked":["Amplify","Auto Shields+1","Rebound+1"],"picked":"White Noise","floor":39},{"not_picked":["Reprogram","Biased Cognition","Coolheaded"],"picked":"Consume","floor":40},{"not_picked":["Streamline+1","Rebound","Leap"],"picked":"Compile Driver+1","floor":42},{"not_picked":["Coolheaded","Steam","Chaos"],"picked":"Hologram","floor":44},{"not_picked":["Cold Snap","Streamline","Tempest"],"picked":"Recycle","floor":45},{"not_picked":["Ball Lightning+1","Aggregate","Cold Snap+1"],"picked":"Force Field","floor":46},{"not_picked":["Ball Lightning+1","Defragment","Go for the Eyes"],"picked":"Stack+1","floor":47},{"not_picked":["Thunder Strike","Cold Snap","Rip and Tear"],"picked":"Go for the Eyes+1","floor":48}],"player_experience":1526973,"relics_obtained":[{"floor":6,"key":"Pocketwatch"},{"floor":9,"key":"Ice Cream"},{"floor":11,"key":"Incense Burner"},{"floor":24,"key":"Question Card"},{"floor":26,"key":"Mercury Hourglass"},{"floor":29,"key":"Gremlin Horn"},{"floor":31,"key":"Du-Vu Doll"},{"floor":40,"key":"Shuriken"},{"floor":42,"key":"Blood Vial"},{"floor":44,"key":"Kunai"},{"floor":45,"key":"Singing Bowl"}],"event_choices":[{"damage_healed":0,"gold_gain":0,"player_choice":"Trade","damage_taken":0,"relics_obtained":["CultistMask"],"max_hp_gain":0,"max_hp_loss":0,"event_name":"FaceTrader","floor":2,"gold_loss":0},{"damage_healed":0,"gold_gain":0,"player_choice":"Ignored","damage_taken":0,"max_hp_gain":0,"max_hp_loss":0,"event_name":"Golden Wing","floor":8,"gold_loss":0},{"damage_healed":0,"gold_gain":0,"player_choice":"Success","damage_taken":18,"relics_obtained":["Dead Branch"],"max_hp_gain":0,"max_hp_loss":0,"event_name":"Scrap Ooze","floor":14,"gold_loss":0},{"damage_healed":0,"gold_gain":0,"player_choice":"Upgraded Two","damage_taken":0,"max_hp_gain":0,"max_hp_loss":0,"event_name":"Designer","floor":21,"gold_loss":50,"cards_upgraded":["Defend_B","White Noise"]},{"damage_healed":0,"gold_gain":0,"player_choice":"Ignored","damage_taken":0,"max_hp_gain":0,"max_hp_loss":0,"event_name":"SecretPortal","floor":36,"gold_loss":0}],"is_beta":false,"boss_relics":[{"not_picked":["Orrery","White Beast Statue"],"picked":"Cursed Key"},{"not_picked":["Sozu","Pandora\u0027s Box"],"picked":"Inserter"}],"items_purged_floors":[],"is_endless":false,"potions_floor_spawned":[1,7,13,19,20,29,30,39,46,47,48],"killed_by":"Shield and Spear","ascension_level":15}