{"gold_per_floor":[15,15,34,34,45,70,70,104,175,175,175,175],"floor_reached":12,"playtime":418,"items_purged":[],"score":172,"play_id":"20803c15-d448-4853-99df-872ef99c8b1d","local_time":"20190118171357","is_ascension_mode":true,"campfire_choices":[{"floor":7,"key":"REST"},{"data":"Bash","floor":10,"key":"SMITH"}],"neow_cost":"NO_GOLD","seed_source_timestamp":181887546240703,"circlet_count":0,"master_deck":["AscendersBane","Strike_R","Strike_R","Strike_R","Strike_R","Defend_R","Defend_R","Defend_R","Defend_R","Bash+1","Bludgeon","Hemokinesis","True Grit","Headbutt","Flame Barrier"],"relics":["Burning Blood","StoneCalendar","Happy Flower","Letter Opener","Molten Egg 2"],"potions_floor_usage":[6],"damage_taken":[{"damage":2,"enemies":"2 Louse","floor":1,"turns":4},{"damage":16,"enemies":"Jaw Worm","floor":3,"turns":6},{"damage":3,"enemies":"Small Slimes","floor":5,"turns":3},{"damage":51,"enemies":"Lagavulin","floor":6,"turns":8},{"damage":19,"enemies":"3 Sentries","floor":8,"turns":7},{"damage":29,"enemies":"Exordium Wildlife","floor":12,"turns":3}],"seed_played":"8288608446100741347","potions_obtained":[{"floor":5,"key":"AttackPotion"},{"floor":8,"key":"Poison Potion"}],"is_trial":false,"path_per_floor":["M","?","M","?","M","E","R","E","T","R","T","M"],"character_chosen":"IRONCLAD","items_purchased":[],"campfire_rested":1,"item_purchase_floors":[],"current_hp_per_floor":[72,65,55,55,58,13,35,22,22,22,22,0],"gold":175,"neow_bonus":"THREE_RARE_CARDS","is_prod":false,"is_daily":false,"chose_seed":false,"campfire_upgraded":1,"win_rate":0,"timestamp":1547849637,"path_taken":["M","?","M","?","M","E","R","E","T","R","?","M"],"build_version":"2019-01-17v2","purchased_purges":0,"victory":false,"max_hp_per_floor":[75,75,75,75,75,75,75,75,75,75,75,75],"card_choices":[{"not_picked":["Limit Break","Barricade"],"picked":"Bludgeon","floor":0},{"not_picked":["Body Slam","Clash"],"picked":"Hemokinesis","floor":1},{"not_picked":["Pommel Strike","Cleave"],"picked":"True Grit","floor":3},{"not_picked":["Hemokinesis","Thunderclap"],"picked":"Headbutt","floor":5},{"not_picked":["Headbutt","Hemokinesis","Rupture"],"picked":"SKIP","floor":6},{"not_picked":["Shockwave","Intimidate"],"picked":"Flame Barrier","floor":8}],"player_experience":1327052,"relics_obtained":[{"floor":6,"key":"StoneCalendar"},{"floor":8,"key":"Happy Flower"},{"floor":9,"key":"Letter Opener"},{"floor":11,"key":"Molten Egg 2"}],"event_choices":[{"cards_removed":["Strike_R"],"damage_healed":0,"gold_gain":0,"player_choice":"Card Removal","damage_taken":7,"max_hp_gain":0,"max_hp_loss":0,"event_name":"Golden Wing","floor":2,"gold_loss":0},{"damage_healed":0,"gold_gain":0,"player_choice":"Ignored","damage_taken":0,"max_hp_gain":0,"max_hp_loss":0,"event_name":"Liars Game","floor":4,"gold_loss":0}],"is_beta":false,"boss_relics":[],"items_purged_floors":[],"is_endless":false,"potions_floor_spawned":[5,8],"killed_by":"Exordium Wildlife","ascension_level":20}