{"gold_per_floor":[112,36,48,58,58,89,14,14,14,40,40,40,40,60,60,60],"floor_reached":16,"playtime":592,"items_purged":[],"score":216,"play_id":"f88670c7-442b-48f5-b43d-0514a7fd7b4e","local_time":"20190524121612","is_ascension_mode":true,"campfire_choices":[{"data":"Bash","floor":8.0,"key":"SMITH"},{"data":"Demon Form","floor":12,"key":"SMITH"},{"data":"Feel No Pain","floor":15,"key":"SMITH"}],"neow_cost":"NONE","seed_source_timestamp":53318619554531,"circlet_count":0,"master_deck":["AscendersBane","Strike_R","Strike_R","Strike_R","Strike_R","Defend_R","Defend_R","Defend_R","Defend_R","Bash+1","Anger","Reaper","Feel No Pain+1","Demon Form+1","Cleave","Ghostly Armor"],"special_seed":0,"relics":["Burning Blood","NeowsBlessing","Shuriken","Pocketwatch","Golden Idol"],"potions_floor_usage":[],"damage_taken":[{"damage":0.0,"enemies":"Cultist","floor":1.0,"turns":1.0},{"damage":0.0,"enemies":"2 Louse","floor":3.0,"turns":1.0},{"damage":0.0,"enemies":"Small Slimes","floor":4.0,"turns":1.0},{"damage":49.0,"enemies":"Gremlin Nob","floor":6.0,"turns":5.0},{"damage":29,"enemies":"3 Sentries","floor":10,"turns":11},{"damage":9,"enemies":"3 Louse","floor":14,"turns":3},{"damage":37,"enemies":"The Guardian","floor":16,"turns":6}],"seed_played":"-3189387932395815811","potions_obtained":[{"floor":3.0,"key":"EssenceOfSteel"},{"floor":4.0,"key":"Explosive Potion"}],"is_trial":false,"path_per_floor":["M","$","M","M","$","E","?","R","T","E","$","R","?","M","R","B"],"character_chosen":"IRONCLAD","items_purchased":["Reaper"],"campfire_rested":0,"item_purchase_floors":[2],"current_hp_per_floor":[74,74,75,75,75,35,35,35,35,24,24,24,24,33,33,0],"gold":60,"neow_bonus":"THREE_ENEMY_KILL","is_prod":false,"is_daily":false,"chose_seed":false,"campfire_upgraded":3,"win_rate":0,"timestamp":1558714572,"path_taken":["M","$","M","?","?","E","?","R","T","E","$","R","?","M","R","BOSS"],"build_version":"2019-01-23","purchased_purges":0,"victory":false,"max_hp_per_floor":[75,75,75,75,75,75,75,75,75,75,75,75,68,68,68,68],"card_choices":[{"not_picked":["Thunderclap","Warcry"],"picked":"Anger","floor":1.0},{"not_picked":["Heavy Blade","Iron Wave","Sword Boomerang"],"picked":"SKIP","floor":3.0},{"not_picked":["True Grit","Shrug It Off"],"picked":"Feel No Pain","floor":4.0},{"not_picked":["Rampage","Clothesline"],"picked":"Demon Form","floor":6.0},{"not_picked":["Twin Strike","Sever Soul"],"picked":"Cleave","floor":10},{"not_picked":["Combust","Thunderclap"],"picked":"Ghostly Armor","floor":14}],"player_experience":1439542,"relics_obtained":[{"floor":6.0,"key":"Shuriken"},{"floor":10,"key":"Pocketwatch"}],"event_choices":[{"cards_removed":["Strike_R"],"damage_healed":0.0,"max_hp_gain":0.0,"max_hp_loss":0.0,"gold_gain":0.0,"event_name":"The Cleric","player_choice":"Card Removal","floor":7.0,"gold_loss":75.0,"damage_taken":0.0},{"damage_healed":0,"gold_gain":0,"player_choice":"Lose Max HP","damage_taken":0,"relics_obtained":["Golden Idol"],"max_hp_gain":0,"max_hp_loss":7,"event_name":"Golden Idol","floor":13,"gold_loss":0}],"is_beta":false,"boss_relics":[],"items_purged_floors":[],"is_endless":false,"potions_floor_spawned":[3,4],"killed_by":"The Guardian","ascension_level":20}