{"gold_per_floor":[111,124,141,157,170,205,221,221,289,323,323,351,331,396,396,491,491,508,508,518,286,306,231,263,263,316,316,316,316,350,350,350,350],"floor_reached":33,"playtime":1549,"items_purged":["Defend_G"],"score":495,"play_id":"e0b076e9-da70-4cd1-b3cd-b6c849f891b0","local_time":"20190607121154","is_ascension_mode":true,"campfire_choices":[{"floor":11,"key":"REST"},{"floor":15,"key":"REST"},{"floor":25,"key":"REST"},{"floor":27,"key":"REST"},{"data":"Adrenaline","floor":28,"key":"SMITH"},{"floor":32,"key":"REST"}],"neow_cost":"NONE","seed_source_timestamp":19997076474376,"circlet_count":0,"master_deck":["AscendersBane","Defend_G","Defend_G","Defend_G","Survivor","Neutralize+1","Caltrops","Deadly Poison","Backflip","Footwork","Bane","Die Die Die","Dagger Spray","Noxious Fumes","Adrenaline+1","Flying Knee+1","Bite+1","Bite","Bite","Bite","Bite","Adrenaline","Backflip","Mind Blast"],"relics":["Lizard Tail","Letter Opener","Bottled Flame","Gremlin Horn","WingedGreaves","Tiny Chest","Runic Dome","Whetstone","Juzu Bracelet","Pen Nib","PreservedInsect","Mercury Hourglass"],"potions_floor_usage":[6,10,14,14,22,30],"damage_taken":[{"damage":0,"enemies":"2 Louse","floor":1,"turns":3},{"damage":7,"enemies":"Jaw Worm","floor":2,"turns":6},{"damage":1,"enemies":"Cultist","floor":3,"turns":5},{"damage":3,"enemies":"Blue Slaver","floor":4,"turns":5},{"damage":10,"enemies":"Exordium Thugs","floor":5,"turns":8},{"damage":12,"enemies":"3 Sentries","floor":6,"turns":11},{"damage":2,"enemies":"2 Fungi Beasts","floor":7,"turns":4},{"damage":20,"enemies":"Gremlin Nob","floor":10,"turns":5},{"damage":28,"enemies":"3 Sentries","floor":12,"turns":8},{"damage":39,"enemies":"Gremlin Nob","floor":14,"turns":5},{"damage":13,"enemies":"Hexaghost","floor":16,"turns":10},{"damage":30,"enemies":"Chosen","floor":18,"turns":6},{"damage":19,"enemies":"Spheric Guardian","floor":20,"turns":4},{"damage":9,"enemies":"Cultist and Chosen","floor":22,"turns":4},{"damage":37,"enemies":"Gremlin Leader","floor":24,"turns":6},{"damage":27,"enemies":"Book of Stabbing","floor":30,"turns":5},{"damage":47,"enemies":"Collector","floor":33,"turns":3}],"seed_played":"-7157527404786851019","potions_obtained":[{"floor":1,"key":"Explosive Potion"},{"floor":7,"key":"Block Potion"},{"floor":10,"key":"Dexterity Potion"},{"floor":12,"key":"Fire Potion"},{"floor":16,"key":"LiquidBronze"},{"floor":18,"key":"Fire Potion"},{"floor":20,"key":"Block Potion"},{"floor":22,"key":"Ancient Potion"},{"floor":24,"key":"SteroidPotion"}],"is_trial":false,"path_per_floor":["M","M","M","M","M","E","M","?","T","E","R","E","?","E","R","B",null,"M","?","M","$","M","?","E","R","T","R","R","?","E","T","R","B"],"character_chosen":"THE_SILENT","items_purchased":["Whetstone"],"campfire_rested":5,"item_purchase_floors":[21],"current_hp_per_floor":[63,56,55,52,42,30,28,28,28,8,29,1,1,35,56,43,63,33,33,24,24,28,28,14,28,28,42,42,30,12,12,26,0],"gold":350,"neow_bonus":"BOSS_RELIC","is_prod":false,"is_daily":false,"chose_seed":false,"campfire_upgraded":1,"win_rate":0,"timestamp":1559923914,"path_taken":["M","M","M","M","M","E","M","?","T","E","R","E","?","E","R","BOSS","M","?","M","$","M","?","E","R","T","R","R","?","E","?","R","BOSS"],"build_version":"2019-01-23","purchased_purges":1,"victory":false,"max_hp_per_floor":[70,70,70,70,70,70,70,70,70,70,70,70,70,70,70,70,70,70,49,49,49,49,49,49,49,49,49,49,49,49,49,49,49],"card_choices":[{"not_picked":["Finisher","PiercingWail"],"picked":"Caltrops","floor":1},{"not_picked":["Reflex","Blade Dance"],"picked":"Deadly Poison","floor":2},{"not_picked":["Noxious Fumes","Outmaneuver"],"picked":"Backflip","floor":3},{"not_picked":["Quick Slash","Noxious Fumes"],"picked":"Footwork","floor":4},{"not_picked":["Blade Dance","Poisoned Stab"],"picked":"Bane","floor":5},{"not_picked":["Well Laid Plans","Quick Slash"],"picked":"Die Die Die","floor":6},{"not_picked":["Setup","Prepared"],"picked":"Dagger Spray","floor":7},{"not_picked":["Flying Knee","Dagger Spray","Reflex"],"picked":"SKIP","floor":10},{"not_picked":["Heel Hook","Cloak And Dagger","Flying Knee"],"picked":"SKIP","floor":12},{"not_picked":["Choke","Outmaneuver"],"picked":"Noxious Fumes","floor":14},{"not_picked":["Die Die Die","Doppelganger"],"picked":"Adrenaline","floor":16},{"not_picked":["Outmaneuver","Sucker Punch"],"picked":"Flying Knee+1","floor":18},{"not_picked":["Poisoned Stab","Acrobatics"],"picked":"Adrenaline","floor":20},{"not_picked":["Finisher","Quick Slash+1"],"picked":"Backflip","floor":22},{"not_picked":["Cloak And Dagger","Eviscerate","Deflect"],"picked":"SKIP","floor":24},{"not_picked":["Slice","Calculated Gamble","Poisoned Stab"],"picked":"SKIP","floor":30}],"player_experience":393550,"relics_obtained":[{"floor":6,"key":"Letter Opener"},{"floor":9,"key":"Bottled Flame"},{"floor":10,"key":"Gremlin Horn"},{"floor":12,"key":"WingedGreaves"},{"floor":14,"key":"Tiny Chest"},{"floor":24,"key":"Juzu Bracelet"},{"floor":26,"key":"Pen Nib"},{"floor":30,"key":"PreservedInsect"},{"floor":31,"key":"Mercury Hourglass"}],"event_choices":[{"cards_removed":["Strike_G"],"damage_healed":0,"gold_gain":0,"player_choice":"Forget","damage_taken":0,"max_hp_gain":0,"max_hp_loss":0,"event_name":"Living Wall","floor":8,"gold_loss":0},{"damage_healed":0,"gold_gain":0,"player_choice":"Left Gold","damage_taken":0,"max_hp_gain":0,"max_hp_loss":0,"event_name":"World of Goop","floor":13,"gold_loss":20},{"damage_healed":0,"gold_gain":0,"player_choice":"Became a vampire","damage_taken":0,"max_hp_gain":0,"max_hp_loss":21,"event_name":"Vampires","floor":19,"gold_loss":0,"cards_obtained":["Bite","Bite","Bite","Bite","Bite"]},{"cards_removed":["Defend_G"],"damage_healed":0,"gold_gain":0,"player_choice":"Gave Gold","damage_taken":0,"max_hp_gain":0,"max_hp_loss":0,"event_name":"Beggar","floor":23,"gold_loss":75},{"damage_healed":0,"gold_gain":0,"player_choice":"CARD ","damage_taken":12,"max_hp_gain":0,"max_hp_loss":0,"event_name":"Knowing Skull","floor":29,"potions_obtained":[],"gold_loss":0,"cards_obtained":["Mind Blast"]}],"is_beta":false,"boss_relics":[{"not_picked":["Calling Bell","Tiny House"],"picked":"Runic Dome"}],"items_purged_floors":[21],"is_endless":false,"potions_floor_spawned":[1,7,10,12,16,18,20,22,24],"killed_by":"Collector","ascension_level":10}