{"gold_per_floor":[111,125,125,25,36,36,364,364,364,364,364,399,193,212,212,212],"floor_reached":16,"playtime":422,"items_purged":["Pain","Strike_B"],"score":216,"play_id":"75ce1514-d756-4be2-a0ad-0ee27f35e6eb","local_time":"20181129130221","is_ascension_mode":true,"campfire_choices":[{"data":"Zap","floor":6,"key":"SMITH"},{"data":"Hologram","floor":8,"key":"SMITH"},{"floor":15,"key":"REST"}],"neow_cost":"NONE","seed_source_timestamp":345839263619645,"circlet_count":0,"master_deck":["AscendersBane","Strike_B","Strike_B","Strike_B","Defend_B","Defend_B","Defend_B","Defend_B","Zap+1","Dualcast+1","Ball Lightning+1","Go for the Eyes","Coolheaded","Hologram+1","Stack","Biased Cognition","Static Discharge","Conserve Battery","Sweeping Beam+1","Cold Snap+1"],"relics":["Cracked Core","NeowsBlessing","WarpedTongs","Old Coin","Molten Egg 2","Dream Catcher"],"potions_floor_usage":[],"damage_taken":[{"damage":0,"enemies":"Cultist","floor":1,"turns":1},{"damage":0,"enemies":"Jaw Worm","floor":2,"turns":1},{"damage":0,"enemies":"2 Louse","floor":5,"turns":1},{"damage":21,"enemies":"Gremlin Nob","floor":7,"turns":4},{"damage":14,"enemies":"Lagavulin","floor":12,"turns":7},{"damage":1,"enemies":"Looter","floor":14,"turns":3},{"damage":31,"enemies":"Slime Boss","floor":16,"turns":10}],"seed_played":"-507281595404886598","potions_obtained":[{"floor":7,"key":"LiquidBronze"}],"is_trial":false,"path_per_floor":["M","M","?","$","M","R","E","R","T","?","?","E","$","M","R","B"],"character_chosen":"DEFECT","items_purchased":["Coolheaded","Static Discharge","Conserve Battery"],"campfire_rested":1,"item_purchase_floors":[4,13,13],"current_hp_per_floor":[64,64,64,64,64,64,43,43,43,22,22,8,8,7,28,0],"gold":212,"neow_bonus":"THREE_ENEMY_KILL","is_prod":false,"is_daily":false,"chose_seed":false,"campfire_upgraded":2,"win_rate":0,"timestamp":1543514541,"path_taken":["M","?","?","?","M","R","E","R","T","?","?","E","$","M","R","BOSS"],"build_version":"2018-11-15","purchased_purges":2,"victory":false,"max_hp_per_floor":[71,71,71,71,71,71,71,71,71,71,71,71,71,71,71,71],"card_choices":[{"not_picked":["Leap","Stack"],"picked":"Ball Lightning","floor":1},{"not_picked":["Reprogram","Reinforced Body"],"picked":"Go for the Eyes","floor":2},{"not_picked":["Stack","Chill"],"picked":"Hologram","floor":5},{"not_picked":["Consume","Blizzard"],"picked":"Stack","floor":7},{"not_picked":["Steam","Tempest"],"picked":"Biased Cognition","floor":12},{"not_picked":["Redo","Recycle"],"picked":"Sweeping Beam+1","floor":14},{"not_picked":["Scrape+1","Steam"],"picked":"Cold Snap+1","floor":15}],"player_experience":1196992,"relics_obtained":[{"floor":7,"key":"Old Coin"},{"floor":9,"key":"Molten Egg 2"},{"floor":12,"key":"Dream Catcher"}],"event_choices":[{"damage_healed":0,"gold_gain":0,"player_choice":"Rummage","damage_taken":0,"relics_obtained":["WarpedTongs"],"max_hp_gain":0,"max_hp_loss":0,"event_name":"Accursed Blacksmith","floor":3,"gold_loss":0,"cards_obtained":["Pain"]},{"damage_healed":0,"gold_gain":0,"player_choice":"Entered Light","damage_taken":21,"max_hp_gain":0,"max_hp_loss":0,"event_name":"Shining Light","floor":10,"gold_loss":0,"cards_upgraded":["Ball Lightning","Dualcast"]},{"damage_healed":0,"gold_gain":0,"player_choice":"Searched \u00270\u0027 times","damage_taken":0,"max_hp_gain":0,"max_hp_loss":0,"event_name":"Dead Adventurer","floor":11,"gold_loss":0}],"is_beta":false,"boss_relics":[],"items_purged_floors":[4,13],"is_endless":false,"potions_floor_spawned":[7],"killed_by":"Slime Boss","ascension_level":20}