{"gold_per_floor":[119,69,69,84,98,123,137,137,137,137,155,155,255,280,280,376,376,391,110,124,135,155,155,155,169,220,220,237,237,248,268,268,370,370,381,399,399,399,411,411,425,436,436,436,485,504,514,23,23,23],"floor_reached":51,"playtime":6534,"items_purged":["Corpse Explosion+1","Strike_G"],"score":690,"play_id":"1d95aa4c-d149-48bf-82f6-894eb75d3618","local_time":"20180625171849","is_ascension_mode":false,"campfire_choices":[{"floor":8,"key":"REST"},{"data":"Backflip","floor":10,"key":"SMITH"},{"floor":15,"key":"REST"},{"data":"Master of Strategy","floor":23,"key":"SMITH"},{"data":"Cloak And Dagger","floor":27,"key":"SMITH"},{"data":"Neutralize","floor":29,"key":"SMITH"},{"data":"Backflip","floor":32,"key":"SMITH"},{"data":"Doppelganger","floor":40,"key":"SMITH"},{"floor":44,"key":"REST"},{"floor":49,"key":"REST"}],"neow_cost":"NONE","seed_source_timestamp":656319124674460,"circlet_count":0,"master_deck":["Defend_G","Defend_G","Defend_G","Survivor","Neutralize+1","Skewer","Quick Slash","Backflip+1","Cloak And Dagger+1","Acrobatics","Dagger Throw","Tools of the Trade","Footwork+1","Infinite Blades+1","Cloak And Dagger+1","Master of Strategy+1","Cloak And Dagger+1","Backstab","Decay","Endless Agony","Dodge and Roll+1","Backflip+1","Doppelganger+1","Outmaneuver+1","Deflect+1","Finesse","Noxious Fumes","Finesse","Caltrops+1","Quick Slash+1","Flying Knee+1","Doubt","Cloak And Dagger+1","Quick Slash+1","Backflip+1","Prepared+1","Apotheosis","Trip"],"relics":["Cursed Key","Regal Pillow","Toolbox","Matryoshka","Nloth\u0027s Gift","Pear","Oddly Smooth Stone","Empty Cage","Letter Opener","Ornamental Fan","Prayer Wheel"],"potions_floor_usage":[7,16,22,22,31,33,39,41,41,41,50,50],"damage_taken":[{"damage":0,"enemies":"Jaw Worm","floor":1,"turns":5},{"damage":0,"enemies":"2 Louse","floor":4,"turns":4},{"damage":2,"enemies":"Small Slimes","floor":5,"turns":2},{"damage":36,"enemies":"Lagavulin","floor":6,"turns":8},{"damage":0,"enemies":"Gremlin Gang","floor":7,"turns":2},{"damage":0,"enemies":"3 Louse","floor":11,"turns":3},{"damage":30,"enemies":"Gremlin Nob","floor":14,"turns":6},{"damage":11,"enemies":"The Guardian","floor":16,"turns":11},{"damage":2,"enemies":"3 Byrds","floor":18,"turns":6},{"damage":4,"enemies":"Shell Parasite","floor":20,"turns":5},{"damage":0,"enemies":"Centurion and Healer","floor":21,"turns":7},{"damage":3,"enemies":"Cultist and Chosen","floor":22,"turns":8},{"damage":2,"enemies":"Sentry and Sphere","floor":25,"turns":6},{"damage":7,"enemies":"Snake Plant","floor":28,"turns":7},{"damage":0,"enemies":"3 Cultists","floor":30,"turns":7},{"damage":1,"enemies":"Snecko","floor":31,"turns":6},{"damage":25,"enemies":"Collector","floor":33,"turns":15},{"damage":0,"enemies":"Orb Walker","floor":35,"turns":5},{"damage":42,"enemies":"3 Darklings","floor":36,"turns":8},{"damage":19,"enemies":"4 Shapes","floor":39,"turns":6},{"damage":5,"enemies":"Maw","floor":41,"turns":9},{"damage":7,"enemies":"3 Darklings","floor":42,"turns":6},{"damage":0,"floor":45,"turns":7},{"damage":2,"enemies":"4 Shapes","floor":46,"turns":7},{"damage":0,"enemies":"Maw","floor":47,"turns":9},{"damage":24,"enemies":"Donu and Deca","floor":50,"turns":10}],"seed_played":"-4822425013697588804","potions_obtained":[{"floor":4,"key":"Explosive Potion"},{"floor":6,"key":"SpeedPotion"},{"floor":14,"key":"SkillPotion"},{"floor":18,"key":"SteroidPotion"},{"floor":20,"key":"EssenceOfSteel"},{"floor":25,"key":"EssenceOfSteel"},{"floor":28,"key":"Strength Potion"},{"floor":31,"key":"Energy Potion"},{"floor":35,"key":"SkillPotion"},{"floor":36,"key":"PowerPotion"},{"floor":39,"key":"Poison Potion"},{"floor":42,"key":"GhostInAJar"}],"is_trial":false,"path_per_floor":["M","?","?","M","M","E","M","R","T","R","M","?","?","E","R","B",null,"M","$","M","M","M","R","?","M","T","R","M","R","M","M","R","B",null,"M","M","?","?","M","R","M","M","T","R","?","M","M","$","R","B"],"character_chosen":"THE_SILENT","items_purchased":["Master of Strategy","Apotheosis","Dexterity Potion","PowerPotion","Trip"],"campfire_rested":4,"item_purchase_floors":[19,48,48,48,48],"current_hp_per_floor":[70,70,75,75,73,37,37,74,74,74,74,67,67,37,74,63,75,73,73,69,69,66,66,66,64,74,74,67,67,67,66,66,41,85,85,43,43,43,24,24,19,12,12,52,52,50,50,50,85,61],"gold":23,"neow_bonus":"BOSS_RELIC","is_prod":false,"is_daily":false,"chose_seed":false,"campfire_upgraded":6,"win_rate":0,"timestamp":1529961529,"path_taken":["M","?","?","M","M","E","M","R","T","R","M","?","?","E","R","BOSS","M","$","M","?","M","R","?","M","T","R","M","R","M","M","R","BOSS","M","M","?","?","?","R","M","M","T","R","?","M","?","$","R","BOSS"],"build_version":"2018-06-21v2","purchased_purges":2,"victory":true,"max_hp_per_floor":[70,70,75,75,75,75,75,75,75,75,75,75,75,75,75,75,75,75,75,75,75,75,75,75,75,85,85,85,85,85,85,85,85,85,85,85,85,85,85,85,85,85,85,85,85,85,85,85,85,85],"card_choices":[{"not_picked":["Deadly Poison","Dodge and Roll"],"picked":"Skewer","floor":1},{"not_picked":["Deadly Poison","Distraction","Flechettes"],"picked":"SKIP","floor":4},{"not_picked":["Dagger Spray","Dash"],"picked":"Quick Slash","floor":5},{"not_picked":["Riddle With Holes","Deadly Poison"],"picked":"Backflip","floor":6},{"not_picked":["Poisoned Stab","Calculated Gamble"],"picked":"Cloak And Dagger","floor":7},{"not_picked":["Deadly Poison","Tactician"],"picked":"Acrobatics","floor":11},{"not_picked":["Outmaneuver","Endless Agony"],"picked":"Dagger Throw","floor":14},{"not_picked":["Phantasmal Killer","Night Terror"],"picked":"Tools of the Trade","floor":16},{"not_picked":["PiercingWail","Outmaneuver"],"picked":"Cloak And Dagger+1","floor":18},{"not_picked":["Dodge and Roll","Flying Knee"],"picked":"Cloak And Dagger+1","floor":20},{"not_picked":["Cloak And Dagger","Eviscerate+1","Catalyst"],"picked":"SKIP","floor":21},{"not_picked":["Dash","Poisoned Stab"],"picked":"Backstab","floor":22},{"not_picked":["Cloak And Dagger","Deflect","Unload"],"picked":"SKIP","floor":25},{"not_picked":["Slice","Riddle With Holes"],"picked":"Endless Agony","floor":28},{"not_picked":["Dash","Deadly Poison+1"],"picked":"Dodge and Roll+1","floor":30},{"not_picked":["Acrobatics","Dodge and Roll"],"picked":"Backflip","floor":31},{"not_picked":["Venomology","Night Terror"],"picked":"Doppelganger","floor":33},{"not_picked":["Quick Slash+1","Heel Hook"],"picked":"Outmaneuver+1","floor":35},{"not_picked":["Backflip","Acrobatics"],"picked":"Deflect+1","floor":36},{"not_picked":["Swift Strike","Enlightenment"],"picked":"Finesse","floor":38},{"not_picked":["Noxious Fumes+1","Dagger Spray+1"],"picked":"Caltrops+1","floor":39},{"not_picked":["Flechettes+1","Outmaneuver+1"],"picked":"Quick Slash+1","floor":41},{"not_picked":["Prepared","Dodge and Roll+1"],"picked":"Flying Knee+1","floor":42},{"not_picked":["Acrobatics","PiercingWail+1"],"picked":"Cloak And Dagger+1","floor":45},{"not_picked":["Bullet Time","Deflect"],"picked":"Quick Slash+1","floor":46},{"not_picked":["Outmaneuver","Masterful Stab+1"],"picked":"Backflip+1","floor":46},{"not_picked":["Caltrops","Distraction+1"],"picked":"Prepared+1","floor":47},{"not_picked":["Calculated Gamble+1","Outmaneuver","Night Terror"],"picked":"SKIP","floor":47}],"player_experience":53962,"relics_obtained":[{"floor":6,"key":"Regal Pillow"},{"floor":14,"key":"Matryoshka"},{"floor":26,"key":"Pear"},{"floor":26,"key":"Oddly Smooth Stone"},{"floor":43,"key":"Letter Opener"},{"floor":43,"key":"Ornamental Fan"},{"floor":45,"key":"Prayer Wheel"}],"event_choices":[{"event_name":"The Cleric","player_choice":"Card Removal","floor":2,"damage_taken":0},{"event_name":"Big Fish","player_choice":"Donut","floor":3,"damage_taken":0},{"event_name":"Scrap Ooze","player_choice":"success","floor":12,"damage_taken":7},{"event_name":"Golden Shrine","player_choice":"Pray","floor":13,"damage_taken":0},{"event_name":"N\u0027loth","player_choice":"Traded a Astrolabe","floor":24,"damage_taken":0},{"event_name":"Match and Keep!","player_choice":"2 cards matched","floor":37,"damage_taken":0},{"event_name":"SensoryStone","player_choice":"Memory 1","floor":38,"damage_taken":0},{"event_name":"Mysterious Sphere","player_choice":"Fight","floor":45,"damage_taken":0}],"boss_relics":[{"not_picked":["Runic Dome","Runic Pyramid"],"picked":"Astrolabe"},{"not_picked":["Philosopher\u0027s Stone","Orrery"],"picked":"Empty Cage"}],"items_purged_floors":[19,48],"is_endless":false,"potions_floor_spawned":[4,6,14,18,20,25,28,31,35,36,39,42],"ascension_level":0}