{"gold_per_floor":[209,223,238,254,103,103,122,156,156,156,191,266,266],"floor_reached":13,"playtime":440,"items_purged":["Strike_R"],"score":166,"play_id":"1cbb49c1-501e-4800-bd56-b874f0ec7ff4","local_time":"20181213114919","is_ascension_mode":true,"campfire_choices":[{"data":"Bash","floor":6,"key":"SMITH"},{"data":"True Grit","floor":10,"key":"SMITH"}],"neow_cost":"NONE","seed_source_timestamp":46758357468819,"circlet_count":0,"master_deck":["AscendersBane","Strike_R","Strike_R","Strike_R","Strike_R","Defend_R","Defend_R","Defend_R","Defend_R","Bash+1","Reckless Charge","Dropkick","Headbutt","Feel No Pain","True Grit+1","Rampage","Battle Trance"],"relics":["Burning Blood","Letter Opener","Anchor","PreservedInsect"],"potions_floor_usage":[7,13,13],"damage_taken":[{"damage":19,"enemies":"Jaw Worm","floor":1,"turns":5},{"damage":1,"enemies":"2 Louse","floor":2,"turns":3},{"damage":0,"enemies":"Cultist","floor":3,"turns":2},{"damage":13,"enemies":"Blue Slaver","floor":4,"turns":2},{"damage":4,"enemies":"Large Slime","floor":7,"turns":3},{"damage":33,"enemies":"Lagavulin","floor":8,"turns":8},{"damage":16,"enemies":"Gremlin Nob","floor":11,"turns":3},{"damage":21,"enemies":"Lagavulin","floor":13,"turns":3}],"seed_played":"1137125577070501649","potions_obtained":[{"floor":2,"key":"Energy Potion"},{"floor":4,"key":"AttackPotion"},{"floor":11,"key":"BloodPotion"}],"is_trial":false,"path_per_floor":["M","M","M","M","$","R","M","E","T","R","E","?","E"],"character_chosen":"IRONCLAD","items_purchased":["Feel No Pain"],"campfire_rested":0,"item_purchase_floors":[5],"current_hp_per_floor":[55,60,66,59,59,59,61,34,34,34,24,13,0],"gold":266,"neow_bonus":"HUNDRED_GOLD","is_prod":false,"is_daily":false,"chose_seed":false,"campfire_upgraded":2,"win_rate":0,"timestamp":1544719759,"path_taken":["M","M","M","M","$","R","M","E","T","R","E","?","E"],"build_version":"2018-12-06","purchased_purges":1,"victory":false,"max_hp_per_floor":[75,75,75,75,75,75,75,75,75,75,75,75,75],"card_choices":[{"not_picked":["Iron Wave","Entrench"],"picked":"Reckless Charge","floor":1},{"not_picked":["Reckless Charge","Flex"],"picked":"Dropkick","floor":2},{"not_picked":["Perfected Strike","Brutality"],"picked":"Headbutt","floor":3},{"not_picked":["Iron Wave","Second Wind","Searing Blow"],"picked":"SKIP","floor":4},{"not_picked":["Anger","Warcry"],"picked":"True Grit","floor":7},{"not_picked":["Wild Strike","Headbutt"],"picked":"Rampage","floor":8},{"not_picked":["Iron Wave","Pommel Strike"],"picked":"Battle Trance","floor":11}],"player_experience":1272791,"relics_obtained":[{"floor":8,"key":"Letter Opener"},{"floor":9,"key":"Anchor"},{"floor":11,"key":"PreservedInsect"}],"event_choices":[{"damage_healed":0,"gold_gain":75,"player_choice":"Gather Gold","damage_taken":11,"max_hp_gain":0,"max_hp_loss":0,"event_name":"World of Goop","floor":12,"gold_loss":0}],"is_beta":false,"boss_relics":[],"items_purged_floors":[5],"is_endless":false,"potions_floor_spawned":[2,4,11],"killed_by":"Lagavulin","ascension_level":15}