{"gold_per_floor":[116,116,116,135,149,183,198,230,230,230],"floor_reached":10,"playtime":763,"items_purged":[],"score":78,"play_id":"55b0586c-dba6-402f-ae01-d483c6e1e483","local_time":"20190702021105","is_ascension_mode":false,"campfire_choices":[],"neow_cost":"NONE","seed_source_timestamp":820422977260678,"circlet_count":0,"master_deck":["Strike_R","Strike_R","Strike_R","Strike_R","Strike_R","Defend_R","Defend_R","Defend_R","Defend_R","Bash","Shrug It Off","Rage+1","Shrug It Off","Inflame","Thunderclap","Sentinel","Sentinel"],"relics":["Burning Blood","Ancient Tea Set","Centennial Puzzle","Potion Belt"],"potions_floor_usage":[7,7],"damage_taken":[{"damage":2,"enemies":"Jaw Worm","floor":1,"turns":5},{"damage":7,"enemies":"Small Slimes","floor":4,"turns":4},{"damage":8,"enemies":"2 Louse","floor":5,"turns":4},{"damage":46,"enemies":"Gremlin Nob","floor":6,"turns":5},{"damage":3,"enemies":"Exordium Thugs","floor":7,"turns":4},{"damage":14,"enemies":"3 Sentries","floor":8,"turns":12},{"damage":47,"enemies":"Gremlin Nob","floor":10,"turns":5}],"seed_played":"2611012448799918111","potions_obtained":[{"floor":1,"key":"Explosive Potion"},{"floor":4,"key":"FearPotion"},{"floor":7,"key":"EntropicBrew"}],"is_trial":false,"path_per_floor":["M","?","?","M","M","E","M","E","T","E"],"character_chosen":"IRONCLAD","items_purchased":[],"campfire_rested":0,"item_purchase_floors":[],"current_hp_per_floor":[80,80,85,84,82,42,45,37,37,0],"gold":230,"neow_bonus":"THREE_CARDS","is_prod":false,"is_daily":false,"chose_seed":false,"campfire_upgraded":0,"win_rate":0.0,"timestamp":1562058665,"path_taken":["M","?","?","M","M","E","M","E","T","E"],"build_version":"2019-07-01","purchased_purges":0,"victory":false,"max_hp_per_floor":[80,80,85,85,85,85,85,85,85,85],"card_choices":[{"not_picked":["Evolve","True Grit"],"picked":"Shrug It Off","floor":0},{"not_picked":["Clash","Seeing Red"],"picked":"Rage","floor":1},{"not_picked":["Sword Boomerang","Pommel Strike"],"picked":"Shrug It Off","floor":4},{"not_picked":["Entrench","Havoc"],"picked":"Inflame","floor":5},{"not_picked":["Searing Blow","Shrug It Off"],"picked":"Thunderclap","floor":6},{"not_picked":["Clothesline","Searing Blow"],"picked":"Sentinel","floor":7},{"not_picked":["Pommel Strike","True Grit"],"picked":"Sentinel","floor":8}],"player_experience":75051,"relics_obtained":[{"floor":6,"key":"Ancient Tea Set"},{"floor":8,"key":"Centennial Puzzle"},{"floor":9,"key":"Potion Belt"}],"event_choices":[{"damage_healed":0,"gold_gain":0,"player_choice":"Grow","damage_taken":0,"max_hp_gain":0,"max_hp_loss":0,"event_name":"Living Wall","floor":2,"gold_loss":0,"cards_upgraded":["Rage"]},{"damage_healed":0,"gold_gain":0,"player_choice":"Donut","damage_taken":0,"max_hp_gain":5,"max_hp_loss":0,"event_name":"Big Fish","floor":3,"gold_loss":0}],"is_beta":false,"boss_relics":[],"items_purged_floors":[],"is_endless":false,"potions_floor_spawned":[1,4,7],"killed_by":"Gremlin Nob","ascension_level":0}