{"gold_per_floor":[14,14,32,32,32,32,64,64,89,89,106,124,142,158,158,236,236,246,246,280,258,10,27,27,27],"floor_reached":25,"playtime":1101,"items_purged":["Masterful Stab"],"score":506,"play_id":"cf3b9945-1bb4-4e9b-9708-fd61733957d1","local_time":"20181119234131","is_ascension_mode":true,"campfire_choices":[{"data":"Crippling Poison","floor":6,"key":"SMITH"},{"data":"Footwork","floor":8,"key":"SMITH"},{"data":"Neutralize","floor":15,"key":"SMITH"},{"floor":24,"key":"REST"}],"neow_cost":"NO_GOLD","seed_source_timestamp":473730144050075,"circlet_count":0,"master_deck":["AscendersBane","Defend_G","Defend_G","Defend_G","Defend_G","Defend_G","Strike_G","Strike_G","Strike_G","Survivor","Neutralize+1","Crippling Poison+1","Footwork+1","Deadly Poison","Caltrops","Catalyst","Dash","Malaise","Backstab","Deflect","Calculated Gamble"],"relics":["Ring of the Snake","Ice Cream","Oddly Smooth Stone","Anchor","Philosopher\u0027s Stone","Enchiridion","Red Mask","Blood Vial"],"potions_floor_usage":[7,20,25,25],"damage_taken":[{"damage":3,"enemies":"Cultist","floor":1,"turns":5},{"damage":3,"enemies":"Small Slimes","floor":3,"turns":3},{"damage":13,"enemies":"3 Sentries","floor":7,"turns":9},{"damage":0,"enemies":"Jaw Worm","floor":11,"turns":4},{"damage":0,"enemies":"2 Fungi Beasts","floor":12,"turns":2},{"damage":0,"enemies":"Gremlin Gang","floor":13,"turns":3},{"damage":0,"enemies":"Blue Slaver","floor":14,"turns":3},{"damage":0,"enemies":"Hexaghost","floor":16,"turns":9},{"damage":0,"enemies":"3 Byrds","floor":18,"turns":3},{"damage":13,"enemies":"Masked Bandits","floor":20,"turns":4},{"damage":5,"enemies":"2 Thieves","floor":21,"turns":4},{"damage":2,"enemies":"Snecko","floor":23,"turns":8},{"damage":50,"enemies":"Gremlin Leader","floor":25,"turns":9}],"seed_played":"-1679737063065744979","potions_obtained":[{"floor":3,"key":"PowerPotion"},{"floor":12,"key":"FearPotion"},{"floor":13,"key":"GhostInAJar"},{"floor":20,"key":"Dexterity Potion"}],"is_trial":false,"path_per_floor":["M","?","M","?","$","R","E","R","T","?","M","M","M","M","R","B",null,"M","?","?","M","$","M","R","E"],"character_chosen":"THE_SILENT","items_purchased":["Blood Vial"],"campfire_rested":1,"item_purchase_floors":[22],"current_hp_per_floor":[56,49,46,46,46,46,33,33,33,33,33,33,33,33,33,33,58,58,37,24,19,19,19,38,0],"gold":27,"neow_bonus":"ONE_RARE_RELIC","is_prod":false,"is_daily":false,"chose_seed":false,"campfire_upgraded":3,"win_rate":0,"timestamp":1542688891,"path_taken":["M","?","M","?","?","R","E","R","T","?","M","M","?","M","R","BOSS","M","?","?","M","?","M","R","E"],"build_version":"2018-11-15","purchased_purges":1,"victory":false,"max_hp_per_floor":[66,66,66,66,66,66,66,66,66,66,66,66,66,66,66,66,66,66,66,66,66,66,66,66,66],"card_choices":[{"not_picked":["Bane","Expertise"],"picked":"Masterful Stab","floor":1},{"not_picked":["Blur","Quick Slash"],"picked":"Crippling Poison","floor":3},{"not_picked":["Masterful Stab","Outmaneuver"],"picked":"Footwork","floor":7},{"not_picked":["Backflip","Calculated Gamble"],"picked":"Deadly Poison","floor":11},{"not_picked":["Terror","Reflex"],"picked":"Caltrops","floor":12},{"not_picked":["Quick Slash","Crippling Poison"],"picked":"Catalyst","floor":13},{"not_picked":["Prepared","Masterful Stab"],"picked":"Dash","floor":14},{"not_picked":["Bullet Time","Glass Knife"],"picked":"Malaise","floor":16},{"not_picked":["Finisher+1","Underhanded Strike"],"picked":"Backstab","floor":18},{"not_picked":["Dagger Throw","Flying Knee"],"picked":"Deflect","floor":21},{"not_picked":["Underhanded Strike","Prepared"],"picked":"Calculated Gamble","floor":23}],"player_experience":1125610,"relics_obtained":[{"floor":7,"key":"Oddly Smooth Stone"},{"floor":9,"key":"Anchor"},{"floor":19,"key":"Enchiridion"},{"floor":20,"key":"Red Mask"}],"event_choices":[{"cards_removed":["Strike_G"],"damage_healed":0,"gold_gain":0,"player_choice":"Card Removal","damage_taken":7,"max_hp_gain":0,"max_hp_loss":0,"event_name":"Golden Wing","floor":2,"gold_loss":0},{"damage_healed":0,"gold_gain":0,"player_choice":"Leave","damage_taken":0,"max_hp_gain":0,"max_hp_loss":0,"event_name":"The Cleric","floor":4,"gold_loss":0},{"cards_removed":["Strike_G"],"damage_healed":0,"gold_gain":0,"player_choice":"Purged","damage_taken":0,"max_hp_gain":0,"max_hp_loss":0,"event_name":"Purifier","floor":10,"gold_loss":0},{"damage_healed":0,"gold_gain":0,"player_choice":"Obtained Book","damage_taken":21,"max_hp_gain":0,"max_hp_loss":0,"event_name":"Cursed Tome","floor":19,"gold_loss":0},{"damage_healed":0,"gold_gain":0,"player_choice":"Fought Bandits","damage_taken":0,"max_hp_gain":0,"max_hp_loss":0,"event_name":"Masked Bandits","floor":20,"gold_loss":0}],"is_beta":false,"boss_relics":[{"not_picked":["Lizard Tail","Ectoplasm"],"picked":"Philosopher\u0027s Stone"}],"items_purged_floors":[22],"is_endless":false,"potions_floor_spawned":[3,12,13,14,20,23],"killed_by":"Gremlin Leader","ascension_level":20}