{"gold_per_floor":[15,26,26,26,46,46,63,63,63,90,109,144,144,155,155,229,229,241,5,5,5,17,17,34,34,59,74,74],"floor_reached":28,"playtime":924,"items_purged":["Strike_R"],"score":485,"play_id":"b48a871f-a2e6-48f2-8f8e-aaf8c230fc16","local_time":"20181024211305","is_ascension_mode":true,"campfire_choices":[{"data":"Rampage","floor":6,"key":"SMITH"},{"data":"Bash","floor":8,"key":"SMITH"},{"data":"Infernal Blade","floor":13,"key":"SMITH"},{"data":"Pommel Strike","floor":15,"key":"SMITH"},{"data":"True Grit","floor":23,"key":"SMITH"},{"data":"Demon Form","floor":25,"key":"SMITH"}],"neow_cost":"NO_GOLD","seed_source_timestamp":522021543389102,"circlet_count":0,"master_deck":["Strike_R","Strike_R","Defend_R","Defend_R","Defend_R","Defend_R","Bash+1","AscendersBane","Rampage+1","Pommel Strike+1","Pummel","Warcry","Infernal Blade+1","Reaper","Demon Form+1","True Grit+1","Thunderclap+1","Body Slam+1","Pain"],"relics":["Burning Blood","Sundial","Pocketwatch","Singing Bowl","Cursed Key","Bronze Scales","Oddly Smooth Stone"],"potions_floor_usage":[11,16,22,28],"damage_taken":[{"damage":11,"enemies":"Jaw Worm","floor":1,"turns":5},{"damage":1,"enemies":"Cultist","floor":2,"turns":3},{"damage":4,"enemies":"2 Louse","floor":5,"turns":4},{"damage":13,"enemies":"Blue Slaver","floor":7,"turns":4},{"damage":8,"enemies":"Gremlin Nob","floor":10,"turns":3},{"damage":5,"enemies":"Lots of Slimes","floor":11,"turns":5},{"damage":35,"enemies":"3 Sentries","floor":12,"turns":8},{"damage":11,"enemies":"Looter","floor":14,"turns":2},{"damage":28,"enemies":"Hexaghost","floor":16,"turns":7},{"damage":40,"enemies":"Shell Parasite","floor":18,"turns":6},{"damage":3,"enemies":"Spheric Guardian","floor":22,"turns":5},{"damage":12,"enemies":"3 Cultists","floor":24,"turns":4},{"damage":49,"enemies":"Sentry and Sphere","floor":27,"turns":8},{"damage":37,"enemies":"Book of Stabbing","floor":28,"turns":2}],"seed_played":"2198706633395702911","potions_obtained":[{"floor":1,"key":"SpeedPotion"},{"floor":5,"key":"LiquidBronze"},{"floor":7,"key":"Fire Potion"},{"floor":14,"key":"PowerPotion"},{"floor":16,"key":"SpeedPotion"},{"floor":27,"key":"Fire Potion"}],"is_trial":false,"path_per_floor":["M","M","?","?","M","R","M","R","T","E","M","E","R","M","R","B",null,"M","$","?","$","M","R","M","R","T","M"],"character_chosen":"IRONCLAD","items_purchased":["Bronze Scales"],"campfire_rested":0,"item_purchase_floors":[19],"current_hp_per_floor":[77,82,75,75,77,77,70,70,70,68,69,54,54,55,55,37,79,45,45,45,45,48,48,67,67,67,28,0],"gold":74,"neow_bonus":"TWENTY_PERCENT_HP_BONUS","is_prod":false,"is_daily":false,"chose_seed":false,"campfire_upgraded":6,"win_rate":0,"timestamp":1540429985,"path_taken":["M","M","?","?","M","R","?","R","T","E","M","E","R","M","R","BOSS","M","$","?","?","M","R","?","R","T","M","E"],"build_version":"2018-10-18","purchased_purges":1,"victory":false,"max_hp_per_floor":[89,89,89,89,89,89,89,89,89,89,89,91,91,93,93,93,93,93,93,93,93,93,93,93,93,93,95,95],"card_choices":[{"not_picked":["Sentinel","Reckless Charge"],"picked":"Rampage","floor":1},{"not_picked":["Sentinel","Seeing Red"],"picked":"Pommel Strike","floor":2},{"not_picked":["Flex","Second Wind","Wild Strike"],"picked":"SKIP","floor":5},{"not_picked":["Perfected Strike","Burning Pact"],"picked":"Warcry","floor":7},{"not_picked":["Twin Strike","Flex"],"picked":"Infernal Blade","floor":10},{"not_picked":["Pommel Strike","Armaments"],"picked":"Reaper","floor":11},{"not_picked":["Power Through","Sword Boomerang","Anger"],"picked":"Singing Bowl","floor":12},{"not_picked":["Twin Strike","Seeing Red","Cleave"],"picked":"Singing Bowl","floor":14},{"not_picked":["Offering","Bludgeon"],"picked":"Demon Form","floor":16},{"not_picked":["Wild Strike+1","Heavy Blade"],"picked":"True Grit","floor":18},{"not_picked":["Clash+1","Cleave"],"picked":"Thunderclap+1","floor":22},{"not_picked":["Flame Barrier","Infernal Blade"],"picked":"Body Slam+1","floor":24},{"not_picked":["Heavy Blade+1","Pummel","Pommel Strike"],"picked":"Singing Bowl","floor":27}],"player_experience":972752,"relics_obtained":[{"floor":9,"key":"Sundial"},{"floor":10,"key":"Pocketwatch"},{"floor":12,"key":"Singing Bowl"},{"floor":26,"key":"Oddly Smooth Stone"}],"event_choices":[{"cards_removed":["Strike_R"],"damage_healed":0,"gold_gain":0,"player_choice":"Card Removal","damage_taken":7,"max_hp_gain":0,"max_hp_loss":0,"event_name":"Golden Wing","floor":3,"gold_loss":0},{"damage_healed":0,"gold_gain":0,"cards_transformed":["Strike_R"],"player_choice":"Transformed","damage_taken":0,"max_hp_gain":0,"max_hp_loss":0,"event_name":"Transmorgrifier","floor":4,"gold_loss":0,"cards_obtained":["Pummel"]},{"damage_healed":0,"gold_gain":0,"player_choice":"Ignored","damage_taken":0,"max_hp_gain":0,"max_hp_loss":0,"event_name":"Beggar","floor":20,"gold_loss":0}],"is_beta":false,"boss_relics":[{"not_picked":["Busted Crown","Eternal Feather"],"picked":"Cursed Key"}],"items_purged_floors":[19],"is_endless":false,"potions_floor_spawned":[1,5,7,14,16,27],"killed_by":"Book of Stabbing","ascension_level":20}