{"gold_per_floor":[114,114,189,0,13,41,53,53,53,71,71,71,81,112,112,187,187,201,221,146,163,163,163,163],"floor_reached":24,"playtime":908,"items_purged":["Armaments"],"score":404,"play_id":"d951e28c-32ab-4382-ba29-6aee19e53eb2","local_time":"20181018203942","is_ascension_mode":true,"campfire_choices":[{"data":"Apotheosis","floor":8,"key":"SMITH"},{"data":"Pommel Strike","floor":11,"key":"SMITH"},{"data":"True Grit","floor":15,"key":"SMITH"},{"data":"Whirlwind","floor":23,"key":"SMITH"}],"neow_cost":"NONE","seed_source_timestamp":1582180562507,"circlet_count":0,"master_deck":["Strike_R+1","Strike_R","Strike_R","Strike_R","Strike_R+1","Defend_R","Defend_R","Defend_R","Defend_R","Bash","AscendersBane","Apotheosis+1","Pommel Strike+1","Dropkick","Perfected Strike","Feed","True Grit+1","Demon Form","Rage","Sword Boomerang","Whirlwind+1"],"relics":["Burning Blood","NeowsBlessing","Sundial","Self Forming Clay","Bronze Scales","Philosopher\u0027s Stone","MutagenicStrength"],"potions_floor_usage":[16,16,21],"damage_taken":[{"damage":0,"enemies":"Small Slimes","floor":1,"turns":1},{"damage":0,"enemies":"Cultist","floor":5,"turns":1},{"damage":0,"enemies":"3 Sentries","floor":6,"turns":2},{"damage":6,"enemies":"2 Louse","floor":7,"turns":3},{"damage":2,"enemies":"Exordium Wildlife","floor":10,"turns":4},{"damage":3,"enemies":"Looter","floor":13,"turns":4},{"damage":4,"enemies":"Lagavulin","floor":14,"turns":6},{"damage":39,"enemies":"Hexaghost","floor":16,"turns":10},{"damage":12,"enemies":"2 Thieves","floor":18,"turns":5},{"damage":16,"enemies":"Shell Parasite","floor":19,"turns":5},{"damage":29,"enemies":"Snake Plant","floor":21,"turns":3},{"damage":38,"enemies":"Gremlin Leader","floor":24,"turns":4}],"seed_played":"1087021078984969299","potions_obtained":[{"floor":6,"key":"PowerPotion"},{"floor":7,"key":"EssenceOfSteel"},{"floor":19,"key":"SkillPotion"}],"is_trial":false,"path_per_floor":["M","?","?","$","M","E","M","R","T","M","R","$","M","E","R","B",null,"M","M","$","M","?","R"],"character_chosen":"IRONCLAD","items_purchased":["Apotheosis"],"campfire_rested":0,"item_purchase_floors":[4],"current_hp_per_floor":[74,51,40,40,46,52,52,52,52,56,56,56,59,65,65,36,71,69,59,59,36,36,36,0],"gold":163,"neow_bonus":"THREE_ENEMY_KILL","is_prod":false,"is_daily":false,"chose_seed":false,"campfire_upgraded":4,"win_rate":0,"timestamp":1539909582,"path_taken":["M","?","?","?","M","E","M","R","T","M","R","$","M","E","R","BOSS","M","M","$","?","?","R","E"],"build_version":"2018-10-11","purchased_purges":1,"victory":false,"max_hp_per_floor":[75,75,75,75,75,75,75,75,75,75,75,75,75,79,79,83,83,87,87,87,87,87,87,87],"card_choices":[{"not_picked":["Clash","Warcry"],"picked":"Armaments","floor":1},{"not_picked":["Power Through","Sentinel"],"picked":"Pommel Strike","floor":5},{"not_picked":["Flex","Hemokinesis","Iron Wave"],"picked":"SKIP","floor":6},{"not_picked":["Second Wind","Flex"],"picked":"Dropkick","floor":7},{"not_picked":["Iron Wave","Armaments"],"picked":"Perfected Strike","floor":10},{"not_picked":["Spot Weakness","Seeing Red"],"picked":"Feed","floor":13},{"not_picked":["Entrench","Perfected Strike"],"picked":"True Grit","floor":14},{"not_picked":["Feed","Dark Embrace"],"picked":"Demon Form","floor":16},{"not_picked":["Anger","Armaments"],"picked":"Rage","floor":18},{"not_picked":["Headbutt","Hemokinesis"],"picked":"Sword Boomerang","floor":19},{"not_picked":["Dropkick","Iron Wave"],"picked":"Whirlwind","floor":21}],"player_experience":920548,"relics_obtained":[{"floor":6,"key":"Sundial"},{"floor":9,"key":"Self Forming Clay"},{"floor":14,"key":"Bronze Scales"}],"event_choices":[{"event_name":"Shining Light","player_choice":"Entered Light","floor":2,"damage_taken":0},{"event_name":"World of Goop","player_choice":"Gather Gold","floor":3,"damage_taken":0},{"event_name":"Drug Dealer","player_choice":"Inject Mutagens","floor":22,"damage_taken":0}],"is_beta":false,"boss_relics":[{"not_picked":["Pandora\u0027s Box","White Beast Statue"],"picked":"Philosopher\u0027s Stone"}],"items_purged_floors":[20],"is_endless":false,"potions_floor_spawned":[6,7,10,14,19],"killed_by":"Gremlin Leader","ascension_level":15}