{"gold_per_floor":[215,233,38,38,52,52,91,114,182,182,26,26,46,46,46,169,169,153,0,0,24,24,24,40,73,155,176,176,28,64,139,139,258,258,283,298,317,317,317,317],"floor_reached":40,"playtime":2146,"items_purged":["Strike_B"],"score":678,"play_id":"2f02d4d0-6552-40db-9792-fe07a5419aff","local_time":"20190612084252","is_ascension_mode":true,"campfire_choices":[{"data":"Hologram","floor":6,"key":"SMITH"},{"data":"Zap","floor":10,"key":"SMITH"},{"floor":12,"key":"REST"},{"data":"Bandage Up","floor":15,"key":"SMITH"},{"data":"Strike_B","floor":23,"key":"PURGE"},{"data":"Strike_B","floor":28,"key":"PURGE"},{"data":"Capacitor","floor":32,"key":"SMITH"}],"neow_cost":"NONE","seed_source_timestamp":125398057506198,"circlet_count":0,"master_deck":["AscendersBane","Strike_B","Defend_B+1","Defend_B","Defend_B","Defend_B","Zap+1","Dualcast","Cold Snap","Compile Driver","Undo+1","Hologram+1","Doom and Gloom","Capacitor+1","Glacier","Bandage Up+1","Chill","Biased Cognition","Hologram+1","Self Repair","Static Discharge+1","Loop+1","Glacier","Electrodynamics+1","Writhe"],"relics":["Cracked Core","Anchor","Golden Idol","Peace Pipe","Bottled Lightning","Nuclear Battery","Frozen Egg 2","Lantern","Shuriken","Snecko Eye"],"potions_floor_usage":[16,16,33,33,40],"damage_taken":[{"damage":1,"enemies":"Jaw Worm","floor":1,"turns":4},{"damage":3,"enemies":"Small Slimes","floor":2,"turns":4},{"damage":0,"enemies":"Cultist","floor":5,"turns":3},{"damage":35,"enemies":"Lagavulin","floor":7,"turns":9},{"damage":4,"enemies":"Exordium Thugs","floor":8,"turns":5},{"damage":1,"enemies":"Blue Slaver","floor":13,"turns":3},{"damage":4,"enemies":"The Guardian","floor":16,"turns":9},{"damage":7,"enemies":"2 Thieves","floor":18,"turns":4},{"damage":0,"enemies":"3 Byrds","floor":21,"turns":5},{"damage":15,"enemies":"Snake Plant","floor":24,"turns":8},{"damage":21,"enemies":"Book of Stabbing","floor":25,"turns":4},{"damage":12,"enemies":"Sentry and Sphere","floor":27,"turns":4},{"damage":12,"enemies":"Gremlin Leader","floor":30,"turns":8},{"damage":58,"enemies":"Champ","floor":33,"turns":16},{"damage":0,"enemies":"3 Shapes","floor":35,"turns":1},{"damage":0,"enemies":"Orb Walker","floor":36,"turns":4},{"damage":41,"enemies":"Transient","floor":37,"turns":5},{"damage":76,"enemies":"Giant Head","floor":40,"turns":9}],"seed_played":"-3197072549736721497","potions_obtained":[{"floor":2,"key":"GamblersBrew"},{"floor":5,"key":"GamblersBrew"},{"floor":7,"key":"Dexterity Potion"},{"floor":13,"key":"PowerPotion"},{"floor":18,"key":"Poison Potion"},{"floor":20,"key":"Block Potion"},{"floor":20,"key":"Energy Potion"},{"floor":33,"key":"PowerPotion"},{"floor":35,"key":"PowerPotion"},{"floor":36,"key":"Dexterity Potion"}],"is_trial":false,"path_per_floor":["M","M","$","?","M","R","E","M","T","R","$","R","M","?","R","B",null,"M","?","?","M","T","R","M","E","T","M","R","$","E","?","R","B",null,"M","M","M","?","?","E"],"character_chosen":"DEFECT","items_purchased":["Undo","Anchor","Glacier","Bandage Up","Loop+1"],"campfire_rested":1,"item_purchase_floors":[3,3,11,11,29],"current_hp_per_floor":[67,64,64,64,64,64,29,25,25,25,25,45,48,34,34,42,62,61,61,61,67,67,67,65,57,57,58,58,58,59,53,53,8,54,54,61,33,60,60,0],"gold":317,"neow_bonus":"HUNDRED_GOLD","is_prod":false,"is_daily":false,"chose_seed":false,"campfire_upgraded":4,"win_rate":0,"timestamp":1560343372,"path_taken":["M","M","$","?","M","R","E","M","T","R","$","R","M","?","R","BOSS","M","?","?","?","?","R","M","E","T","M","R","$","E","?","R","BOSS","M","M","?","?","?","E"],"build_version":"2019-01-23","purchased_purges":1,"victory":false,"max_hp_per_floor":[75,75,75,69,69,69,69,69,69,69,69,69,69,69,69,69,69,69,69,69,69,69,69,69,69,69,69,69,69,69,69,69,69,69,69,69,69,60,60,60],"card_choices":[{"not_picked":["Coolheaded","Sweeping Beam"],"picked":"Cold Snap","floor":1},{"not_picked":["Melter","Heatsinks"],"picked":"Compile Driver","floor":2},{"not_picked":["Skim","Barrage"],"picked":"Hologram","floor":5},{"not_picked":["Double Energy","Sunder"],"picked":"Doom and Gloom","floor":7},{"not_picked":["Sunder","Lockon"],"picked":"Capacitor","floor":8},{"not_picked":["Ball Lightning","Rebound"],"picked":"Chill","floor":13},{"not_picked":["Amplify","Machine Learning"],"picked":"Biased Cognition","floor":16},{"not_picked":["Conserve Battery","Force Field"],"picked":"Hologram+1","floor":18},{"not_picked":["Skim","Ball Lightning"],"picked":"Self Repair","floor":21},{"not_picked":["Beam Cell","Force Field+1"],"picked":"Static Discharge+1","floor":24},{"not_picked":["Barrage","Force Field","Stack"],"picked":"SKIP","floor":25},{"not_picked":["FTL","Streamline","Meteor Strike"],"picked":"SKIP","floor":27},{"not_picked":["Reboot","Static Discharge+1"],"picked":"Glacier","floor":30},{"not_picked":["Fission","All For One"],"picked":"Electrodynamics+1","floor":33},{"not_picked":["Compile Driver","Streamline","Darkness"],"picked":"SKIP","floor":35},{"not_picked":["Lockon","Sweeping Beam","Ball Lightning+1"],"picked":"SKIP","floor":36},{"not_picked":["Cold Snap","Auto Shields","Gash"],"picked":"SKIP","floor":37}],"player_experience":408230,"relics_obtained":[{"floor":7,"key":"Peace Pipe"},{"floor":9,"key":"Bottled Lightning"},{"floor":22,"key":"Frozen Egg 2"},{"floor":25,"key":"Lantern"},{"floor":30,"key":"Shuriken"}],"event_choices":[{"damage_healed":0,"gold_gain":0,"player_choice":"Lose Max HP","damage_taken":0,"relics_obtained":["Golden Idol"],"max_hp_gain":0,"max_hp_loss":6,"event_name":"Golden Idol","floor":4,"gold_loss":0},{"damage_healed":0,"gold_gain":0,"player_choice":"Entered Light","damage_taken":14,"max_hp_gain":0,"max_hp_loss":0,"event_name":"Shining Light","floor":14,"gold_loss":0,"cards_upgraded":["Undo","Defend_B"]},{"damage_healed":0,"gold_gain":0,"player_choice":"Paid Fearfully","damage_taken":0,"max_hp_gain":0,"max_hp_loss":0,"event_name":"Masked Bandits","floor":19,"gold_loss":153},{"damage_healed":0,"gold_gain":0,"player_choice":"Got Potions","damage_taken":0,"max_hp_gain":0,"max_hp_loss":0,"event_name":"Lab","floor":20,"gold_loss":0},{"damage_healed":0,"gold_gain":75,"player_choice":"Touch","damage_taken":6,"max_hp_gain":0,"max_hp_loss":0,"event_name":"FaceTrader","floor":31,"gold_loss":0},{"damage_healed":60,"gold_gain":0,"player_choice":"Heal","damage_taken":0,"max_hp_gain":0,"max_hp_loss":9,"event_name":"The Moai Head","floor":38,"gold_loss":0},{"damage_healed":15,"gold_gain":0,"player_choice":"Writhe","damage_taken":0,"max_hp_gain":0,"max_hp_loss":0,"event_name":"Winding Halls","floor":39,"gold_loss":0,"cards_obtained":["Writhe"]}],"is_beta":false,"boss_relics":[{"not_picked":["White Beast Statue","FrozenCore"],"picked":"Nuclear Battery"},{"not_picked":["Cursed Key","Empty Cage"],"picked":"Snecko Eye"}],"items_purged_floors":[29],"is_endless":false,"potions_floor_spawned":[2,5,7,13,18,24,33,35,36,37],"killed_by":"Giant Head","ascension_level":12}