{"gold_per_floor":[117,127,140,151,165,165,193,193,218,245,257,257,270,290,290,367,367,384,384,403,415,415,415,429,429],"floor_reached":25,"playtime":950,"items_purged":[],"score":442,"play_id":"e934290c-fb96-49ac-97fd-b56d5ef853f8","local_time":"20181205161020","is_ascension_mode":true,"campfire_choices":[{"data":"Perfected Strike","floor":6,"key":"SMITH"},{"data":"Corruption","floor":12,"key":"SMITH"},{"data":"Shockwave","floor":15,"key":"SMITH"},{"floor":23,"key":"REST"}],"neow_cost":"NONE","seed_source_timestamp":81675696471606,"circlet_count":0,"master_deck":["AscendersBane","Strike_R","Strike_R","Strike_R","Defend_R","Defend_R","Defend_R","Defend_R","Bash","Twin Strike","Carnage","Shockwave+1","Corruption+1","Offering","Spot Weakness","Shrug It Off","Feed","Thunderclap+1","Corruption+1","Twin Strike+1","True Grit","Feel No Pain","Entrench"],"relics":["Burning Blood","Matryoshka","Self Forming Clay","Bronze Scales","Potion Belt","Astrolabe"],"potions_floor_usage":[10,22,25],"damage_taken":[{"damage":1,"enemies":"Cultist","floor":1,"turns":3},{"damage":2,"enemies":"2 Louse","floor":2,"turns":4},{"damage":7,"enemies":"Jaw Worm","floor":3,"turns":3},{"damage":8,"enemies":"Red Slaver","floor":4,"turns":3},{"damage":12,"enemies":"3 Louse","floor":5,"turns":4},{"damage":45,"enemies":"3 Sentries","floor":7,"turns":8},{"damage":26,"enemies":"Gremlin Nob","floor":10,"turns":4},{"damage":3,"enemies":"2 Fungi Beasts","floor":11,"turns":3},{"damage":1,"enemies":"Looter","floor":13,"turns":2},{"damage":14,"enemies":"Blue Slaver","floor":14,"turns":3},{"damage":14,"enemies":"The Guardian","floor":16,"turns":11},{"damage":37,"enemies":"Shell Parasite","floor":18,"turns":3},{"damage":22,"enemies":"2 Thieves","floor":20,"turns":3},{"damage":11,"enemies":"Snecko","floor":21,"turns":5},{"damage":0,"enemies":"Centurion and Healer","floor":22,"turns":1},{"damage":44,"enemies":"Shelled Parasite and Fungi","floor":24,"turns":7},{"damage":23,"enemies":"Book of Stabbing","floor":25,"turns":4}],"seed_played":"-3534655660251017808","potions_obtained":[{"floor":1,"key":"Ancient Potion"},{"floor":5,"key":"SmokeBomb"},{"floor":10,"key":"Fruit Juice"},{"floor":14,"key":"Weak Potion"},{"floor":16,"key":"Energy Potion"},{"floor":21,"key":"GamblersBrew"}],"is_trial":false,"path_per_floor":["M","M","M","M","M","R","E","?","T","E","M","R","M","M","R","B",null,"M","?","M","M","M","R","M","E"],"character_chosen":"IRONCLAD","items_purchased":[],"campfire_rested":1,"item_purchase_floors":[],"current_hp_per_floor":[80,82,81,79,73,73,34,82,82,67,70,70,75,67,67,59,80,49,49,33,28,34,60,22,0],"gold":429,"neow_bonus":"TEN_PERCENT_HP_BONUS","is_prod":false,"is_daily":false,"chose_seed":false,"campfire_upgraded":3,"win_rate":0,"timestamp":1544044220,"path_taken":["M","M","?","M","M","R","E","?","T","E","M","R","?","M","R","BOSS","M","?","?","M","M","R","M","E"],"build_version":"2018-11-15","purchased_purges":0,"victory":false,"max_hp_per_floor":[82,82,82,82,82,82,82,82,82,87,87,87,87,87,87,87,87,87,87,87,87,87,87,87,87],"card_choices":[{"not_picked":["Power Through","Armaments"],"picked":"Twin Strike","floor":1},{"not_picked":["Thunderclap","Heavy Blade"],"picked":"Wild Strike","floor":2},{"not_picked":["Flex","Hemokinesis"],"picked":"Carnage","floor":3},{"not_picked":["Intimidate","Headbutt"],"picked":"Perfected Strike","floor":4},{"not_picked":["Pommel Strike","Flex"],"picked":"Shockwave","floor":5},{"not_picked":["Flex","Clash","Anger"],"picked":"SKIP","floor":7},{"not_picked":["Twin Strike","Flex"],"picked":"Corruption","floor":10},{"not_picked":["Shrug It Off","Iron Wave"],"picked":"Offering","floor":11},{"not_picked":["Inflame","Seeing Red"],"picked":"Spot Weakness","floor":13},{"not_picked":["Rampage","Warcry"],"picked":"Shrug It Off","floor":14},{"not_picked":["Fiend Fire","Immolate"],"picked":"Feed","floor":16},{"not_picked":["Wild Strike","Cleave","Perfected Strike"],"picked":"SKIP","floor":18},{"not_picked":["Seeing Red+1","Wild Strike"],"picked":"True Grit","floor":20},{"not_picked":["Iron Wave","Burning Pact"],"picked":"Feel No Pain","floor":21},{"not_picked":["Sword Boomerang","Heavy Blade"],"picked":"Entrench","floor":24}],"player_experience":1226829,"relics_obtained":[{"floor":7,"key":"Matryoshka"},{"floor":9,"key":"Self Forming Clay"},{"floor":9,"key":"Bronze Scales"},{"floor":10,"key":"Potion Belt"}],"event_choices":[{"damage_healed":48,"gold_gain":0,"player_choice":"Full Heal","damage_taken":0,"max_hp_gain":0,"max_hp_loss":0,"event_name":"Wheel of Change","floor":8,"gold_loss":0},{"cards_removed":["Perfected Strike"],"damage_healed":0,"gold_gain":0,"player_choice":"Purged","damage_taken":0,"max_hp_gain":0,"max_hp_loss":0,"event_name":"Purifier","floor":19,"gold_loss":0}],"is_beta":false,"boss_relics":[{"not_picked":["Tiny House","Lizard Tail"],"picked":"Astrolabe"}],"items_purged_floors":[],"is_endless":false,"potions_floor_spawned":[1,5,10,14,16,21],"killed_by":"Book of Stabbing","ascension_level":20}