{"gold_per_floor":[117,134,134,84,35,61,61,86,86,86,101,121,121,132,132,236,236,250,250,261,279,26,26,125,125,125,125,0,17,50,12,12,116,116,127,127,137,137,137,137,37,37,37,37,65,65,16,47,47,47],"floor_reached":50,"playtime":3869,"items_purged":["Strike_B","Strike_B"],"score":572,"play_id":"7f652749-c541-4d86-9d6b-33cff01aeae5","local_time":"20180626212004","is_ascension_mode":false,"campfire_choices":[{"floor":10,"key":"REST"},{"data":"Recycle","floor":13,"key":"SMITH"},{"data":"Beam Cell","floor":15,"key":"SMITH"},{"floor":23,"key":"REST"},{"data":"Hyperbeam","floor":25,"key":"SMITH"},{"data":"Conserve Battery","floor":27,"key":"SMITH"},{"floor":32,"key":"REST"},{"floor":40,"key":"REST"},{"floor":42,"key":"REST"},{"floor":46,"key":"REST"},{"floor":49,"key":"REST"}],"neow_cost":"NONE","seed_source_timestamp":5339865894435,"circlet_count":0,"master_deck":["Defend_B","Defend_B","Defend_B","Defend_B","Zap+1","Dualcast","Leap","Glacier","Beam Cell+1","Conserve Battery+1","Recycle+1","Ball Lightning","Hyperbeam+1","Go for the Eyes+1","Sunder+1","Streamline","Beam Cell+1","BootSequence","Multi-Cast","Ball Lightning","Streamline+1","Madness","Madness","Doom and Gloom+1"],"relics":["Cracked Core","Mercury Hourglass","Toolbox","Bag of Marbles","Orichalcum","Nuclear Battery","Bottled Flame","Ornamental Fan","Pear","Fusion Hammer","Omamori","Unceasing Top","Blood Vial"],"potions_floor_usage":[6,29,33,45,50,50,50],"damage_taken":[{"damage":6,"enemies":"Jaw Worm","floor":1,"turns":4},{"damage":4,"enemies":"2 Louse","floor":2,"turns":3},{"damage":41,"enemies":"Gremlin Nob","floor":6,"turns":5},{"damage":0,"enemies":"3 Sentries","floor":8,"turns":6},{"damage":0,"enemies":"Small Slimes","floor":11,"turns":2},{"damage":0,"enemies":"3 Louse","floor":12,"turns":2},{"damage":0,"enemies":"Blue Slaver","floor":14,"turns":4},{"damage":27,"enemies":"Slime Boss","floor":16,"turns":10},{"damage":9,"enemies":"Spheric Guardian","floor":18,"turns":6},{"damage":0,"enemies":"3 Byrds","floor":20,"turns":3},{"damage":13,"enemies":"Snake Plant","floor":21,"turns":5},{"damage":1,"enemies":"Snecko","floor":29,"turns":3},{"damage":3,"enemies":"Gremlin Leader","floor":30,"turns":8},{"damage":68,"enemies":"Collector","floor":33,"turns":11},{"damage":0,"enemies":"Orb Walker","floor":35,"turns":3},{"damage":0,"enemies":"3 Shapes","floor":37,"turns":5},{"damage":50,"enemies":"Giant Head","floor":45,"turns":9},{"damage":44,"enemies":"2 Orb Walkers","floor":48,"turns":6},{"damage":55,"enemies":"Time Eater","floor":50,"turns":7}],"seed_played":"-880702293970610185","potions_obtained":[{"floor":1,"key":"Ancient Potion"},{"floor":2,"key":"Swift Potion"},{"floor":12,"key":"Energy Potion"},{"floor":16,"key":"GamblersBrew"},{"floor":21,"key":"FocusPotion"},{"floor":30,"key":"SpeedPotion"},{"floor":33,"key":"Weak Potion"},{"floor":48,"key":"FocusPotion"}],"is_trial":false,"path_per_floor":["M","M","?","?","$","E","?","E","T","R","M","M","R","M","R","B",null,"M","?","M","M","$","R","?","R","T","R","$","M","E","$","R","B",null,"M","?","M","?","?","R","$","R","T","$","E","R","$","E","R"],"character_chosen":"DEFECT","items_purchased":["Beam Cell","Bottled Flame","Streamline","BootSequence","PowerPotion"],"campfire_rested":7,"item_purchase_floors":[5,22,28,31,47],"current_hp_per_floor":[69,65,58,58,58,17,17,17,17,39,39,39,39,39,39,12,75,66,52,52,39,39,63,63,63,63,63,63,62,69,69,90,22,90,90,90,90,79,79,90,90,90,90,90,40,67,67,23,50,0],"gold":47,"neow_bonus":"THREE_CARDS","is_prod":false,"is_daily":false,"chose_seed":false,"campfire_upgraded":4,"win_rate":0,"timestamp":1530062404,"path_taken":["M","M","?","?","$","E","?","E","T","R","M","M","R","M","R","BOSS","M","?","M","M","$","R","?","R","T","R","$","M","E","?","R","BOSS","M","?","?","?","?","R","$","R","T","$","E","R","?","E","R","BOSS"],"build_version":"2018-06-21v2","purchased_purges":2,"victory":false,"max_hp_per_floor":[75,75,75,75,75,75,75,75,75,75,75,75,75,75,75,75,75,75,80,80,80,80,80,80,80,80,80,80,80,90,90,90,90,90,90,90,90,90,90,90,90,90,90,90,90,90,90,90,90,90],"card_choices":[{"not_picked":["Barrage","Force Field"],"picked":"Leap","floor":0},{"not_picked":["Reprogram","Barrage"],"picked":"Capacitor","floor":1},{"not_picked":["Sweeping Beam","Double Energy"],"picked":"Glacier","floor":2},{"not_picked":["Go for the Eyes","Turbo","Melter"],"picked":"SKIP","floor":6},{"not_picked":["Go for the Eyes","Streamline"],"picked":"Conserve Battery","floor":8},{"not_picked":["Turbo","Creative AI"],"picked":"Recycle","floor":11},{"not_picked":["Gash","Darkness"],"picked":"Ball Lightning","floor":12},{"not_picked":["Gash","Redo","Double Energy"],"picked":"SKIP","floor":14},{"not_picked":["Meteor Strike","Amplify"],"picked":"Hyperbeam","floor":16},{"not_picked":["Darkness","Gash"],"picked":"Go for the Eyes+1","floor":18},{"not_picked":["Leap","Doom and Gloom","Genetic Algorithm"],"picked":"SKIP","floor":20},{"not_picked":["Steam Power","Compile Driver"],"picked":"Sunder+1","floor":21},{"not_picked":["Scrape","Rebound","Barrage"],"picked":"SKIP","floor":29},{"not_picked":["Redo","Rip and Tear"],"picked":"Beam Cell+1","floor":30},{"not_picked":["Machine Learning","Thunder Strike"],"picked":"Multi-Cast","floor":33},{"not_picked":["Steam","Redo"],"picked":"Ball Lightning","floor":35},{"not_picked":["Loop+1","Melter"],"picked":"Streamline+1","floor":37},{"not_picked":["Chaos","Undo+1"],"picked":"Doom and Gloom+1","floor":45},{"not_picked":["Gash+1","Cold Snap+1","Ball Lightning"],"picked":"SKIP","floor":48}],"player_experience":86209,"relics_obtained":[{"floor":6,"key":"Toolbox"},{"floor":8,"key":"Bag of Marbles"},{"floor":9,"key":"Orichalcum"},{"floor":26,"key":"Ornamental Fan"},{"floor":30,"key":"Pear"},{"floor":43,"key":"Omamori"},{"floor":45,"key":"Unceasing Top"},{"floor":48,"key":"Blood Vial"}],"event_choices":[{"event_name":"Scrap Ooze","player_choice":"success","floor":3,"damage_taken":7},{"event_name":"The Cleric","player_choice":"Card Removal","floor":4,"damage_taken":0},{"event_name":"Living Wall","player_choice":"Grow","floor":7,"damage_taken":0},{"event_name":"Forgotten Altar","player_choice":"Shed Blood","floor":19,"damage_taken":0},{"event_name":"Nest","player_choice":"Stole From Cult","floor":24,"damage_taken":0},{"event_name":"Falling","player_choice":"Removed Power","floor":36,"damage_taken":0},{"event_name":"Winding Halls","player_choice":"Embrace Madness","floor":38,"damage_taken":0},{"event_name":"Purifier","player_choice":"One Purge","floor":39,"damage_taken":0}],"boss_relics":[{"not_picked":["Velvet Choker","Ectoplasm"],"picked":"Nuclear Battery"},{"not_picked":["Sozu","Coffee Dripper"],"picked":"Fusion Hammer"}],"items_purged_floors":[28,41],"is_endless":false,"potions_floor_spawned":[1,2,12,16,21,30,33,48],"killed_by":"Time Eater","ascension_level":0}