{"gold_per_floor":[114,39,114,114,17,52,52,77,77,109,179,196,223,239,239,310,310,286,125,142,142,158,158,158,176,201,201],"floor_reached":27,"playtime":1051,"items_purged":["Strike_B"],"score":728,"play_id":"26f94f67-8257-4956-9656-157d9fbf0117","local_time":"20181124124402","is_ascension_mode":true,"campfire_choices":[{"data":"Zap","floor":7.0,"key":"SMITH"},{"data":"Panacea","floor":15,"key":"SMITH"},{"floor":23,"key":"REST"}],"neow_cost":"NONE","seed_source_timestamp":307562831097806,"circlet_count":0,"master_deck":["AscendersBane","Strike_B+1","Strike_B","Defend_B","Defend_B","Defend_B","Defend_B","Zap+1","Dualcast","Glacier","Panacea+1","Glacier","Go for the Eyes+1","Compile Driver","Hologram","Compile Driver","Hologram","Seek","Compile Driver","Loop","White Noise","Sunder","Stack"],"special_seed":0,"relics":["Cracked Core","NeowsBlessing","Mercury Hourglass","Shovel","Happy Flower","Lantern","Matryoshka","Whetstone","Bronze Scales","Inserter","Orichalcum","Potion Belt"],"potions_floor_usage":[16,27,27],"damage_taken":[{"damage":0.0,"enemies":"Cultist","floor":1.0,"turns":1.0},{"damage":0.0,"enemies":"Lagavulin","floor":6.0,"turns":1.0},{"damage":0.0,"enemies":"3 Sentries","floor":8.0,"turns":1.0},{"damage":0.0,"enemies":"Lagavulin","floor":10.0,"turns":6.0},{"damage":0.0,"enemies":"Small Slimes","floor":12.0,"turns":2.0},{"damage":19.0,"enemies":"Gremlin Nob","floor":13.0,"turns":4.0},{"damage":0.0,"enemies":"2 Louse","floor":14.0,"turns":2.0},{"damage":0,"enemies":"The Guardian","floor":16,"turns":14},{"damage":1,"enemies":"2 Thieves","floor":18,"turns":5},{"damage":0,"enemies":"Shell Parasite","floor":20,"turns":6},{"damage":16,"enemies":"Chosen and Byrds","floor":22,"turns":7},{"damage":15,"enemies":"Snecko","floor":25,"turns":5},{"damage":36,"enemies":"Gremlin Leader","floor":27,"turns":3}],"seed_played":"1295565704708742027","potions_obtained":[{"floor":1.0,"key":"AttackPotion"},{"floor":6.0,"key":"AttackPotion"},{"floor":12.0,"key":"LiquidBronze"},{"floor":14.0,"key":"Regen Potion"},{"floor":16,"key":"AttackPotion"},{"floor":18,"key":"LiquidBronze"}],"is_trial":false,"path_per_floor":["M","?","?","?","$","E","R","E","T","E","T","M","E","M","R","B",null,"M","$","M","?","M","R","?","M","T","E"],"character_chosen":"DEFECT","items_purchased":["Panacea","Loop"],"campfire_rested":1,"item_purchase_floors":[5,19],"current_hp_per_floor":[64,64,53,42,42,42,42,42,42,42,42,42,23,23,23,38,63,62,62,62,42,26,48,48,33,33,0],"gold":201,"neow_bonus":"THREE_ENEMY_KILL","is_prod":false,"is_daily":false,"chose_seed":false,"campfire_upgraded":2,"win_rate":0,"timestamp":1543081442,"path_taken":["M","?","?","?","$","E","R","E","T","E","?","M","E","M","R","BOSS","M","$","M","?","M","R","?","M","T","E"],"build_version":"2018-11-15","purchased_purges":1,"victory":false,"max_hp_per_floor":[71,71,71,71,71,71,71,71,71,71,71,71,71,71,71,71,71,71,71,71,76,76,76,76,76,76,76],"card_choices":[{"not_picked":["Skim","Rebound"],"picked":"Glacier","floor":1.0},{"not_picked":["Beam Cell","Fusion"],"picked":"Glacier","floor":6.0},{"not_picked":["Melter","Steam"],"picked":"Go for the Eyes","floor":8.0},{"not_picked":["Coolheaded","Aggregate"],"picked":"Compile Driver","floor":10.0},{"not_picked":["Rebound","Beam Cell"],"picked":"Hologram","floor":12.0},{"not_picked":["Capacitor","Static Discharge"],"picked":"Compile Driver","floor":13.0},{"not_picked":["Doom and Gloom","Redo"],"picked":"Hologram","floor":14.0},{"not_picked":["Multi-Cast","Rainbow"],"picked":"Seek","floor":16},{"not_picked":["Barrage","Go for the Eyes"],"picked":"Compile Driver","floor":18},{"not_picked":["Stack","Hologram"],"picked":"White Noise","floor":20},{"not_picked":["Barrage","Rebound"],"picked":"Sunder","floor":22},{"not_picked":["Go for the Eyes","Barrage"],"picked":"Stack","floor":25}],"player_experience":1152585,"relics_obtained":[{"floor":6.0,"key":"Shovel"},{"floor":8.0,"key":"Happy Flower"},{"floor":9.0,"key":"Lantern"},{"floor":10.0,"key":"Matryoshka"},{"floor":11.0,"key":"Whetstone"},{"floor":13.0,"key":"Bronze Scales"},{"floor":26,"key":"Orichalcum"},{"floor":26,"key":"Potion Belt"}],"event_choices":[{"cards_removed":["Strike_B"],"damage_healed":0.0,"max_hp_gain":0.0,"max_hp_loss":0.0,"gold_gain":0.0,"event_name":"The Cleric","player_choice":"Card Removal","floor":2.0,"gold_loss":75.0,"damage_taken":0.0},{"damage_healed":0.0,"max_hp_gain":0.0,"max_hp_loss":0.0,"gold_gain":75.0,"event_name":"World of Goop","player_choice":"Gather Gold","floor":3.0,"gold_loss":0.0,"damage_taken":11.0},{"damage_healed":0.0,"max_hp_gain":0.0,"max_hp_loss":0.0,"gold_gain":0.0,"event_name":"Scrap Ooze","player_choice":"Success","floor":4.0,"gold_loss":0.0,"damage_taken":11.0,"relics_obtained":["Mercury Hourglass"]},{"damage_healed":0,"gold_gain":0,"player_choice":"Shed Blood","damage_taken":25,"max_hp_gain":5,"max_hp_loss":0,"event_name":"Forgotten Altar","floor":21,"gold_loss":0},{"damage_healed":0,"gold_gain":0,"player_choice":"Ignored","damage_taken":0,"max_hp_gain":0,"max_hp_loss":0,"event_name":"Vampires","floor":24,"gold_loss":0}],"is_beta":false,"boss_relics":[{"not_picked":["White Beast Statue","Philosopher\u0027s Stone"],"picked":"Inserter"}],"items_purged_floors":[19],"is_endless":false,"potions_floor_spawned":[1,6,12,14,16,18,20],"killed_by":"Gremlin Leader","ascension_level":20}