{"gold_per_floor":[110,121,46,61,78,111,111,123,194,194,73,108,119,132,132,132],"floor_reached":16,"playtime":608,"items_purged":["Defend_R"],"score":114,"play_id":"7ecff485-1ad1-4b8c-91f0-71fe1f693227","local_time":"20180731095607","is_ascension_mode":false,"campfire_choices":[{"floor":7,"key":"REST"},{"data":"Thunderclap","floor":10,"key":"SMITH"},{"floor":15,"key":"REST"}],"neow_cost":"NONE","seed_source_timestamp":39921117727444,"circlet_count":0,"master_deck":["Strike_R","Strike_R","Strike_R","Strike_R","Defend_R","Defend_R","Defend_R","Bash","Thunderclap+1","Whirlwind"],"relics":["Burning Blood","Matryoshka","Regal Pillow","The Courier","Lantern","Bag of Preparation"],"potions_floor_usage":[6],"damage_taken":[{"damage":6,"enemies":"Cultist","floor":1,"turns":3},{"damage":5,"enemies":"Small Slimes","floor":2,"turns":4},{"damage":8,"enemies":"Jaw Worm","floor":4,"turns":3},{"damage":31,"enemies":"Large Slime","floor":5,"turns":9},{"damage":33,"enemies":"3 Sentries","floor":6,"turns":11},{"damage":13,"enemies":"2 Fungi Beasts","floor":8,"turns":3},{"damage":28,"enemies":"Gremlin Nob","floor":12,"turns":4},{"damage":23,"enemies":"Exordium Thugs","floor":13,"turns":4},{"damage":7,"enemies":"Blue Slaver","floor":14,"turns":4},{"damage":0,"enemies":"Slime Boss","floor":16,"turns":1}],"seed_played":"4019816514832422113","potions_obtained":[{"floor":2,"key":"EssenceOfSteel"},{"floor":4,"key":"FairyPotion"},{"floor":6,"key":"Dexterity Potion"},{"floor":14,"key":"Poison Potion"}],"is_trial":false,"path_per_floor":["M","M","$","M","M","E","R","M","T","R","$","E","M","M","R"],"character_chosen":"IRONCLAD","items_purchased":["Lantern"],"campfire_rested":2,"item_purchase_floors":[11],"current_hp_per_floor":[80,80,80,78,53,26,50,43,43,43,43,21,14,13,52,52],"gold":132,"neow_bonus":"REMOVE_CARD","is_prod":false,"is_daily":false,"chose_seed":false,"campfire_upgraded":1,"win_rate":0,"timestamp":1533045367,"path_taken":["M","M","$","M","M","E","R","M","T","R","$","E","M","M","R","BOSS"],"build_version":"2018-07-26","purchased_purges":1,"victory":false,"max_hp_per_floor":[80,80,80,80,80,80,80,80,80,80,80,80,80,80,80,80],"card_choices":[{"not_picked":["Anger","Iron Wave","Cleave"],"picked":"SKIP","floor":1},{"not_picked":["Anger","Perfected Strike"],"picked":"Thunderclap","floor":2},{"not_picked":["Reckless Charge","Headbutt","True Grit"],"picked":"SKIP","floor":4},{"not_picked":["Anger","Wild Strike","Cleave"],"picked":"SKIP","floor":5},{"not_picked":["Rampage","Armaments","Entrench"],"picked":"SKIP","floor":6},{"not_picked":["Body Slam","Clash","Fire Breathing"],"picked":"SKIP","floor":8},{"not_picked":["Flame Barrier","Twin Strike"],"picked":"Whirlwind","floor":12},{"not_picked":["Burning Pact","Flex","Shrug It Off"],"picked":"SKIP","floor":13},{"not_picked":["Feed","Heavy Blade","Pommel Strike"],"picked":"SKIP","floor":14}],"player_experience":398073,"relics_obtained":[{"floor":6,"key":"Matryoshka"},{"floor":9,"key":"Regal Pillow"},{"floor":9,"key":"The Courier"},{"floor":12,"key":"Bag of Preparation"}],"event_choices":[],"is_beta":false,"boss_relics":[],"items_purged_floors":[3],"is_endless":false,"potions_floor_spawned":[2,4,6,14],"killed_by":"Slime Boss","ascension_level":0}