{"gold_per_floor":[112,18,36,52,16,16,49,49,49,80,1,13,13,27,27,126,126,138,13,13,13,28,28,28],"floor_reached":24,"playtime":1249,"items_purged":[],"score":286,"play_id":"4455f259-4366-453c-9ff0-83cea8507599","local_time":"20190719152512","is_ascension_mode":true,"campfire_choices":[{"data":"Noxious Fumes","floor":6,"key":"SMITH"},{"floor":13,"key":"REST"},{"floor":15,"key":"REST"},{"data":"Wraith Form v2","floor":23,"key":"SMITH"}],"neow_cost":"NONE","seed_source_timestamp":139532723462726,"circlet_count":0,"master_deck":["Strike_G","Strike_G","Strike_G","Strike_G","Strike_G","Defend_G+1","Defend_G","Defend_G+1","Defend_G","Defend_G","Survivor","Neutralize","Unload","Deadly Poison","Noxious Fumes+1","Dodge and Roll","Deadly Poison","Catalyst","Poisoned Stab","Footwork","PiercingWail","Wraith Form v2+1","Backstab","Well Laid Plans","Backflip"],"relics":["Ring of the Snake","Calipers","NlothsMask","Pen Nib","Black Star","War Paint","Meat on the Bone"],"potions_floor_usage":[7,10,16,18,22],"damage_taken":[{"damage":0,"enemies":"Small Slimes","floor":1,"turns":3},{"damage":1,"enemies":"Cultist","floor":3,"turns":3},{"damage":3,"enemies":"Jaw Worm","floor":4,"turns":4},{"damage":18,"enemies":"Gremlin Nob","floor":7,"turns":3},{"damage":20,"enemies":"3 Sentries","floor":10,"turns":6},{"damage":2,"enemies":"2 Fungi Beasts","floor":12,"turns":4},{"damage":10,"enemies":"Exordium Thugs","floor":14,"turns":4},{"damage":11,"enemies":"Hexaghost","floor":16,"turns":7},{"damage":7,"enemies":"Chosen","floor":18,"turns":6},{"damage":8,"enemies":"3 Byrds","floor":22,"turns":6},{"damage":49,"enemies":"Slavers","floor":24,"turns":7}],"seed_played":"9026448013859171745","potions_obtained":[{"floor":4,"key":"Poison Potion"},{"floor":7,"key":"Explosive Potion"},{"floor":14,"key":"Block Potion"},{"floor":16,"key":"Block Potion"}],"is_trial":false,"path_per_floor":["M","$","M","M","?","R","E","?","T","E","$","M","R","M","R","B",null,"M","$","T","T","M","R","E"],"character_chosen":"THE_SILENT","items_purchased":["Noxious Fumes","Dodge and Roll","Footwork","Well Laid Plans","Block Potion"],"campfire_rested":2,"item_purchase_floors":[2,2,11,19,19],"current_hp_per_floor":[63,63,62,59,59,59,41,41,41,21,21,19,40,30,51,40,63,56,56,56,56,48,48,0],"gold":28,"neow_bonus":"ONE_RANDOM_RARE_CARD","is_prod":false,"is_daily":false,"chose_seed":false,"campfire_upgraded":2,"win_rate":0,"timestamp":1563567912,"path_taken":["M","$","M","M","?","R","E","?","T","E","$","?","R","M","R","BOSS","M","$","?","?","M","R","E"],"build_version":"2019-07-17","purchased_purges":0,"victory":false,"max_hp_per_floor":[70,70,70,70,70,70,70,70,70,70,70,70,70,70,70,70,70,70,70,70,70,70,70,70],"card_choices":[{"not_picked":["Distraction","Calculated Gamble"],"picked":"Deadly Poison","floor":1},{"not_picked":["Sucker Punch","Infinite Blades","Dagger Spray"],"picked":"SKIP","floor":3},{"not_picked":["Endless Agony","Dagger Spray"],"picked":"Deadly Poison","floor":4},{"not_picked":["Flechettes","Eviscerate"],"picked":"Catalyst","floor":7},{"not_picked":["Bullet Time","Finisher"],"picked":"Poisoned Stab","floor":10},{"not_picked":["Calculated Gamble","Expertise"],"picked":"PiercingWail","floor":12},{"not_picked":["Tactician","Dagger Spray","Expertise"],"picked":"SKIP","floor":14},{"not_picked":["Bullet Time","Glass Knife"],"picked":"Wraith Form v2","floor":16},{"not_picked":["Underhanded Strike","Poisoned Stab"],"picked":"Backstab","floor":18},{"not_picked":["Poisoned Stab","Flying Knee"],"picked":"Backflip","floor":22}],"player_experience":192092,"relics_obtained":[{"floor":7,"key":"Calipers"},{"floor":10,"key":"Pen Nib"},{"floor":20,"key":"War Paint"},{"floor":21,"key":"Meat on the Bone"}],"event_choices":[{"damage_healed":0,"gold_gain":0,"player_choice":"Left Gold","damage_taken":0,"max_hp_gain":0,"max_hp_loss":0,"event_name":"World of Goop","floor":5,"gold_loss":36},{"damage_healed":0,"gold_gain":0,"player_choice":"Trade","damage_taken":0,"relics_obtained":["NlothsMask"],"max_hp_gain":0,"max_hp_loss":0,"event_name":"FaceTrader","floor":8,"gold_loss":0}],"is_beta":false,"boss_relics":[{"not_picked":["White Beast Statue","Empty Cage"],"picked":"Black Star"}],"items_purged_floors":[],"is_endless":false,"potions_floor_spawned":[4,7,14,16],"killed_by":"Slavers","ascension_level":8}