{"gold_per_floor":[115,130,55,55,74,102,115,115,115,143,167,195,41,100,100,179,179,193,65,265,13,31,31,61,73,136,148,180,218,230,262,274,362,374,401,431,453,483,495,507,551,563,575,617,172,189,39,73,73,73,73,73,0,27,27],"floor_reached":55,"playtime":3227,"items_purged":["Defend_R","Defend_R","Immolate","Defend_R"],"score":1669,"play_id":"fccf626e-cc76-4a73-bdb4-03f5c720f7cb","local_time":"20190707131348","is_ascension_mode":true,"campfire_choices":[{"data":"Perfected Strike","floor":8,"key":"SMITH"},{"floor":15,"key":"REST"},{"data":"Pommel Strike","floor":23,"key":"SMITH"},{"data":"Double Tap","floor":25,"key":"SMITH"},{"data":"Perfected Strike","floor":30,"key":"SMITH"},{"data":"Shockwave","floor":32,"key":"SMITH"},{"floor":40,"key":"RECALL"},{"data":"Seeing Red","floor":42,"key":"SMITH"},{"data":"Shrug It Off","floor":49,"key":"SMITH"},{"floor":52,"key":"REST"}],"neow_cost":"NONE","seed_source_timestamp":236453051935,"circlet_count":0,"master_deck":["AscendersBane","Strike_R","Strike_R","Strike_R","Strike_R","Strike_R","Defend_R","Perfected Strike+1","Shockwave+1","Headbutt","Double Tap+1","Perfected Strike+1","Pommel Strike+1","Thunderclap+1","RitualDagger","Perfected Strike+1","Perfected Strike","Perfected Strike","Pommel Strike","Seeing Red+1","Flash of Steel","Seeing Red+1","Shrug It Off+1","Blind","Shrug It Off","Perfected Strike"],"relics":["Burning Blood","Vajra","Mummified Hand","Sundial","Gremlin Horn","Singing Bowl","Odd Mushroom","Centennial Puzzle","Ancient Tea Set","FossilizedHelix","Philosopher\u0027s Stone","Lantern","MawBank","PreservedInsect","Pen Nib","Lizard Tail","Shuriken","Blood Vial","Paper Frog","Calipers","Bag of Marbles"],"potions_floor_usage":[14,16,55],"damage_taken":[{"damage":5,"enemies":"Small Slimes","floor":1,"turns":3},{"damage":2,"enemies":"2 Louse","floor":2,"turns":3},{"damage":1,"enemies":"Cultist","floor":5,"turns":3},{"damage":40,"enemies":"3 Sentries","floor":6,"turns":10},{"damage":6,"enemies":"Exordium Wildlife","floor":7,"turns":6},{"damage":7,"enemies":"Gremlin Nob","floor":10,"turns":3},{"damage":13,"enemies":"The Mushroom Lair","floor":11,"turns":4},{"damage":25,"enemies":"3 Sentries","floor":12,"turns":8},{"damage":8,"enemies":"3 Sentries","floor":14,"turns":6},{"damage":0,"enemies":"Slime Boss","floor":16,"turns":5},{"damage":10,"enemies":"3 Byrds","floor":18,"turns":3},{"damage":8,"enemies":"Shell Parasite","floor":22,"turns":3},{"damage":19,"enemies":"Book of Stabbing","floor":24,"turns":3},{"damage":0,"enemies":"Snecko","floor":28,"turns":2},{"damage":6,"enemies":"Slavers","floor":29,"turns":2},{"damage":0,"enemies":"Centurion and Healer","floor":31,"turns":2},{"damage":35,"enemies":"Automaton","floor":33,"turns":5},{"damage":7,"enemies":"3 Shapes","floor":35,"turns":2},{"damage":0,"enemies":"3 Darklings","floor":36,"turns":2},{"damage":0,"enemies":"Spire Growth","floor":37,"turns":2},{"damage":8,"enemies":"Maw","floor":38,"turns":4},{"damage":10,"enemies":"Giant Head","floor":41,"turns":5},{"damage":0,"enemies":"Nemesis","floor":44,"turns":3},{"damage":0,"enemies":"3 Darklings","floor":46,"turns":2},{"damage":0,"enemies":"Giant Head","floor":48,"turns":4},{"damage":99,"enemies":"Awakened One","floor":50,"turns":7},{"damage":0,"enemies":"Shield and Spear","floor":54,"turns":3},{"damage":167,"enemies":"The Heart","floor":55,"turns":6}],"seed_played":"-5361374676488196472","potions_obtained":[{"floor":1,"key":"GamblersBrew"},{"floor":10,"key":"Weak Potion"},{"floor":11,"key":"FearPotion"},{"floor":12,"key":"EssenceOfSteel"},{"floor":22,"key":"BloodPotion"},{"floor":24,"key":"LiquidBronze"},{"floor":37,"key":"FairyPotion"},{"floor":38,"key":"Weak Potion"}],"is_trial":false,"path_per_floor":["M","M","?","?","M","E","M","R","T","E","?","E","$","?","R","B",null,"M","$","?","$","M","R","E","R","T","?","M","E","R","M","R","B",null,"M","M","M","M","?","R","E","R","T","E","$","M","$","E","R","B",null,"R","$","E","B"],"character_chosen":"IRONCLAD","items_purchased":["Ancient Tea Set","Pommel Strike","Lantern","Paper Frog","Blind","Shrug It Off","Perfected Strike"],"campfire_rested":2,"item_purchase_floors":[13,19,21,45,45,53,53],"current_hp_per_floor":[69,73,73,73,75,41,41,41,41,42,37,18,18,16,39,45,71,69,69,69,69,67,67,56,56,56,50,58,58,58,66,66,39,77,76,82,88,86,83,83,79,79,79,85,85,93,93,95,95,15,75,95,95,97,0],"gold":27,"neow_bonus":"RANDOM_COMMON_RELIC","is_prod":false,"is_daily":false,"chose_seed":false,"campfire_upgraded":7,"win_rate":0,"timestamp":1562519628,"path_taken":["M","M","?","?","M","E","?","R","T","E","?","E","$","?","R","BOSS","M","$","?","?","M","R","E","R","T","?","M","E","R","M","R","BOSS","M","M","M","M","?","R","E","R","T","E","$","M","$","E","R","BOSS","R","$","E","BOSS"],"build_version":"2019-07-05","purchased_purges":4,"victory":false,"max_hp_per_floor":[75,75,75,75,75,75,75,75,75,77,79,79,79,79,79,79,79,81,81,81,81,81,81,83,83,83,83,85,85,85,87,87,89,89,89,89,89,89,91,91,91,91,91,91,91,93,93,95,95,95,95,95,95,97,97],"card_choices":[{"not_picked":["Intimidate","Heavy Blade"],"picked":"Perfected Strike","floor":1},{"not_picked":["Armaments","Perfected Strike"],"picked":"Shockwave","floor":2},{"not_picked":["Heavy Blade","Hemokinesis","Rupture"],"picked":"SKIP","floor":5},{"not_picked":["Heavy Blade","Hemokinesis","Rupture"],"picked":"SKIP","floor":5},{"not_picked":["Rampage","Wild Strike"],"picked":"Headbutt","floor":6},{"not_picked":["Clash","Headbutt","Pummel"],"picked":"SKIP","floor":7},{"not_picked":["Metallicize","Whirlwind","Rage"],"picked":"Singing Bowl","floor":10},{"not_picked":["Seeing Red","Body Slam","Wild Strike"],"picked":"Singing Bowl","floor":11},{"not_picked":["Inflame","Blood for Blood"],"picked":"Double Tap","floor":12},{"not_picked":["True Grit","Flex"],"picked":"Perfected Strike","floor":14},{"not_picked":["Fiend Fire","Bludgeon"],"picked":"Immolate","floor":16},{"not_picked":["Body Slam","Clothesline","Hemokinesis+1"],"picked":"Singing Bowl","floor":18},{"not_picked":["Searing Blow","Corruption"],"picked":"Thunderclap+1","floor":22},{"not_picked":["Sentinel","Clash","Cleave"],"picked":"Singing Bowl","floor":24},{"not_picked":["Havoc","Pummel","Iron Wave"],"picked":"Singing Bowl","floor":28},{"not_picked":["Warcry","Offering"],"picked":"Perfected Strike+1","floor":29},{"not_picked":["Hemokinesis","Clothesline","Rampage"],"picked":"Singing Bowl","floor":31},{"not_picked":["Exhume","Fiend Fire","Dark Embrace"],"picked":"Singing Bowl","floor":33},{"not_picked":["Rage","Thunderclap"],"picked":"Perfected Strike","floor":35},{"not_picked":["Heavy Blade+1","Wild Strike"],"picked":"Perfected Strike","floor":36},{"not_picked":["Body Slam+1","Dual Wield"],"picked":"Pommel Strike","floor":37},{"not_picked":["Sever Soul","Body Slam"],"picked":"Seeing Red+1","floor":38},{"not_picked":["The Bomb","Jack Of All Trades","Violence"],"picked":"Singing Bowl","floor":39},{"not_picked":["Jack Of All Trades","Purity"],"picked":"Flash of Steel","floor":39},{"not_picked":["Reckless Charge","Headbutt"],"picked":"Seeing Red","floor":41},{"not_picked":["Armaments","Cleave"],"picked":"Shrug It Off","floor":44},{"not_picked":["Pummel","Anger","Burning Pact"],"picked":"Singing Bowl","floor":46},{"not_picked":["Headbutt","Feel No Pain","Anger"],"picked":"Singing Bowl","floor":48},{"not_picked":["Flex","Havoc","Sword Boomerang"],"picked":"Singing Bowl","floor":54}],"player_experience":463259,"relics_obtained":[{"floor":6,"key":"Sundial"},{"floor":9,"key":"Gremlin Horn"},{"floor":10,"key":"Singing Bowl"},{"floor":11,"key":"Odd Mushroom"},{"floor":12,"key":"Centennial Puzzle"},{"floor":14,"key":"FossilizedHelix"},{"floor":24,"key":"MawBank"},{"floor":26,"key":"PreservedInsect"},{"floor":29,"key":"Pen Nib"},{"floor":41,"key":"Shuriken"},{"floor":44,"key":"Blood Vial"},{"floor":48,"key":"Calipers"},{"floor":54,"key":"Bag of Marbles"}],"event_choices":[{"cards_removed":["Bash"],"damage_healed":0,"gold_gain":0,"player_choice":"Card Removal","damage_taken":0,"max_hp_gain":0,"max_hp_loss":0,"event_name":"The Cleric","floor":3,"gold_loss":75},{"damage_healed":0,"gold_gain":0,"player_choice":"Gave Potion","damage_taken":0,"relics_obtained":["Mummified Hand"],"max_hp_gain":0,"max_hp_loss":0,"event_name":"WeMeetAgain","floor":4,"gold_loss":0},{"damage_healed":0,"gold_gain":0,"player_choice":"Fought Mushrooms","damage_taken":0,"max_hp_gain":0,"max_hp_loss":0,"event_name":"Mushrooms","floor":11,"gold_loss":0},{"damage_healed":0,"gold_gain":0,"player_choice":"Searched \u00271\u0027 times","damage_taken":0,"max_hp_gain":0,"max_hp_loss":0,"event_name":"Dead Adventurer","floor":14,"gold_loss":0},{"damage_healed":0,"gold_gain":200,"player_choice":"Gold","damage_taken":0,"max_hp_gain":0,"max_hp_loss":0,"event_name":"Wheel of Change","floor":20,"gold_loss":0},{"damage_healed":0,"gold_gain":0,"player_choice":"Joined the Cult","damage_taken":6,"max_hp_gain":0,"max_hp_loss":0,"event_name":"Nest","floor":27,"gold_loss":0,"cards_obtained":["RitualDagger"]},{"damage_healed":0,"gold_gain":0,"player_choice":"Memory 2","damage_taken":5,"max_hp_gain":0,"max_hp_loss":0,"event_name":"SensoryStone","floor":39,"gold_loss":0}],"is_beta":false,"boss_relics":[{"not_picked":["Black Blood","White Beast Statue"],"picked":"Philosopher\u0027s Stone"},{"not_picked":["Pandora\u0027s Box","Orrery"],"picked":"Lizard Tail"}],"items_purged_floors":[19,21,45,47],"is_endless":false,"potions_floor_spawned":[1,10,11,12,22,24,31,35,37,38,48],"killed_by":"The Heart","ascension_level":15}