{"gold_per_floor":[369,382,382,407,427,427,60,60,60,60,93,6,41,41,41,41],"floor_reached":16,"playtime":678,"items_purged":[],"score":212,"play_id":"973e9a7a-b03c-4783-9d85-5c2b42b3653e","local_time":"20190522182444","is_ascension_mode":true,"campfire_choices":[{"data":"Neutralize","floor":6,"key":"SMITH"},{"data":"Footwork","floor":8,"key":"SMITH"},{"data":"Blur","floor":15,"key":"SMITH"}],"neow_cost":"TEN_PERCENT_HP_LOSS","seed_source_timestamp":0,"circlet_count":0,"master_deck":["AscendersBane","Defend_G","Defend_G","Defend_G","Defend_G","Defend_G","Strike_G","Strike_G","Strike_G","Strike_G","Strike_G","Survivor","Neutralize+1","All Out Attack+1","Dagger Throw","Footwork+1","Blur+1","Noxious Fumes+1"],"special_seed":0,"relics":["Ring of the Snake","Golden Idol","Juzu Bracelet","Mercury Hourglass","WingedGreaves","Smiling Mask","Incense Burner"],"potions_floor_usage":[11,11,16],"damage_taken":[{"damage":5.0,"enemies":"Jaw Worm","floor":1.0,"turns":5.0},{"damage":4.0,"enemies":"Cultist","floor":2.0,"turns":4.0},{"damage":0,"enemies":"2 Louse","floor":5,"turns":4},{"damage":6,"enemies":"Gremlin Nob","floor":11,"turns":3},{"damage":9,"enemies":"3 Sentries","floor":13,"turns":5},{"damage":15,"enemies":"Hexaghost","floor":16,"turns":9}],"seed_played":"183685091302396670","potions_obtained":[{"floor":2,"key":"AttackPotion"},{"floor":5,"key":"GamblersBrew"},{"floor":11,"key":"SteroidPotion"}],"is_trial":false,"path_per_floor":["M","M","?","T","M","R","$","R","T","?","E","$","E","?","R","B"],"character_chosen":"THE_SILENT","items_purchased":["Mercury Hourglass","Footwork","Noxious Fumes"],"campfire_rested":0,"item_purchase_floors":[7,7,12],"current_hp_per_floor":[54,50,29,29,29,29,29,29,29,29,23,23,14,14,14,0],"gold":41,"neow_bonus":"TWO_FIFTY_GOLD","is_prod":false,"is_daily":false,"chose_seed":false,"campfire_upgraded":3,"win_rate":0,"timestamp":1558563884,"path_taken":["M","M","?","?","M","R","?","R","T","?","E","$","E","?","R","BOSS"],"build_version":"2019-01-23","purchased_purges":0,"victory":false,"max_hp_per_floor":[60,60,60,60,60,60,60,60,60,60,60,60,60,60,60,60],"card_choices":[{"not_picked":["Dagger Spray","Quick Slash"],"picked":"All Out Attack","floor":1.0},{"not_picked":["Slice","Choke"],"picked":"Dagger Throw","floor":2},{"not_picked":["Expertise","Bane","Flying Knee"],"picked":"SKIP","floor":5},{"not_picked":["Bane","Sucker Punch"],"picked":"Blur","floor":11},{"not_picked":["Endless Agony","Blade Dance","Doppelganger"],"picked":"SKIP","floor":13}],"player_experience":1437134,"relics_obtained":[{"floor":4,"key":"Juzu Bracelet"},{"floor":9,"key":"WingedGreaves"},{"floor":11,"key":"Smiling Mask"},{"floor":13,"key":"Incense Burner"}],"event_choices":[{"damage_healed":0,"gold_gain":0,"player_choice":"Take Damage","damage_taken":21,"relics_obtained":["Golden Idol"],"max_hp_gain":0,"max_hp_loss":0,"event_name":"Golden Idol","floor":3,"gold_loss":0},{"damage_healed":0,"gold_gain":0,"player_choice":"Grow","damage_taken":0,"max_hp_gain":0,"max_hp_loss":0,"event_name":"Living Wall","floor":10,"gold_loss":0,"cards_upgraded":["All Out Attack"]},{"damage_healed":0,"gold_gain":0,"player_choice":"Upgraded","damage_taken":0,"max_hp_gain":0,"max_hp_loss":0,"event_name":"Upgrade Shrine","floor":14,"gold_loss":0,"cards_upgraded":["Noxious Fumes"]}],"is_beta":false,"boss_relics":[],"items_purged_floors":[],"is_endless":false,"potions_floor_spawned":[2,5,11],"killed_by":"Hexaghost","ascension_level":20}