{"gold_per_floor":[111,124,142,31,46,46,73,73,119,151,5,22,36,48,48,143,143,162,77,77,92,108,108,142,142,142,142,161,161],"floor_reached":29,"playtime":1198,"items_purged":["Strike_R","Strike_R"],"score":411,"play_id":"7efdbe42-2b29-4b40-a6ca-220fd382e6b5","local_time":"20190704191057","is_ascension_mode":true,"campfire_choices":[{"data":"Whirlwind","floor":6,"key":"SMITH"},{"data":"Shrug It Off","floor":8,"key":"SMITH"},{"floor":15,"key":"REST"},{"floor":23,"key":"REST"},{"data":"Barricade","floor":25,"key":"SMITH"},{"data":"True Grit","floor":27,"key":"SMITH"}],"neow_cost":"NONE","seed_source_timestamp":137577640992527,"circlet_count":0,"master_deck":["AscendersBane","Strike_R","Strike_R","Strike_R","Defend_R","Defend_R","Defend_R","Defend_R","Bash","Shrug It Off+1","Sword Boomerang","Metallicize","Battle Trance","Whirlwind+1","Rampage","Metallicize","Intimidate","Shrug It Off","Juggernaut","Inflame","Barricade+1","Shrug It Off","Ghostly Armor","True Grit+1","Armaments"],"relics":["Orrery","Ornamental Fan","Omamori","Regal Pillow","Sozu","Question Card","Enchiridion","Potion Belt","Mercury Hourglass"],"potions_floor_usage":[7,10,16],"damage_taken":[{"damage":0,"enemies":"Cultist","floor":1,"turns":6},{"damage":8,"enemies":"Small Slimes","floor":2,"turns":4},{"damage":0,"enemies":"2 Louse","floor":3,"turns":2},{"damage":0,"enemies":"Exordium Wildlife","floor":5,"turns":5},{"damage":18,"enemies":"Gremlin Nob","floor":7,"turns":4},{"damage":7,"enemies":"3 Sentries","floor":10,"turns":4},{"damage":3,"enemies":"Looter","floor":12,"turns":4},{"damage":11,"enemies":"3 Louse","floor":13,"turns":4},{"damage":11,"enemies":"Red Slaver","floor":14,"turns":4},{"damage":37,"enemies":"Slime Boss","floor":16,"turns":9},{"damage":0,"enemies":"3 Byrds","floor":18,"turns":4},{"damage":1,"enemies":"Chosen","floor":21,"turns":4},{"damage":15,"enemies":"Snake Plant","floor":22,"turns":4},{"damage":37,"enemies":"Slavers","floor":24,"turns":6},{"damage":8,"enemies":"3 Cultists","floor":28,"turns":4},{"damage":28,"enemies":"Book of Stabbing","floor":29,"turns":5}],"seed_played":"9050998631846732992","potions_obtained":[{"floor":1,"key":"Fire Potion"},{"floor":3,"key":"Fire Potion"},{"floor":7,"key":"SteroidPotion"},{"floor":12,"key":"PowerPotion"},{"floor":16,"key":"Strength Potion"}],"is_trial":false,"path_per_floor":["M","M","M","$","M","R","E","R","T","E","$","M","M","M","R","B",null,"M","?","?","M","M","R","E","R","T","R","M","E"],"character_chosen":"IRONCLAD","items_purchased":["Metallicize","Shrug It Off"],"campfire_rested":2,"item_purchase_floors":[4,11],"current_hp_per_floor":[72,64,64,64,64,64,46,46,46,39,39,36,25,14,53,16,64,64,64,48,47,32,71,34,34,34,34,26,0],"gold":161,"neow_bonus":"BOSS_RELIC","is_prod":false,"is_daily":false,"chose_seed":false,"campfire_upgraded":4,"win_rate":0,"timestamp":1562281857,"path_taken":["M","M","M","$","?","R","E","R","T","E","$","M","M","M","R","BOSS","M","?","?","M","M","R","E","R","T","R","M","E"],"build_version":"2019-07-01","purchased_purges":2,"victory":false,"max_hp_per_floor":[80,80,80,80,80,80,80,80,80,80,80,80,80,80,80,80,80,80,80,80,80,80,80,80,80,80,80,80,80],"card_choices":[{"not_picked":["Combust","Bludgeon"],"picked":"Shrug It Off","floor":0},{"not_picked":["Clash","Flex"],"picked":"Sword Boomerang","floor":0},{"not_picked":["Sever Soul","Twin Strike"],"picked":"Metallicize","floor":0},{"not_picked":["Disarm","Sentinel"],"picked":"Battle Trance","floor":0},{"not_picked":["Clothesline","Metallicize"],"picked":"Whirlwind","floor":1},{"not_picked":["Twin Strike","Sentinel","Clash"],"picked":"SKIP","floor":2},{"not_picked":["Rampage","Second Wind","Armaments"],"picked":"SKIP","floor":3},{"not_picked":["Second Wind","Armaments"],"picked":"Rampage","floor":3},{"not_picked":["Seeing Red","Blood for Blood","Sever Soul"],"picked":"SKIP","floor":5},{"not_picked":["Flex","Combust","Armaments"],"picked":"SKIP","floor":7},{"not_picked":["Searing Blow","Warcry"],"picked":"Intimidate","floor":10},{"not_picked":["Body Slam","Heavy Blade"],"picked":"Juggernaut","floor":12},{"not_picked":["Warcry","Thunderclap","Entrench"],"picked":"SKIP","floor":13},{"not_picked":["Headbutt","Havoc"],"picked":"Inflame","floor":14},{"not_picked":["Berserk","Bludgeon"],"picked":"Barricade","floor":16},{"not_picked":["Clothesline","Warcry","Dual Wield"],"picked":"SKIP","floor":18},{"not_picked":["Dropkick","Flex","Carnage"],"picked":"Shrug It Off","floor":21},{"not_picked":["Blood for Blood","Heavy Blade","Headbutt"],"picked":"Ghostly Armor","floor":22},{"not_picked":["Thunderclap","Uppercut","Iron Wave"],"picked":"True Grit","floor":24},{"not_picked":["Dropkick+1","Cleave+1","Barricade"],"picked":"Armaments","floor":28}],"player_experience":435457,"relics_obtained":[{"floor":7,"key":"Ornamental Fan"},{"floor":9,"key":"Omamori"},{"floor":10,"key":"Regal Pillow"},{"floor":20,"key":"Enchiridion"},{"floor":24,"key":"Potion Belt"},{"floor":26,"key":"Mercury Hourglass"}],"event_choices":[{"damage_healed":0,"gold_gain":0,"player_choice":"Obtained Relic","damage_taken":0,"relics_obtained":["Question Card"],"max_hp_gain":0,"max_hp_loss":0,"event_name":"Addict","floor":19,"gold_loss":85},{"damage_healed":0,"gold_gain":0,"player_choice":"Obtained Book","damage_taken":16,"max_hp_gain":0,"max_hp_loss":0,"event_name":"Cursed Tome","floor":20,"gold_loss":0}],"is_beta":false,"boss_relics":[{"not_picked":["Pandora\u0027s Box","Runic Dome"],"picked":"Sozu"}],"items_purged_floors":[4,11],"is_endless":false,"potions_floor_spawned":[1,3,7,12,13,16,18,22],"killed_by":"Book of Stabbing","ascension_level":12}