{"gold_per_floor":[114,127,202,221,221,221,239,239,239,259,270,270,286,314,314,418,418,437,452,93,143,153,153,168,168,168,168],"floor_reached":27,"playtime":1034,"items_purged":[],"score":217,"play_id":"ff74ece0-a7e6-4dda-bc3c-d029822cc2d1","local_time":"20180815232039","is_ascension_mode":false,"campfire_choices":[{"data":"Bash","floor":6,"key":"SMITH"},{"data":"Anger","floor":8,"key":"SMITH"},{"data":"Armaments","floor":12,"key":"SMITH"},{"data":"Anger","floor":15,"key":"SMITH"},{"data":"Cleave","floor":23,"key":"SMITH"},{"data":"Body Slam","floor":25,"key":"SMITH"}],"neow_cost":"NONE","seed_source_timestamp":31772737846640,"circlet_count":0,"master_deck":["Strike_R","Strike_R","Strike_R","Strike_R","Strike_R","Defend_R","Defend_R","Defend_R","Defend_R","Bash+1","Clothesline","True Grit+1","Armaments+1","Anger+1","Pommel Strike","Anger+1","Pommel Strike","Body Slam+1","Cleave+1","Warcry+1"],"relics":["Burning Blood","Bag of Preparation","Bottled Lightning","StoneCalendar","Runic Dome","Ginger","Toxic Egg 2"],"potions_floor_usage":[13,14,14],"damage_taken":[{"damage":12,"enemies":"Small Slimes","floor":1,"turns":3},{"damage":4,"enemies":"Jaw Worm","floor":2,"turns":4},{"damage":0,"enemies":"2 Louse","floor":4,"turns":3},{"damage":13,"enemies":"2 Fungi Beasts","floor":7,"turns":4},{"damage":17,"enemies":"Lots of Slimes","floor":10,"turns":6},{"damage":16,"enemies":"Exordium Wildlife","floor":11,"turns":5},{"damage":0,"enemies":"Looter","floor":13,"turns":2},{"damage":6,"enemies":"3 Sentries","floor":14,"turns":10},{"damage":29,"enemies":"Hexaghost","floor":16,"turns":8},{"damage":6,"enemies":"Shell Parasite","floor":18,"turns":5},{"damage":0,"enemies":"Chosen","floor":19,"turns":4},{"damage":12,"enemies":"Snake Plant","floor":22,"turns":3},{"damage":23,"enemies":"Sentry and Sphere","floor":24,"turns":5},{"damage":58,"enemies":"Gremlin Leader","floor":27,"turns":7}],"seed_played":"-5064048116396457203","potions_obtained":[{"floor":1,"key":"Regen Potion"},{"floor":10,"key":"Energy Potion"},{"floor":13,"key":"Dexterity Potion"},{"floor":16,"key":"BloodPotion"},{"floor":22,"key":"Poison Potion"},{"floor":24,"key":"Block Potion"}],"is_trial":false,"path_per_floor":["M","M","?","M","?","R","M","R","T","M","M","R","M","E","R","B",null,"M","M","$","?","M","R","M","R","T"],"character_chosen":"IRONCLAD","items_purchased":["Ginger","Body Slam"],"campfire_rested":0,"item_purchase_floors":[20,20],"current_hp_per_floor":[74,76,65,71,71,71,64,64,64,53,43,43,49,64,64,41,80,80,80,80,80,74,74,57,57,57,0],"gold":168,"neow_bonus":"RANDOM_COMMON_RELIC","is_prod":false,"is_daily":false,"chose_seed":false,"campfire_upgraded":6,"win_rate":0,"timestamp":1534389639,"path_taken":["M","M","?","M","?","R","M","R","T","?","M","R","M","E","R","BOSS","M","M","$","?","M","R","M","R","T","E"],"build_version":"2018-08-09","purchased_purges":0,"victory":false,"max_hp_per_floor":[80,80,80,80,80,80,80,80,80,80,80,80,80,80,80,80,80,80,80,80,80,80,80,80,80,80,80],"card_choices":[{"not_picked":["Evolve","Heavy Blade"],"picked":"Clothesline","floor":1},{"not_picked":["Blood for Blood","Combust"],"picked":"True Grit","floor":2},{"not_picked":["Sword Boomerang","Sever Soul"],"picked":"Armaments","floor":4},{"not_picked":["Havoc","True Grit"],"picked":"Anger","floor":7},{"not_picked":["Shockwave","Second Wind","Dual Wield"],"picked":"SKIP","floor":10},{"not_picked":["Rage","Double Tap","Bloodletting"],"picked":"SKIP","floor":11},{"not_picked":["Uppercut","Anger"],"picked":"Pommel Strike","floor":13},{"not_picked":["Power Through","Searing Blow"],"picked":"Anger","floor":14},{"not_picked":["Carnage","Wild Strike"],"picked":"Pommel Strike","floor":18},{"not_picked":["Second Wind+1","Whirlwind","Carnage+1"],"picked":"SKIP","floor":19},{"not_picked":["Dual Wield","Clothesline"],"picked":"Cleave","floor":22},{"not_picked":["Entrench","Headbutt"],"picked":"Warcry+1","floor":24}],"player_experience":510612,"relics_obtained":[{"floor":9,"key":"Bottled Lightning"},{"floor":14,"key":"StoneCalendar"},{"floor":26,"key":"Toxic Egg 2"}],"event_choices":[{"event_name":"World of Goop","player_choice":"Gather Gold","floor":3,"damage_taken":0},{"event_name":"Living Wall","player_choice":"Grow","floor":5,"damage_taken":0},{"event_name":"The Joust","player_choice":"Bet on Murderer","floor":21,"damage_taken":0}],"is_beta":false,"boss_relics":[{"not_picked":["Runic Pyramid","Runic Cube"],"picked":"Runic Dome"}],"items_purged_floors":[],"is_endless":false,"potions_floor_spawned":[1,10,13,16,22,24],"killed_by":"Gremlin Leader","ascension_level":0}