{"gold_per_floor":[112,22,22,0,0,0,26,36,109,129,142,142,170,181,181,277,277,288,203,30,50,60,60],"floor_reached":23,"playtime":1335,"items_purged":["Strike_G","Strike_G"],"score":211,"play_id":"23b3bf63-70a1-489c-ad6e-c7f97faca6d2","local_time":"20190710203446","is_ascension_mode":true,"campfire_choices":[{"floor":6,"key":"REST"},{"floor":15,"key":"REST"}],"neow_cost":"NONE","seed_source_timestamp":973981664356154,"circlet_count":0,"master_deck":["Strike_G","Strike_G","Strike_G","Defend_G+1","Defend_G+1","Defend_G","Defend_G","Defend_G","Survivor","Neutralize","Noxious Fumes","Corpse Explosion","Noxious Fumes","Poisoned Stab","Poisoned Stab","Poisoned Stab","Accuracy","A Thousand Cuts","Infinite Blades","Infinite Blades"],"relics":["Ring of the Snake","Smiling Mask","Dodecahedron","The Courier","Vajra","Black Star","Omamori"],"potions_floor_usage":[13,16,16,21,22,23],"damage_taken":[{"damage":9,"enemies":"Jaw Worm","floor":1,"turns":5},{"damage":22,"enemies":"Lagavulin","floor":7,"turns":10},{"damage":3,"enemies":"Small Slimes","floor":8,"turns":3},{"damage":0,"enemies":"2 Louse","floor":10,"turns":2},{"damage":4,"enemies":"Blue Slaver","floor":11,"turns":4},{"damage":11,"enemies":"3 Sentries","floor":13,"turns":3},{"damage":4,"enemies":"Looter","floor":14,"turns":3},{"damage":30,"enemies":"Slime Boss","floor":16,"turns":9},{"damage":19,"enemies":"Chosen","floor":18,"turns":5},{"damage":22,"enemies":"Shell Parasite","floor":21,"turns":6},{"damage":33,"enemies":"Snake Plant","floor":22,"turns":4},{"damage":7,"enemies":"Book of Stabbing","floor":23,"turns":3}],"seed_played":"-4159873511155743019","potions_obtained":[{"floor":1,"key":"PowerPotion"},{"floor":8,"key":"SpeedPotion"},{"floor":11,"key":"Weak Potion"},{"floor":13,"key":"LiquidBronze"},{"floor":21,"key":"SkillPotion"},{"floor":22,"key":"Energy Potion"}],"is_trial":false,"path_per_floor":["M","$","?","?","?","R","E","M","T","M","M","?","E","M","R","B",null,"M","?","$","M","M","E"],"character_chosen":"THE_SILENT","items_purchased":["Noxious Fumes","Infinite Blades","Regen Potion"],"campfire_rested":2,"item_purchase_floors":[2,20,20],"current_hp_per_floor":[61,61,47,47,47,68,46,43,43,43,39,39,28,24,45,15,70,51,51,51,44,11,4],"gold":60,"neow_bonus":"RANDOM_COMMON_RELIC","is_prod":false,"is_daily":false,"chose_seed":false,"campfire_upgraded":0,"win_rate":0,"timestamp":1562808886,"path_taken":["M","$","?","?","?","R","E","M","T","?","M","?","E","M","R","BOSS","M","?","$","M","M","E"],"build_version":"2019-07-05","purchased_purges":2,"victory":false,"max_hp_per_floor":[70,70,70,70,70,70,70,70,70,70,70,70,70,70,70,70,70,70,70,70,70,70,70],"card_choices":[{"not_picked":["Sucker Punch","Backflip","Calculated Gamble"],"picked":"SKIP","floor":1},{"not_picked":["Endless Agony","Deadly Poison"],"picked":"Corpse Explosion","floor":7},{"not_picked":["Finisher","Terror"],"picked":"Noxious Fumes","floor":8},{"not_picked":["Deadly Poison","Expertise"],"picked":"Poisoned Stab","floor":10},{"not_picked":["Flying Knee","Slice"],"picked":"Poisoned Stab","floor":11},{"not_picked":["Sucker Punch","Cloak And Dagger"],"picked":"Poisoned Stab","floor":13},{"not_picked":["Underhanded Strike","Escape Plan"],"picked":"Accuracy","floor":14},{"not_picked":["Glass Knife","Corpse Explosion"],"picked":"A Thousand Cuts","floor":16},{"not_picked":["Quick Slash","Sucker Punch","Calculated Gamble+1"],"picked":"SKIP","floor":18},{"not_picked":["Noxious Fumes","Bane"],"picked":"Infinite Blades","floor":21},{"not_picked":["Flying Knee","Outmaneuver","Sucker Punch"],"picked":"SKIP","floor":22}],"player_experience":84797,"relics_obtained":[{"floor":7,"key":"Dodecahedron"},{"floor":9,"key":"The Courier"},{"floor":13,"key":"Vajra"}],"event_choices":[{"damage_healed":0,"gold_gain":0,"player_choice":"Entered Light","damage_taken":14,"max_hp_gain":0,"max_hp_loss":0,"event_name":"Shining Light","floor":3,"gold_loss":0,"cards_upgraded":["Defend_G","Defend_G"]},{"damage_healed":0,"gold_gain":0,"player_choice":"Left Gold","damage_taken":0,"max_hp_gain":0,"max_hp_loss":0,"event_name":"World of Goop","floor":4,"gold_loss":22},{"damage_healed":0,"gold_gain":0,"player_choice":"Ignored","damage_taken":0,"max_hp_gain":0,"max_hp_loss":0,"event_name":"Liars Game","floor":5,"gold_loss":0},{"damage_healed":0,"gold_gain":0,"player_choice":"Fled","damage_taken":0,"max_hp_gain":0,"max_hp_loss":0,"event_name":"Scrap Ooze","floor":12,"gold_loss":0},{"damage_healed":0,"gold_gain":0,"player_choice":"Obtained Relic","damage_taken":0,"relics_obtained":["Omamori"],"max_hp_gain":0,"max_hp_loss":0,"event_name":"Addict","floor":19,"gold_loss":85}],"is_beta":false,"boss_relics":[{"not_picked":["HoveringKite","Velvet Choker"],"picked":"Black Star"}],"items_purged_floors":[2,20],"is_endless":false,"potions_floor_spawned":[1,8,11,13,21,22],"killed_by":"Book of Stabbing","ascension_level":1}