{"gold_per_floor":[166,181,256,276,293,293,321,321,392,416,416,431,431,465,465,565,565,578,493,493,418,433,433,461,19,42,42,54,54],"floor_reached":29,"playtime":2181,"items_purged":["Defend_G","Strike_G"],"score":298,"play_id":"090dfff7-442d-4e89-bc95-fff6bee8f364","local_time":"20180918213006","is_ascension_mode":true,"campfire_choices":[{"data":"Terror","floor":6,"key":"SMITH"},{"floor":8,"key":"REST"},{"floor":11,"key":"REST"},{"data":"Prepared","floor":15,"key":"SMITH"},{"data":"Backflip","floor":23,"key":"SMITH"}],"neow_cost":"NONE","seed_source_timestamp":1871243902369210,"circlet_count":0,"master_deck":["Defend_G","Defend_G","Defend_G","Defend_G","Strike_G","Strike_G+1","Strike_G","Survivor","Neutralize","Footwork","Terror+1","Dash","Prepared+1","Acrobatics","Die Die Die+1","Backflip+1","Underhanded Strike+1","Quick Slash","Backflip+1"],"relics":["Tiny House","Tingsha","Ninja Scroll","Art of War","Dream Catcher","Black Star","Strawberry","Bronze Scales","Whetstone","Sling","PreservedInsect","Centennial Puzzle"],"potions_floor_usage":[1,12,14,16,27,28],"damage_taken":[{"damage":5,"enemies":"Jaw Worm","floor":1,"turns":6},{"damage":0,"enemies":"Cultist","floor":2,"turns":5},{"damage":0,"enemies":"2 Louse","floor":4,"turns":4},{"damage":25,"enemies":"Lots of Slimes","floor":5,"turns":9},{"damage":26,"enemies":"Gremlin Nob","floor":7,"turns":5},{"damage":3,"enemies":"Exordium Thugs","floor":12,"turns":3},{"damage":2,"enemies":"3 Sentries","floor":14,"turns":9},{"damage":13,"enemies":"The Guardian","floor":16,"turns":11},{"damage":10,"enemies":"3 Byrds","floor":18,"turns":6},{"damage":22,"enemies":"Shell Parasite","floor":22,"turns":6},{"damage":40,"enemies":"Slavers","floor":24,"turns":8},{"damage":0,"enemies":"Book of Stabbing","floor":27,"turns":1},{"damage":3,"enemies":"3 Cultists","floor":28,"turns":4},{"damage":9,"enemies":"Gremlin Leader","floor":29,"turns":2}],"seed_played":"8515794143802085489","potions_obtained":[{"floor":0,"key":"Regen Potion"},{"floor":1,"key":"SpeedPotion"},{"floor":5,"key":"Energy Potion"},{"floor":7,"key":"Regen Potion"},{"floor":12,"key":"Fire Potion"},{"floor":24,"key":"SmokeBomb"}],"is_trial":false,"path_per_floor":["M","M","?","M","M","R","E","R","T","T","R","M","?","E","R","B",null,"M","?","?","$","M","R","E","$","T","E","M"],"character_chosen":"THE_SILENT","items_purchased":["Sling","PreservedInsect"],"campfire_rested":2,"item_purchase_floors":[25,25],"current_hp_per_floor":[75,75,68,68,43,43,17,39,39,39,61,67,67,65,65,52,75,65,72,72,72,50,50,10,10,10,10,7,0],"gold":54,"neow_bonus":"BOSS_RELIC","is_prod":false,"is_daily":false,"chose_seed":false,"campfire_upgraded":3,"win_rate":0,"timestamp":1537320606,"path_taken":["M","M","?","?","M","R","E","R","T","?","R","M","?","E","R","BOSS","M","?","?","$","M","R","E","$","T","E","M","E"],"build_version":"2018-09-06","purchased_purges":2,"victory":false,"max_hp_per_floor":[75,75,75,75,75,75,75,75,75,75,75,75,75,75,75,75,75,75,82,82,82,82,82,82,82,82,82,82,82],"card_choices":[{"not_picked":["Choke","Underhanded Strike"],"picked":"Footwork","floor":0},{"not_picked":["Sucker Punch","Reflex"],"picked":"Terror","floor":1},{"not_picked":["Accuracy","Underhanded Strike","Flying Knee"],"picked":"SKIP","floor":2},{"not_picked":["Choke","Poisoned Stab","Crippling Poison"],"picked":"SKIP","floor":4},{"not_picked":["Leg Sweep","Flying Knee","PiercingWail"],"picked":"SKIP","floor":5},{"not_picked":["Flechettes","Calculated Gamble"],"picked":"Dash","floor":7},{"not_picked":["Dodge and Roll","Poisoned Stab"],"picked":"Prepared","floor":12},{"not_picked":["Noxious Fumes","Dodge and Roll"],"picked":"Acrobatics","floor":14},{"not_picked":["Venomology","Night Terror"],"picked":"Die Die Die","floor":16},{"not_picked":["Outmaneuver","PiercingWail"],"picked":"Backflip","floor":18},{"not_picked":["Flying Knee","Bane"],"picked":"Underhanded Strike","floor":22},{"not_picked":["Well Laid Plans+1","Malaise"],"picked":"Quick Slash","floor":24},{"not_picked":["Setup","Outmaneuver"],"picked":"Backflip+1","floor":28}],"player_experience":163551,"relics_obtained":[{"floor":7,"key":"Tingsha"},{"floor":9,"key":"Ninja Scroll"},{"floor":10,"key":"Art of War"},{"floor":14,"key":"Dream Catcher"},{"floor":24,"key":"Bronze Scales"},{"floor":24,"key":"Whetstone"},{"floor":26,"key":"Centennial Puzzle"}],"event_choices":[{"event_name":"FaceTrader","player_choice":"Touch","floor":3,"damage_taken":0},{"event_name":"Living Wall","player_choice":"Forget","floor":13,"damage_taken":0},{"event_name":"Addict","player_choice":"Obtained Relic","floor":19,"damage_taken":0},{"event_name":"Ghosts","player_choice":"Ignored","floor":20,"damage_taken":0}],"is_beta":false,"boss_relics":[{"not_picked":["White Beast Statue","Snecko Eye"],"picked":"Black Star"}],"items_purged_floors":[21,25],"is_endless":false,"potions_floor_spawned":[1,5,7,12,24,27],"killed_by":"Gremlin Leader","ascension_level":2}