{"gold_per_floor":[111,131,18,18,18,18,46,18,41,53,83,170,182,226,238,250],"floor_reached":16,"playtime":563,"items_purged":[],"score":262,"play_id":"db243ad8-07d8-478a-95d5-6c958c637b02","local_time":"20181025130729","is_ascension_mode":true,"campfire_choices":[{"data":"Bash","floor":6,"key":"SMITH"},{"data":"Clothesline","floor":10,"key":"SMITH"},{"data":"Pommel Strike","floor":15,"key":"SMITH"}],"neow_cost":"NONE","seed_source_timestamp":579649877864652,"circlet_count":0,"master_deck":["Strike_R","Strike_R","Strike_R","Strike_R","Defend_R","Defend_R","Defend_R","Defend_R","Bash+1","AscendersBane","Clothesline+1","Pommel Strike+1","Feel No Pain","Power Through","Shrug It Off","Thunderclap"],"relics":["Burning Blood","NeowsBlessing","Ornamental Fan","MawBank","Question Card","Frozen Egg 2"],"potions_floor_usage":[16,16],"damage_taken":[{"damage":0,"enemies":"Cultist","floor":1,"turns":1},{"damage":0,"enemies":"Small Slimes","floor":2,"turns":1},{"damage":0,"enemies":"Gremlin Nob","floor":7,"turns":1},{"damage":0,"enemies":"2 Louse","floor":11,"turns":4},{"damage":18,"enemies":"3 Sentries","floor":14,"turns":16},{"damage":69,"enemies":"Hexaghost","floor":16,"turns":11}],"seed_played":"-789257140976998399","potions_obtained":[{"floor":2,"key":"Regen Potion"},{"floor":11,"key":"Poison Potion"}],"is_trial":false,"path_per_floor":["M","M","$","?","$","R","E","$","T","R","M","?","T","E","R"],"character_chosen":"IRONCLAD","items_purchased":["Pommel Strike","Feel No Pain","Shrug It Off"],"campfire_rested":0,"item_purchase_floors":[3,3,8],"current_hp_per_floor":[74,75,75,68,68,68,74,74,74,74,75,64,64,52,52,0],"gold":250,"neow_bonus":"THREE_ENEMY_KILL","is_prod":false,"is_daily":false,"chose_seed":false,"campfire_upgraded":3,"win_rate":0,"timestamp":1540487249,"path_taken":["M","M","?","?","$","R","E","$","T","R","?","?","?","E","R","BOSS"],"build_version":"2018-10-18","purchased_purges":0,"victory":false,"max_hp_per_floor":[75,75,75,75,75,75,75,75,75,75,75,75,75,75,75,75],"card_choices":[{"not_picked":["Clash","Heavy Blade","Blood for Blood"],"picked":"SKIP","floor":1},{"not_picked":["Combust","Carnage"],"picked":"Clothesline","floor":2},{"not_picked":["Rage","Burning Pact"],"picked":"Power Through","floor":7},{"not_picked":["Twin Strike","Clothesline","Iron Wave"],"picked":"SKIP","floor":11},{"not_picked":["Wild Strike","Cleave","Headbutt"],"picked":"Thunderclap","floor":14}],"player_experience":978367,"relics_obtained":[{"floor":7,"key":"Ornamental Fan"},{"floor":9,"key":"MawBank"},{"floor":13,"key":"Question Card"},{"floor":14,"key":"Frozen Egg 2"}],"event_choices":[{"cards_removed":["Strike_R"],"damage_healed":0,"gold_gain":0,"player_choice":"Card Removal","damage_taken":7,"max_hp_gain":0,"max_hp_loss":0,"event_name":"Golden Wing","floor":4,"gold_loss":0},{"damage_healed":0,"gold_gain":75,"player_choice":"Gather Gold","damage_taken":11,"max_hp_gain":0,"max_hp_loss":0,"event_name":"World of Goop","floor":12,"gold_loss":0}],"is_beta":false,"boss_relics":[],"items_purged_floors":[],"is_endless":false,"potions_floor_spawned":[2,11],"killed_by":"Hexaghost","ascension_level":20}