{"gold_per_floor":[112,122,137,137,62,93,93,125,125,125,143,143],"floor_reached":12,"playtime":568,"items_purged":[],"score":176,"play_id":"052cc1df-4e3a-4b51-bb81-417fd6a62e6d","local_time":"20190521230845","is_ascension_mode":true,"campfire_choices":[{"floor":7,"key":"REST"}],"neow_cost":"NONE","seed_source_timestamp":39365355565110,"circlet_count":0,"master_deck":["AscendersBane","Strike_R","Strike_R","Strike_R","Strike_R","Defend_R","Defend_R","Defend_R","Defend_R","Bash+1","True Grit","Corruption","Anger","Clothesline","Reaper","Spot Weakness"],"relics":["Burning Blood","Sundial","Bag of Preparation"],"potions_floor_usage":[6,12,12],"damage_taken":[{"damage":4,"enemies":"2 Louse","floor":1,"turns":4},{"damage":7,"enemies":"Jaw Worm","floor":2,"turns":3},{"damage":0,"enemies":"Cultist","floor":3,"turns":4},{"damage":76,"enemies":"3 Sentries","floor":6,"turns":17},{"damage":40,"enemies":"Gremlin Nob","floor":8,"turns":5},{"damage":14,"enemies":"2 Fungi Beasts","floor":11,"turns":4},{"damage":35,"enemies":"3 Sentries","floor":12,"turns":6}],"seed_played":"-5639189689507677423","potions_obtained":[{"floor":2,"key":"BloodPotion"},{"floor":6,"key":"Weak Potion"},{"floor":11,"key":"SteroidPotion"}],"is_trial":false,"path_per_floor":["M","M","M","?","?","E","R","E","T","?","M","E"],"character_chosen":"IRONCLAD","items_purchased":[],"campfire_rested":1,"item_purchase_floors":[],"current_hp_per_floor":[70,69,75,80,80,18,42,8,8,8,8,0],"gold":143,"neow_bonus":"UPGRADE_CARD","is_prod":false,"is_daily":false,"chose_seed":false,"campfire_upgraded":0,"win_rate":0,"timestamp":1558494525,"path_taken":["M","M","M","?","?","E","R","E","T","?","M","E"],"build_version":"2019-01-23","purchased_purges":0,"victory":false,"max_hp_per_floor":[75,75,75,80,80,80,80,80,80,80,80,80],"card_choices":[{"not_picked":["Wild Strike","Heavy Blade"],"picked":"True Grit","floor":1},{"not_picked":["Warcry","Blood for Blood"],"picked":"Corruption","floor":2},{"not_picked":["Pummel","Warcry"],"picked":"Anger","floor":3},{"not_picked":["Evolve","Flex"],"picked":"Clothesline","floor":6},{"not_picked":["Cleave","Armaments"],"picked":"Reaper","floor":8},{"not_picked":["Rage","Twin Strike"],"picked":"Spot Weakness","floor":11}],"player_experience":1433093,"relics_obtained":[{"floor":6,"key":"Sundial"},{"floor":8,"key":"Bag of Preparation"}],"event_choices":[{"damage_healed":0,"gold_gain":0,"player_choice":"Donut","damage_taken":0,"max_hp_gain":5,"max_hp_loss":0,"event_name":"Big Fish","floor":4,"gold_loss":0},{"cards_removed":["Strike_R"],"damage_healed":0,"gold_gain":0,"player_choice":"Card Removal","damage_taken":0,"max_hp_gain":0,"max_hp_loss":0,"event_name":"The Cleric","floor":5,"gold_loss":75},{"damage_healed":0,"gold_gain":0,"player_choice":"Ignored","damage_taken":0,"max_hp_gain":0,"max_hp_loss":0,"event_name":"Liars Game","floor":10,"gold_loss":0}],"is_beta":false,"boss_relics":[],"items_purged_floors":[],"is_endless":false,"potions_floor_spawned":[2,6,11],"killed_by":"3 Sentries","ascension_level":20}