{"gold_per_floor":[115,115,126,143,68,68,101,114,114,114,164,164,175,193,193,193],"floor_reached":16,"playtime":517,"items_purged":["Strike_B"],"score":204,"play_id":"b2501ed0-8e7c-4f8c-829c-8603e9b1acfc","local_time":"20181127120306","is_ascension_mode":true,"campfire_choices":[{"data":"Zap","floor":6,"key":"SMITH"},{"floor":10,"key":"REST"},{"data":"Fission","floor":12,"key":"SMITH"},{"data":"Hologram","floor":15,"key":"SMITH"}],"neow_cost":"NONE","seed_source_timestamp":169373389856887,"circlet_count":0,"master_deck":["AscendersBane","Strike_B","Strike_B","Defend_B","Defend_B","Defend_B","Defend_B","Zap+1","Dualcast","Coolheaded","Fission+1","Glacier","Blizzard","Core Surge","Sweeping Beam","Hologram+1","Auto Shields"],"relics":["Cracked Core","Gremlin Horn","Dream Catcher"],"potions_floor_usage":[8,16,16],"damage_taken":[{"damage":9,"enemies":"Small Slimes","floor":1,"turns":3},{"damage":3,"enemies":"Cultist","floor":3,"turns":5},{"damage":0,"enemies":"Jaw Worm","floor":4,"turns":4},{"damage":58,"enemies":"Gremlin Nob","floor":7,"turns":5},{"damage":0,"enemies":"3 Louse","floor":8,"turns":2},{"damage":11,"enemies":"Looter","floor":13,"turns":3},{"damage":0,"enemies":"Blue Slaver","floor":14,"turns":3},{"damage":14,"enemies":"Hexaghost","floor":16,"turns":12}],"seed_played":"-3308239032553471010","potions_obtained":[{"floor":3,"key":"Dexterity Potion"},{"floor":7,"key":"Explosive Potion"},{"floor":14,"key":"SkillPotion"}],"is_trial":false,"path_per_floor":["M","?","M","M","$","R","E","M","T","R","T","R","M","M","R","B"],"character_chosen":"DEFECT","items_purchased":[],"campfire_rested":1,"item_purchase_floors":[],"current_hp_per_floor":[62,62,59,59,59,59,1,1,1,24,24,24,13,13,13,0],"gold":193,"neow_bonus":"TEN_PERCENT_HP_BONUS","is_prod":false,"is_daily":false,"chose_seed":false,"campfire_upgraded":3,"win_rate":0,"timestamp":1543338186,"path_taken":["M","?","M","M","?","R","E","M","T","R","?","R","M","M","R","BOSS"],"build_version":"2018-11-15","purchased_purges":1,"victory":false,"max_hp_per_floor":[78,78,78,78,78,78,78,78,78,78,78,78,78,78,78,78],"card_choices":[{"not_picked":["White Noise","Barrage"],"picked":"Coolheaded","floor":1},{"not_picked":["Storm","Heatsinks"],"picked":"Glacier","floor":3},{"not_picked":["Chaos","Beam Cell"],"picked":"Blizzard","floor":4},{"not_picked":["Recycle","Lockon"],"picked":"Core Surge","floor":7},{"not_picked":["Undo","Steam Power"],"picked":"Sweeping Beam","floor":8},{"not_picked":["Aggregate","Leap"],"picked":"Hologram","floor":13},{"not_picked":["Redo","Turbo"],"picked":"Auto Shields","floor":14}],"player_experience":1164157,"relics_obtained":[{"floor":7,"key":"Gremlin Horn"},{"floor":11,"key":"Dream Catcher"}],"event_choices":[{"damage_healed":0,"gold_gain":0,"cards_transformed":["Strike_B"],"player_choice":"Transformed","damage_taken":0,"max_hp_gain":0,"max_hp_loss":0,"event_name":"Transmorgrifier","floor":2,"gold_loss":0,"cards_obtained":["Fission"]}],"is_beta":false,"boss_relics":[],"items_purged_floors":[5],"is_endless":false,"potions_floor_spawned":[3,7,14],"killed_by":"Hexaghost","ascension_level":20}