{"gold_per_floor":[112,262,9,25,45,45,77,91,118,118,168,168,187,212,212,286,286,304,324,339,339],"floor_reached":21,"playtime":938,"items_purged":["Doubt"],"score":378,"play_id":"9cd42227-83ee-45db-9913-a33622dfa12a","local_time":"20181018162907","is_ascension_mode":true,"campfire_choices":[{"data":"True Grit","floor":6,"key":"SMITH"},{"data":"Rage","floor":10,"key":"SMITH"},{"data":"Bludgeon","floor":12,"key":"SMITH"},{"data":"Pommel Strike","floor":15,"key":"SMITH"}],"neow_cost":"NONE","seed_source_timestamp":695479807208834,"circlet_count":0,"master_deck":["Strike_R","Strike_R","Strike_R","Strike_R","Strike_R","Defend_R","Defend_R","Defend_R","Defend_R","Bash","AscendersBane","Rage+1","Bludgeon+1","True Grit+1","Wild Strike+1","Wild Strike","Pommel Strike+1","Pommel Strike+1","Reaper","Warcry","Juggernaut","Disarm","Havoc","Metallicize"],"relics":["Burning Blood","Pen Nib","Juzu Bracelet","Whetstone","Oddly Smooth Stone","Cursed Key"],"potions_floor_usage":[14,16,20],"damage_taken":[{"damage":13,"enemies":"Jaw Worm","floor":1,"turns":5},{"damage":6,"enemies":"2 Louse","floor":4,"turns":2},{"damage":0,"enemies":"Cultist","floor":5,"turns":3},{"damage":27,"enemies":"3 Sentries","floor":7,"turns":9},{"damage":6,"enemies":"Exordium Wildlife","floor":8,"turns":2},{"damage":9,"enemies":"Red Slaver","floor":13,"turns":5},{"damage":0,"enemies":"Lagavulin","floor":14,"turns":2},{"damage":45,"enemies":"The Guardian","floor":16,"turns":15},{"damage":25,"enemies":"2 Thieves","floor":18,"turns":5},{"damage":37,"enemies":"Spheric Guardian","floor":19,"turns":6},{"damage":12,"enemies":"Chosen and Byrds","floor":20,"turns":6},{"damage":57,"enemies":"Masked Bandits","floor":21,"turns":3}],"seed_played":"-7472480677798506683","potions_obtained":[{"floor":1,"key":"Regen Potion"},{"floor":4,"key":"FearPotion"},{"floor":18,"key":"LiquidBronze"},{"floor":20,"key":"LiquidBronze"}],"is_trial":false,"path_per_floor":["M","?","$","M","M","R","E","M","T","R","?","R","M","E","R","B",null,"M","M","M"],"character_chosen":"IRONCLAD","items_purchased":["Bludgeon","True Grit"],"campfire_rested":0,"item_purchase_floors":[3,3],"current_hp_per_floor":[61,61,61,61,67,67,46,46,46,46,46,46,43,49,49,33,65,54,23,17,0],"gold":339,"neow_bonus":"RANDOM_COMMON_RELIC","is_prod":false,"is_daily":false,"chose_seed":false,"campfire_upgraded":4,"win_rate":0,"timestamp":1539894547,"path_taken":["M","?","$","M","M","R","E","M","T","R","?","R","M","E","R","BOSS","M","M","M","?"],"build_version":"2018-10-11","purchased_purges":1,"victory":false,"max_hp_per_floor":[75,75,75,75,75,75,75,75,75,75,75,75,75,75,75,75,75,75,75,75,75],"card_choices":[{"not_picked":["Cleave","Heavy Blade"],"picked":"Rage","floor":1},{"not_picked":["Iron Wave","Clash"],"picked":"Wild Strike","floor":4},{"not_picked":["Blood for Blood","Flex"],"picked":"Wild Strike","floor":5},{"not_picked":["Clash","Cleave"],"picked":"Pommel Strike","floor":7},{"not_picked":["Infernal Blade","Body Slam"],"picked":"Pommel Strike","floor":8},{"not_picked":["Iron Wave","Clash"],"picked":"Reaper","floor":13},{"not_picked":["Body Slam","Iron Wave"],"picked":"Warcry","floor":14},{"not_picked":["Limit Break","Bludgeon"],"picked":"Juggernaut","floor":16},{"not_picked":["Sword Boomerang","Clash"],"picked":"Disarm","floor":18},{"not_picked":["Sword Boomerang","Clothesline"],"picked":"Havoc","floor":19},{"not_picked":["Wild Strike","Pommel Strike"],"picked":"Metallicize","floor":20}],"player_experience":915845,"relics_obtained":[{"floor":7,"key":"Juzu Bracelet"},{"floor":9,"key":"Whetstone"},{"floor":14,"key":"Oddly Smooth Stone"}],"event_choices":[{"event_name":"Liars Game","player_choice":"agreed","floor":2,"damage_taken":0},{"event_name":"Golden Shrine","player_choice":"Pray","floor":11,"damage_taken":0},{"event_name":"Masked Bandits","player_choice":"Fought Bandits","floor":21,"damage_taken":0}],"is_beta":false,"boss_relics":[{"not_picked":["Ectoplasm","Tiny House"],"picked":"Cursed Key"}],"items_purged_floors":[3],"is_endless":false,"potions_floor_spawned":[1,4,13,18,20],"killed_by":"Masked Bandits","ascension_level":15}