{"gold_per_floor":[113,113,38,38,53,53,53,92,139,139,164,189,228,213],"floor_reached":14,"playtime":448,"items_purged":["Injury"],"score":176,"play_id":"7548263d-9240-46e4-9692-8ab46a81c135","local_time":"20190721141426","is_ascension_mode":true,"campfire_choices":[{"data":"Zap","floor":6,"key":"SMITH"},{"data":"Dualcast","floor":10,"key":"SMITH"}],"neow_cost":"NONE","seed_source_timestamp":79623687428896,"circlet_count":0,"master_deck":["AscendersBane","Strike_B","Strike_B","Defend_B","Defend_B","Defend_B","Defend_B","Zap+1","Dualcast+1","Panacea","Streamline","Cold Snap","Thunder Strike","Auto Shields","Go for the Eyes","Ball Lightning","Defragment"],"relics":["Cracked Core","Golden Idol","Turnip","Centennial Puzzle","Strawberry"],"potions_floor_usage":[13,13],"damage_taken":[{"damage":7,"enemies":"Small Slimes","floor":1,"turns":3},{"damage":2,"enemies":"2 Louse","floor":5,"turns":2},{"damage":14,"enemies":"Gremlin Nob","floor":8,"turns":4},{"damage":0,"enemies":"Cultist","floor":11,"turns":4},{"damage":11,"enemies":"Gremlin Gang","floor":12,"turns":4},{"damage":14,"enemies":"Lagavulin","floor":13,"turns":6},{"damage":16,"enemies":"Exordium Thugs","floor":14,"turns":1}],"seed_played":"-807284195305873897","potions_obtained":[{"floor":5,"key":"SpeedPotion"},{"floor":8,"key":"SpeedPotion"},{"floor":12,"key":"EssenceOfSteel"}],"is_trial":false,"path_per_floor":["M","?","$","?","M","R","?","E","T","R","M","M","E","M"],"character_chosen":"DEFECT","items_purchased":[],"campfire_rested":0,"item_purchase_floors":[],"current_hp_per_floor":[57,57,57,50,48,48,48,34,34,34,34,23,16,0],"gold":213,"neow_bonus":"RANDOM_COLORLESS","is_prod":false,"is_daily":false,"chose_seed":false,"campfire_upgraded":2,"win_rate":0,"timestamp":1563732866,"path_taken":["M","?","$","?","M","R","?","E","T","R","M","M","E","?"],"build_version":"2019-07-17","purchased_purges":1,"victory":false,"max_hp_per_floor":[71,71,71,71,71,71,71,71,71,71,71,71,78,78],"card_choices":[{"not_picked":["Beam Cell","Redo"],"picked":"Streamline","floor":1},{"not_picked":["Hello World","Streamline"],"picked":"Cold Snap","floor":5},{"not_picked":["Lockon","Scrape"],"picked":"Auto Shields","floor":8},{"not_picked":["Barrage","Rebound"],"picked":"Go for the Eyes","floor":11},{"not_picked":["Streamline","Compile Driver"],"picked":"Ball Lightning","floor":12},{"not_picked":["Loop","Beam Cell"],"picked":"Defragment","floor":13}],"player_experience":565866,"relics_obtained":[{"floor":8,"key":"Turnip"},{"floor":9,"key":"Centennial Puzzle"},{"floor":13,"key":"Strawberry"}],"event_choices":[{"damage_healed":0,"gold_gain":0,"player_choice":"Take Wound","damage_taken":0,"relics_obtained":["Golden Idol"],"max_hp_gain":0,"max_hp_loss":0,"event_name":"Golden Idol","floor":2,"gold_loss":0,"cards_obtained":["Injury"]},{"cards_removed":["Strike_B"],"damage_healed":0,"gold_gain":0,"player_choice":"Card Removal","damage_taken":7,"max_hp_gain":0,"max_hp_loss":0,"event_name":"Golden Wing","floor":4,"gold_loss":0},{"damage_healed":0,"gold_gain":0,"cards_transformed":["Strike_B"],"player_choice":"Transformed","damage_taken":0,"max_hp_gain":0,"max_hp_loss":0,"event_name":"Transmorgrifier","floor":7,"gold_loss":0,"cards_obtained":["Thunder Strike"]}],"is_beta":false,"boss_relics":[],"items_purged_floors":[3],"is_endless":false,"potions_floor_spawned":[5,8,12],"killed_by":"Exordium Thugs","ascension_level":16}