{"gold_per_floor":[116,191,82,102,54,82,82,92,92,108,108,126,126,146,146,247,247,266,69,69,69,89,89,89],"floor_reached":24,"playtime":583,"items_purged":["Strike_R"],"score":196,"play_id":"868bdced-cce2-4a93-95fa-9d36fe134d1f","local_time":"20180821215910","is_ascension_mode":false,"campfire_choices":[{"data":"Bash","floor":7,"key":"SMITH"},{"data":"Spot Weakness","floor":11,"key":"SMITH"},{"data":"True Grit","floor":13,"key":"SMITH"},{"data":"Warcry","floor":15,"key":"SMITH"},{"data":"Battle Trance","floor":23,"key":"SMITH"}],"neow_cost":"NONE","seed_source_timestamp":118240939693099,"circlet_count":0,"master_deck":["Strike_R","Strike_R","Strike_R","Strike_R","Defend_R","Defend_R","Defend_R","Defend_R","Bash+1","Warcry+1","Battle Trance+1","Pommel Strike","Clash","Thunderclap","Spot Weakness+1","True Grit+1","Demon Form+1","Warcry","True Grit+1","Writhe","Clothesline"],"relics":["Burning Blood","Matryoshka","Potion Belt","Frozen Egg 2","White Beast Statue","DollysMirror","Bag of Preparation"],"potions_floor_usage":[6,16,18,24],"damage_taken":[{"damage":5,"enemies":"2 Louse","floor":1,"turns":3},{"damage":6,"enemies":"Jaw Worm","floor":4,"turns":3},{"damage":10,"enemies":"Gremlin Nob","floor":6,"turns":3},{"damage":1,"enemies":"Cultist","floor":8,"turns":3},{"damage":9,"enemies":"Blue Slaver","floor":10,"turns":3},{"damage":11,"enemies":"3 Louse","floor":12,"turns":3},{"damage":2,"enemies":"Large Slime","floor":14,"turns":6},{"damage":51,"enemies":"Hexaghost","floor":16,"turns":6},{"damage":33,"enemies":"Shell Parasite","floor":18,"turns":6},{"damage":0,"enemies":"Chosen","floor":22,"turns":4},{"damage":45,"enemies":"Book of Stabbing","floor":24,"turns":5}],"seed_played":"-2939071542023109196","potions_obtained":[{"floor":0,"key":"PowerPotion"},{"floor":0,"key":"Energy Potion"},{"floor":0,"key":"Strength Potion"},{"floor":6,"key":"LiquidBronze"},{"floor":12,"key":"Ancient Potion"},{"floor":18,"key":"AttackPotion"},{"floor":22,"key":"Weak Potion"}],"is_trial":false,"path_per_floor":["M","?","$","M","$","E","R","M","T","M","R","M","R","M","R","B",null,"M","$","?","?","M","R"],"character_chosen":"IRONCLAD","items_purchased":["Battle Trance","Clash","DollysMirror"],"campfire_rested":0,"item_purchase_floors":[3,5,19],"current_hp_per_floor":[80,69,69,69,69,65,65,70,70,67,67,62,62,66,66,21,80,53,53,38,38,44,44,0],"gold":89,"neow_bonus":"THREE_SMALL_POTIONS","is_prod":false,"is_daily":false,"chose_seed":false,"campfire_upgraded":5,"win_rate":0,"timestamp":1534903150,"path_taken":["M","?","$","M","$","E","R","M","T","M","R","M","R","?","R","BOSS","M","$","?","?","M","R","E"],"build_version":"2018-08-16","purchased_purges":1,"victory":false,"max_hp_per_floor":[80,80,80,80,80,80,80,80,80,80,80,80,80,80,80,80,80,80,80,85,85,85,85,85],"card_choices":[{"not_picked":["Hemokinesis","Twin Strike"],"picked":"Warcry","floor":1},{"not_picked":["Perfected Strike","Body Slam"],"picked":"Pommel Strike","floor":4},{"not_picked":["Havoc","Armaments"],"picked":"Thunderclap","floor":6},{"not_picked":["Iron Wave","Anger"],"picked":"Spot Weakness","floor":8},{"not_picked":["Reckless Charge","Perfected Strike","Second Wind"],"picked":"SKIP","floor":10},{"not_picked":["Reckless Charge","Entrench"],"picked":"True Grit","floor":12},{"not_picked":["Anger","Iron Wave","Blood for Blood"],"picked":"SKIP","floor":14},{"not_picked":["Limit Break","Berserk+1"],"picked":"Demon Form+1","floor":16},{"not_picked":["Dropkick","Wild Strike"],"picked":"Warcry","floor":18},{"not_picked":["Entrench","Reckless Charge"],"picked":"Clothesline","floor":22}],"player_experience":534308,"relics_obtained":[{"floor":6,"key":"Matryoshka"},{"floor":9,"key":"Potion Belt"},{"floor":9,"key":"Frozen Egg 2"}],"event_choices":[{"event_name":"World of Goop","player_choice":"Gather Gold","floor":2,"damage_taken":0},{"event_name":"Forgotten Altar","player_choice":"Shed Blood","floor":20,"damage_taken":0},{"event_name":"The Mausoleum","player_choice":"Yes","floor":21,"damage_taken":0}],"is_beta":false,"boss_relics":[{"not_picked":["Runic Pyramid","Pandora\u0027s Box"],"picked":"White Beast Statue"}],"items_purged_floors":[3],"is_endless":false,"potions_floor_spawned":[6,8,12,18,22],"killed_by":"Book of Stabbing","ascension_level":0}