{"gold_per_floor":[117,117,117,132,144,144,154,187,259,290,290,290,308,308,308,383,383,394,208,235,247,263,263,263],"floor_reached":24,"playtime":1266,"items_purged":["Strike_G"],"score":412,"play_id":"e3ebbed3-a484-4e0a-9b02-1292dc912a73","local_time":"20181207111759","is_ascension_mode":true,"campfire_choices":[{"data":"Neutralize","floor":6,"key":"SMITH"},{"floor":11,"key":"REST"},{"floor":15,"key":"REST"},{"floor":23,"key":"REST"}],"neow_cost":"NONE","seed_source_timestamp":88711502040652,"circlet_count":0,"master_deck":["AscendersBane","Defend_G","Defend_G","Defend_G","Defend_G","Defend_G","Strike_G+1","Strike_G","Strike_G","Strike_G+1","Survivor","Neutralize+1","Crippling Poison","Poisoned Stab","Malaise","Bouncing Flask","Night Terror","Dagger Throw","Well Laid Plans","Burst","Backflip","PiercingWail","Deflect","Well Laid Plans","Flechettes"],"relics":["Ring of the Snake","WarpedTongs","Tough Bandages","Mercury Hourglass","Whetstone","CultistMask","Sozu","Red Mask"],"potions_floor_usage":[4,10,16,20],"damage_taken":[{"damage":7,"enemies":"Jaw Worm","floor":1,"turns":8},{"damage":2,"enemies":"2 Louse","floor":4,"turns":2},{"damage":3,"enemies":"Cultist","floor":5,"turns":4},{"damage":2,"enemies":"2 Fungi Beasts","floor":7,"turns":3},{"damage":22,"enemies":"Lagavulin","floor":8,"turns":9},{"damage":43,"enemies":"3 Sentries","floor":10,"turns":10},{"damage":6,"enemies":"Red Slaver","floor":13,"turns":4},{"damage":28,"enemies":"Slime Boss","floor":16,"turns":7},{"damage":0,"enemies":"Chosen","floor":18,"turns":3},{"damage":31,"enemies":"Masked Bandits","floor":20,"turns":6},{"damage":0,"enemies":"3 Byrds","floor":21,"turns":4},{"damage":18,"enemies":"Snake Plant","floor":22,"turns":6},{"damage":29,"enemies":"Gremlin Leader","floor":24,"turns":9}],"seed_played":"-7172097511383587975","potions_obtained":[{"floor":1,"key":"Block Potion"},{"floor":5,"key":"Regen Potion"},{"floor":7,"key":"FearPotion"},{"floor":13,"key":"Ancient Potion"},{"floor":16,"key":"SpeedPotion"}],"is_trial":false,"path_per_floor":["M","?","?","M","M","R","M","E","T","E","R","?","M","?","R","B",null,"M","$","?","M","M","R","E"],"character_chosen":"THE_SILENT","items_purchased":["PiercingWail","Deflect"],"campfire_rested":3,"item_purchase_floors":[19,19],"current_hp_per_floor":[58,58,58,56,53,53,51,29,29,1,22,22,16,16,37,9,56,56,56,25,25,7,28,0],"gold":263,"neow_bonus":"TEN_PERCENT_HP_BONUS","is_prod":false,"is_daily":false,"chose_seed":false,"campfire_upgraded":1,"win_rate":0,"timestamp":1544199479,"path_taken":["M","?","?","M","M","R","?","E","T","E","R","?","?","?","R","BOSS","M","$","?","M","M","R","E"],"build_version":"2018-12-06","purchased_purges":1,"victory":false,"max_hp_per_floor":[72,72,72,72,72,72,72,72,72,72,72,72,72,72,72,72,72,72,72,72,72,72,72,72],"card_choices":[{"not_picked":["Masterful Stab","Escape Plan"],"picked":"Crippling Poison","floor":1},{"not_picked":["Underhanded Strike","Prepared"],"picked":"Poisoned Stab","floor":4},{"not_picked":["Cloak And Dagger","Leg Sweep"],"picked":"Malaise","floor":5},{"not_picked":["Bane","Blade Dance"],"picked":"Bouncing Flask","floor":7},{"not_picked":["PiercingWail","Backflip"],"picked":"Night Terror","floor":8},{"not_picked":["Outmaneuver","Sucker Punch"],"picked":"Dagger Throw","floor":10},{"not_picked":["Setup","Heel Hook"],"picked":"Well Laid Plans","floor":13},{"not_picked":["Bullet Time","Die Die Die"],"picked":"Burst","floor":16},{"not_picked":["Quick Slash","Masterful Stab"],"picked":"Backflip","floor":18},{"not_picked":["Bane","Infinite Blades"],"picked":"Well Laid Plans","floor":20},{"not_picked":["Expertise","Slice"],"picked":"Flechettes","floor":21},{"not_picked":["Prepared","Poisoned Stab","Slice"],"picked":"SKIP","floor":22}],"player_experience":1233521,"relics_obtained":[{"floor":8,"key":"Tough Bandages"},{"floor":9,"key":"Mercury Hourglass"},{"floor":10,"key":"Whetstone"},{"floor":20,"key":"Red Mask"}],"event_choices":[{"damage_healed":0,"gold_gain":0,"player_choice":"Leave","damage_taken":0,"max_hp_gain":0,"max_hp_loss":0,"event_name":"The Cleric","floor":2,"gold_loss":0},{"damage_healed":0,"gold_gain":0,"player_choice":"Rummage","damage_taken":0,"relics_obtained":["WarpedTongs"],"max_hp_gain":0,"max_hp_loss":0,"event_name":"Accursed Blacksmith","floor":3,"gold_loss":0,"cards_obtained":["Pain"]},{"damage_healed":0,"gold_gain":0,"player_choice":"Trade","damage_taken":0,"relics_obtained":["CultistMask"],"max_hp_gain":0,"max_hp_loss":0,"event_name":"FaceTrader","floor":12,"gold_loss":0},{"cards_removed":["Pain"],"damage_healed":0,"gold_gain":0,"player_choice":"Forget","damage_taken":0,"max_hp_gain":0,"max_hp_loss":0,"event_name":"Living Wall","floor":14,"gold_loss":0},{"damage_healed":0,"gold_gain":0,"player_choice":"Fought Bandits","damage_taken":0,"max_hp_gain":0,"max_hp_loss":0,"event_name":"Masked Bandits","floor":20,"gold_loss":0}],"is_beta":false,"boss_relics":[{"not_picked":["HoveringKite","Black Star"],"picked":"Sozu"}],"items_purged_floors":[19],"is_endless":false,"potions_floor_spawned":[1,5,7,13,16,22],"killed_by":"Gremlin Leader","ascension_level":20}