{"gold_per_floor":[116,127,302,105,117,117,145,155,155,155,155,175,125,142,142,216,216,229,229,244,244],"floor_reached":21,"playtime":825,"items_purged":[],"score":299,"play_id":"2f941bba-b2eb-4534-a753-54b827c62902","local_time":"20190706152538","is_ascension_mode":true,"campfire_choices":[{"data":"Shrug It Off","floor":6,"key":"SMITH"},{"floor":10,"key":"REST"},{"data":"Heavy Blade","floor":15,"key":"SMITH"}],"neow_cost":"TEN_PERCENT_HP_LOSS","seed_source_timestamp":5755150990100,"circlet_count":0,"master_deck":["AscendersBane","Strike_R","Strike_R","Strike_R","Strike_R","Strike_R","Defend_R","Defend_R","Defend_R","Defend_R","Bash","Finesse","Purity","Spot Weakness","Shrug It Off+1","Heavy Blade+1","Feel No Pain","Parasite","Flame Barrier","Demon Form"],"relics":["Burning Blood","Oddly Smooth Stone","Ancient Tea Set","Darkstone Periapt","Cursed Key","GremlinMask"],"potions_floor_usage":[7,16,16,21],"damage_taken":[{"damage":6,"enemies":"2 Louse","floor":1,"turns":3},{"damage":16,"enemies":"Small Slimes","floor":2,"turns":5},{"damage":15,"enemies":"Cultist","floor":5,"turns":5},{"damage":46,"enemies":"Gremlin Nob","floor":7,"turns":5},{"damage":8,"enemies":"Blue Slaver","floor":8,"turns":3},{"damage":13,"enemies":"Large Slime","floor":12,"turns":6},{"damage":8,"enemies":"Looter","floor":14,"turns":3},{"damage":41,"enemies":"Slime Boss","floor":16,"turns":12},{"damage":12,"enemies":"Chosen","floor":18,"turns":7},{"damage":21,"enemies":"Shell Parasite","floor":20,"turns":6},{"damage":60,"enemies":"3 Cultists","floor":21,"turns":6}],"seed_played":"-7096950508961249115","potions_obtained":[{"floor":2,"key":"Weak Potion"},{"floor":7,"key":"GamblersBrew"},{"floor":14,"key":"PowerPotion"},{"floor":16,"key":"SkillPotion"}],"is_trial":false,"path_per_floor":["M","M","?","$","M","R","E","M","T","R","?","M","?","M","R","B",null,"M","?","M","M"],"character_chosen":"IRONCLAD","items_purchased":["Oddly Smooth Stone","Shrug It Off"],"campfire_rested":1,"item_purchase_floors":[4,4],"current_hp_per_floor":[72,62,62,62,53,53,13,11,11,32,56,49,49,47,47,12,62,56,56,41,0],"gold":244,"neow_bonus":"RANDOM_COLORLESS_2","is_prod":false,"is_daily":false,"chose_seed":false,"campfire_upgraded":2,"win_rate":0,"timestamp":1562441138,"path_taken":["M","M","?","$","M","R","E","M","T","R","?","M","?","M","R","BOSS","M","?","M","?"],"build_version":"2019-07-05","purchased_purges":0,"victory":false,"max_hp_per_floor":[72,72,72,72,72,72,72,72,72,72,78,78,78,78,78,78,78,78,78,78,78],"card_choices":[{"not_picked":["Rupture","Wild Strike","Evolve"],"picked":"SKIP","floor":1},{"not_picked":["Havoc","Heavy Blade"],"picked":"Spot Weakness","floor":2},{"not_picked":["Sword Boomerang","Thunderclap"],"picked":"Heavy Blade","floor":5},{"not_picked":["Combust","Power Through","Wild Strike"],"picked":"SKIP","floor":7},{"not_picked":["Rage","Barricade"],"picked":"Feel No Pain","floor":8},{"not_picked":["Clothesline","Wild Strike","Entrench"],"picked":"SKIP","floor":12},{"not_picked":["Sword Boomerang","Body Slam"],"picked":"Flame Barrier","floor":14},{"not_picked":["Immolate","Offering"],"picked":"Demon Form","floor":16},{"not_picked":["Rampage+1","Dual Wield","Sword Boomerang"],"picked":"SKIP","floor":18},{"not_picked":["Headbutt","Pommel Strike","Wild Strike"],"picked":"SKIP","floor":20}],"player_experience":449270,"relics_obtained":[{"floor":7,"key":"Ancient Tea Set"},{"floor":9,"key":"Darkstone Periapt"}],"event_choices":[{"damage_healed":0,"gold_gain":175,"player_choice":"AGREE","damage_taken":0,"max_hp_gain":0,"max_hp_loss":0,"event_name":"Liars Game","floor":3,"gold_loss":0,"cards_obtained":["Doubt"]},{"damage_healed":18,"gold_gain":0,"player_choice":"Healed and dodged fight","damage_taken":0,"max_hp_gain":0,"max_hp_loss":0,"event_name":"Mushrooms","floor":11,"gold_loss":0,"cards_obtained":["Parasite"]},{"cards_removed":["Doubt"],"damage_healed":0,"gold_gain":0,"player_choice":"Card Removal","damage_taken":0,"max_hp_gain":0,"max_hp_loss":0,"event_name":"The Cleric","floor":13,"gold_loss":50},{"damage_healed":0,"gold_gain":0,"player_choice":"Trade","damage_taken":0,"relics_obtained":["GremlinMask"],"max_hp_gain":0,"max_hp_loss":0,"event_name":"FaceTrader","floor":19,"gold_loss":0}],"is_beta":false,"boss_relics":[{"not_picked":["Busted Crown","White Beast Statue"],"picked":"Cursed Key"}],"items_purged_floors":[],"is_endless":false,"potions_floor_spawned":[2,7,14,16],"killed_by":"3 Cultists","ascension_level":13}