{"gold_per_floor":[111,129,129,129,129,129,144,158,158,118,118,131,131,155,155,227,227,244,244,258,173,220,220,234,234,234,261,261],"floor_reached":28,"playtime":685,"items_purged":[],"score":384,"play_id":"747e18e4-247f-429a-9b16-85810a4eabe3","local_time":"20190707180711","is_ascension_mode":true,"campfire_choices":[{"floor":6,"key":"DIG"},{"floor":11,"key":"DIG"},{"floor":13,"key":"DIG"},{"floor":15,"key":"REST"},{"floor":23,"key":"DIG"},{"floor":25,"key":"DIG"}],"neow_cost":"TEN_PERCENT_HP_LOSS","seed_source_timestamp":514969912636,"circlet_count":0,"master_deck":["AscendersBane","Strike_B","Strike_B","Defend_B+1","Defend_B","Defend_B+1","Defend_B","Zap+1","Dualcast","Tempest","Cold Snap","Ball Lightning","Steam","Consume","Doom and Gloom","Biased Cognition","Steam+1","Doom and Gloom+1"],"relics":["Cracked Core","Shovel","Mercury Hourglass","Dream Catcher","Bag of Preparation","StoneCalendar","Odd Mushroom","Inserter","Girya","Juzu Bracelet","Symbiotic Virus","Pen Nib","Regal Pillow","Bird Faced Urn"],"potions_floor_usage":[16,16,27,28],"damage_taken":[{"damage":0,"enemies":"Small Slimes","floor":1,"turns":3},{"damage":0,"enemies":"2 Louse","floor":2,"turns":3},{"damage":10,"enemies":"Jaw Worm","floor":7,"turns":2},{"damage":0,"enemies":"Blue Slaver","floor":8,"turns":2},{"damage":0,"enemies":"2 Fungi Beasts","floor":12,"turns":2},{"damage":8,"enemies":"The Mushroom Lair","floor":14,"turns":3},{"damage":11,"enemies":"Hexaghost","floor":16,"turns":7},{"damage":19,"enemies":"2 Thieves","floor":18,"turns":3},{"damage":12,"enemies":"3 Byrds","floor":20,"turns":3},{"damage":4,"enemies":"Cultist and Chosen","floor":24,"turns":6},{"damage":13,"enemies":"Gremlin Leader","floor":27,"turns":5},{"damage":15,"enemies":"Sentry and Sphere","floor":28,"turns":3}],"seed_played":"1555420709982409802","potions_obtained":[{"floor":1,"key":"LiquidBronze"},{"floor":2,"key":"LiquidBronze"},{"floor":24,"key":"Dexterity Potion"},{"floor":27,"key":"EssenceOfSteel"}],"is_trial":false,"path_per_floor":["M","M","?","?","?","R","M","M","T","?","R","M","R","?","R","B",null,"M","?","M","?","T","R","M","R","T","E","M"],"character_chosen":"DEFECT","items_purchased":[],"campfire_rested":1,"item_purchase_floors":[],"current_hp_per_floor":[64,64,64,51,44,44,34,34,34,34,34,34,34,26,45,34,57,38,38,26,26,26,26,22,22,22,9,0],"gold":261,"neow_bonus":"ONE_RARE_RELIC","is_prod":false,"is_daily":false,"chose_seed":false,"campfire_upgraded":0,"win_rate":0,"timestamp":1562537231,"path_taken":["M","M","?","?","?","R","?","M","T","?","R","M","R","?","R","BOSS","M","?","M","?","?","R","M","R","T","E","M"],"build_version":"2019-07-05","purchased_purges":0,"victory":false,"max_hp_per_floor":[64,64,64,64,64,64,64,64,64,64,64,64,64,64,64,64,64,64,64,64,64,64,64,64,64,64,64,64],"card_choices":[{"not_picked":["Melter","Fusion"],"picked":"Tempest","floor":1},{"not_picked":["Barrage","Beam Cell"],"picked":"Cold Snap","floor":2},{"not_picked":["Beam Cell","Barrage"],"picked":"Ball Lightning","floor":7},{"not_picked":["Skim","Streamline"],"picked":"Steam","floor":8},{"not_picked":["Redo","Cold Snap","Fusion"],"picked":"SKIP","floor":12},{"not_picked":["Ball Lightning","Sunder"],"picked":"Consume","floor":14},{"not_picked":["Seek","Leap"],"picked":"Doom and Gloom","floor":15},{"not_picked":["Echo Form","Creative AI"],"picked":"Biased Cognition","floor":16},{"not_picked":["Ball Lightning","Redo","Sweeping Beam"],"picked":"SKIP","floor":18},{"not_picked":["Redo","Conserve Battery"],"picked":"Steam+1","floor":20},{"not_picked":["Consume","Rebound","Gash"],"picked":"SKIP","floor":24},{"not_picked":["Reprogram","Rip and Tear"],"picked":"Doom and Gloom+1","floor":27}],"player_experience":478942,"relics_obtained":[{"floor":6,"key":"Mercury Hourglass"},{"floor":9,"key":"Dream Catcher"},{"floor":11,"key":"Bag of Preparation"},{"floor":13,"key":"StoneCalendar"},{"floor":14,"key":"Odd Mushroom"},{"floor":22,"key":"Juzu Bracelet"},{"floor":23,"key":"Symbiotic Virus"},{"floor":25,"key":"Pen Nib"},{"floor":26,"key":"Regal Pillow"},{"floor":27,"key":"Bird Faced Urn"}],"event_choices":[{"damage_healed":0,"gold_gain":0,"player_choice":"Grow","damage_taken":0,"max_hp_gain":0,"max_hp_loss":0,"event_name":"Living Wall","floor":3,"gold_loss":0,"cards_upgraded":["Zap"]},{"damage_healed":0,"gold_gain":0,"player_choice":"Entered Light","damage_taken":13,"max_hp_gain":0,"max_hp_loss":0,"event_name":"Shining Light","floor":4,"gold_loss":0,"cards_upgraded":["Defend_B","Defend_B"]},{"cards_removed":["Strike_B"],"damage_healed":0,"gold_gain":0,"player_choice":"Card Removal","damage_taken":7,"max_hp_gain":0,"max_hp_loss":0,"event_name":"Golden Wing","floor":5,"gold_loss":0},{"damage_healed":0,"gold_gain":0,"player_choice":"Left Gold","damage_taken":0,"max_hp_gain":0,"max_hp_loss":0,"event_name":"World of Goop","floor":10,"gold_loss":40},{"damage_healed":0,"gold_gain":0,"player_choice":"Fought Mushrooms","damage_taken":0,"max_hp_gain":0,"max_hp_loss":0,"event_name":"Mushrooms","floor":14,"gold_loss":0},{"cards_removed":["Strike_B"],"damage_healed":0,"gold_gain":0,"player_choice":"Elegance","damage_taken":0,"max_hp_gain":0,"max_hp_loss":0,"event_name":"Back to Basics","floor":19,"gold_loss":0},{"damage_healed":0,"gold_gain":0,"player_choice":"Obtained Relic","damage_taken":0,"relics_obtained":["Girya"],"max_hp_gain":0,"max_hp_loss":0,"event_name":"Addict","floor":21,"gold_loss":85}],"is_beta":false,"boss_relics":[{"not_picked":["Philosopher\u0027s Stone","Orrery"],"picked":"Inserter"}],"items_purged_floors":[],"is_endless":false,"potions_floor_spawned":[1,2,12,24,27],"killed_by":"Sentry and Sphere","ascension_level":14}