{"gold_per_floor":[119,130,148,162,162,162,0,0,0,0,0,34,45,57,57,133,133,87,100,134,134,134],"floor_reached":22,"playtime":2169,"items_purged":["Strike_G"],"score":372,"play_id":"6910b3af-77b5-4734-a68d-2bee09c60fff","local_time":"20190119214742","is_ascension_mode":true,"campfire_choices":[{"data":"Wraith Form v2","floor":6,"key":"SMITH"},{"data":"Neutralize","floor":8,"key":"SMITH"},{"floor":11,"key":"REST"},{"floor":15,"key":"REST"}],"neow_cost":"NONE","seed_source_timestamp":34789216689667,"circlet_count":0,"master_deck":["AscendersBane","Defend_G","Defend_G","Defend_G","Defend_G","Defend_G","Strike_G","Strike_G","Strike_G","Survivor","Neutralize+1","Dagger Throw","Wraith Form v2+1","Dodge and Roll","Poisoned Stab","Well Laid Plans","Cloak And Dagger","Deadly Poison","A Thousand Cuts","Calculated Gamble","Crippling Poison","Catalyst"],"relics":["Ring of the Snake","Shuriken","Fusion Hammer","Red Mask"],"potions_floor_usage":[16,16,20],"damage_taken":[{"damage":0,"enemies":"Cultist","floor":1,"turns":4},{"damage":0,"enemies":"2 Louse","floor":2,"turns":3},{"damage":4,"enemies":"Jaw Worm","floor":3,"turns":4},{"damage":47,"enemies":"Large Slime","floor":4,"turns":14},{"damage":16,"enemies":"Lagavulin","floor":12,"turns":7},{"damage":5,"enemies":"3 Louse","floor":13,"turns":5},{"damage":1,"enemies":"Looter","floor":14,"turns":4},{"damage":11,"enemies":"The Guardian","floor":16,"turns":12},{"damage":17,"enemies":"2 Thieves","floor":18,"turns":5},{"damage":13,"enemies":"Shell Parasite","floor":19,"turns":6},{"damage":9,"enemies":"Masked Bandits","floor":20,"turns":5},{"damage":9,"enemies":"Colosseum Slavers","floor":21,"turns":5},{"damage":18,"enemies":"Centurion and Healer","floor":22,"turns":2}],"seed_played":"-887806932860863067","potions_obtained":[{"floor":1,"key":"Strength Potion"},{"floor":12,"key":"SkillPotion"},{"floor":13,"key":"GhostInAJar"},{"floor":16,"key":"Swift Potion"},{"floor":18,"key":"AttackPotion"},{"floor":20,"key":"Explosive Potion"}],"is_trial":false,"path_per_floor":["M","M","M","M","?","R","$","R","T","?","R","E","M","M","R","B",null,"M","M","?","?","M"],"character_chosen":"THE_SILENT","items_purchased":["Well Laid Plans"],"campfire_rested":2,"item_purchase_floors":[7],"current_hp_per_floor":[65,65,61,14,14,14,14,14,14,7,28,12,7,6,27,16,58,41,28,19,10,0],"gold":134,"neow_bonus":"TEN_PERCENT_HP_BONUS","is_prod":false,"is_daily":false,"chose_seed":false,"campfire_upgraded":2,"win_rate":0,"timestamp":1547952462,"path_taken":["M","M","M","?","?","R","?","R","T","?","R","E","M","M","R","BOSS","M","M","?","?","M"],"build_version":"2019-01-17v2","purchased_purges":1,"victory":false,"max_hp_per_floor":[72,72,72,72,72,72,72,72,72,72,72,72,72,72,72,72,72,72,72,72,72,72],"card_choices":[{"not_picked":["Calculated Gamble","Prepared"],"picked":"Dagger Throw","floor":1},{"not_picked":["Bane","Dagger Spray"],"picked":"Wraith Form v2","floor":2},{"not_picked":["Acrobatics","Expertise"],"picked":"Dodge and Roll","floor":3},{"not_picked":["Choke","Sucker Punch"],"picked":"Poisoned Stab","floor":4},{"not_picked":["Venomology","Deflect"],"picked":"Cloak And Dagger","floor":12},{"not_picked":["Bane","Heel Hook","Acrobatics"],"picked":"SKIP","floor":13},{"not_picked":["Sucker Punch","Slice"],"picked":"Deadly Poison","floor":14},{"not_picked":["Phantasmal Killer","Tools of the Trade"],"picked":"A Thousand Cuts","floor":16},{"not_picked":["Cloak And Dagger","Slice"],"picked":"Calculated Gamble","floor":18},{"not_picked":["Masterful Stab","Expertise"],"picked":"Crippling Poison","floor":19},{"not_picked":["Cloak And Dagger","Prepared"],"picked":"Catalyst","floor":20}],"player_experience":1341991,"relics_obtained":[{"floor":9,"key":"Shuriken"},{"floor":20,"key":"Red Mask"}],"event_choices":[{"damage_healed":0,"gold_gain":0,"player_choice":"Ignored","damage_taken":0,"max_hp_gain":0,"max_hp_loss":0,"event_name":"Shining Light","floor":5,"gold_loss":0},{"cards_removed":["Strike_G"],"damage_healed":0,"gold_gain":0,"player_choice":"Card Removal","damage_taken":7,"max_hp_gain":0,"max_hp_loss":0,"event_name":"Golden Wing","floor":10,"gold_loss":0},{"damage_healed":0,"gold_gain":0,"player_choice":"Fought Bandits","damage_taken":0,"max_hp_gain":0,"max_hp_loss":0,"event_name":"Masked Bandits","floor":20,"gold_loss":0},{"damage_healed":0,"gold_gain":0,"player_choice":"Fight","damage_taken":0,"max_hp_gain":0,"max_hp_loss":0,"event_name":"Colosseum","floor":21,"gold_loss":0},{"damage_healed":0,"gold_gain":0,"player_choice":"Fled From Nobs","damage_taken":0,"max_hp_gain":0,"max_hp_loss":0,"event_name":"Colosseum","floor":21,"gold_loss":0}],"is_beta":false,"boss_relics":[{"not_picked":["Ring of the Serpent","Orrery"],"picked":"Fusion Hammer"}],"items_purged_floors":[7],"is_endless":false,"potions_floor_spawned":[1,12,13,16,18,20,21],"killed_by":"Centurion and Healer","ascension_level":20}