{"gold_per_floor":[113,388,405,405,480,480,64,64,64,64,64,93,107,119,119,193,193,205,225,239,251,35,60,75,75,123,123,142,171,90,106,106,180,180,198,198,213,232,232,232,257,3,3,3,3,3],"floor_reached":46,"playtime":2381,"items_purged":["Strike_G","Strike_G","Strike_G"],"score":1126,"play_id":"e1cdc1ff-f90e-460e-8aa2-5cba9c8cc5ac","local_time":"20190509202651","is_ascension_mode":true,"campfire_choices":[{"data":"Neutralize","floor":6.0,"key":"SMITH"},{"data":"Cloak And Dagger","floor":8.0,"key":"SMITH"},{"data":"Quick Slash","floor":11.0,"key":"SMITH"},{"data":"Noxious Fumes","floor":15.0,"key":"SMITH"},{"data":"Footwork","floor":25.0,"key":"SMITH"},{"floor":27.0,"key":"REST"},{"data":"Footwork","floor":32.0,"key":"SMITH"},{"floor":40.0,"key":"RECALL"},{"floor":44,"key":"REST"}],"neow_cost":"NONE","seed_source_timestamp":441595198710898,"circlet_count":0,"master_deck":["AscendersBane","Defend_G","Defend_G","Defend_G","Defend_G","Defend_G","Strike_G","Survivor","Cloak And Dagger+1","Quick Slash+1","Cloak And Dagger+1","Leg Sweep+1","Noxious Fumes+1","Malaise+1","Deadly Poison+1","Blur+1","Night Terror+1","Catalyst+1","Footwork+1","Acrobatics+1","Backflip+1","Choke+1","Footwork+1","Malaise+1","The Bomb+1","PiercingWail+1","Deadly Poison+1","Acrobatics+1","Leg Sweep+1","Well Laid Plans"],"special_seed":0,"relics":["Ring of the Snake","NeowsBlessing","Toxic Egg 2","Sundial","Boot","Snecko Eye","Gremlin Horn","Anchor","Juzu Bracelet","Black Star","Girya","Kunai","Paper Crane"],"potions_floor_usage":[],"damage_taken":[{"damage":0.0,"enemies":"Jaw Worm","floor":1.0,"turns":1.0},{"damage":0.0,"enemies":"Cultist","floor":3.0,"turns":1.0},{"damage":0.0,"enemies":"3 Sentries","floor":12.0,"turns":1.0},{"damage":0.0,"enemies":"Small Slimes","floor":13.0,"turns":3.0},{"damage":0.0,"enemies":"2 Fungi Beasts","floor":14.0,"turns":3.0},{"damage":16.0,"enemies":"The Guardian","floor":16.0,"turns":13.0},{"damage":4.0,"enemies":"Chosen","floor":18.0,"turns":6.0},{"damage":4.0,"enemies":"Shell Parasite","floor":19.0,"turns":6.0},{"damage":0.0,"enemies":"Snecko","floor":20.0,"turns":7.0},{"damage":0.0,"enemies":"Centurion and Healer","floor":21.0,"turns":9.0},{"damage":1.0,"enemies":"Book of Stabbing","floor":23.0,"turns":8.0},{"damage":12.0,"enemies":"Chosen and Byrds","floor":24.0,"turns":6.0},{"damage":14.0,"enemies":"Snecko","floor":28.0,"turns":4.0},{"damage":0.0,"enemies":"Slavers","floor":29.0,"turns":5.0},{"damage":2.0,"enemies":"Shelled Parasite and Fungi","floor":31.0,"turns":4.0},{"damage":20.0,"enemies":"Champ","floor":33.0,"turns":7.0},{"damage":0.0,"enemies":"3 Shapes","floor":35.0,"turns":5.0},{"damage":0.0,"enemies":"Orb Walker","floor":37.0,"turns":3.0},{"damage":0.0,"enemies":"3 Darklings","floor":38.0,"turns":6.0},{"damage":36.0,"enemies":"Giant Head","floor":41.0,"turns":8.0},{"damage":35,"enemies":"Reptomancer","floor":46,"turns":2}],"seed_played":"-413751631664470718","potions_obtained":[{"floor":3.0,"key":"FearPotion"},{"floor":16.0,"key":"GamblersBrew"},{"floor":18.0,"key":"Energy Potion"},{"floor":19.0,"key":"SteroidPotion"},{"floor":21.0,"key":"GhostInAJar"},{"floor":33.0,"key":"LiquidBronze"},{"floor":41.0,"key":"FearPotion"}],"is_trial":false,"path_per_floor":["M","?","M","?","?","R","$","R","T","?","R","E","M","M","R","B",null,"M","M","M","M","$","E","M","R","T","R","M","E","$","M","R","B",null,"M","?","M","M","?","R","E","$","T","R","?","E"],"character_chosen":"THE_SILENT","items_purchased":["Toxic Egg 2","Cloak And Dagger+1","Catalyst+1","Footwork","Footwork","Leg Sweep+1","Well Laid Plans"],"campfire_rested":2,"item_purchase_floors":[7,7,22,22,30,42,42],"current_hp_per_floor":[59,59,59,52,41,41,41,41,41,41,41,41,41,41,41,25,56,52,48,48,48,48,47,35,35,35,54,40,40,40,38,38,18,54,54,44,44,44,44,44,8,8,8,27,27,0],"gold":3,"neow_bonus":"THREE_ENEMY_KILL","is_prod":false,"is_daily":false,"chose_seed":false,"campfire_upgraded":6,"win_rate":0,"timestamp":1557448011,"path_taken":["M","?","?","?","?","R","$","R","T","?","R","E","M","M","R","BOSS","M","?","M","M","$","E","M","R","T","R","M","E","$","M","R","BOSS","M","?","M","M","?","R","E","$","T","R","?","E"],"build_version":"2019-01-23","purchased_purges":3,"victory":false,"max_hp_per_floor":[66,66,66,66,66,66,66,66,66,66,66,66,66,66,66,66,66,66,66,66,66,66,66,66,66,66,66,66,66,66,66,66,66,66,66,66,66,66,66,66,66,66,66,66,66,66],"card_choices":[{"not_picked":["Slice","Dagger Spray"],"picked":"Cloak And Dagger","floor":1.0},{"not_picked":["Poisoned Stab","Deflect"],"picked":"Quick Slash","floor":3.0},{"not_picked":["Underhanded Strike","Concentrate+1","Storm of Steel+1"],"picked":"SKIP","floor":12.0},{"not_picked":["Slice","Backflip+1"],"picked":"Leg Sweep+1","floor":13.0},{"not_picked":["Calculated Gamble+1","Underhanded Strike"],"picked":"Noxious Fumes","floor":14.0},{"not_picked":["Phantasmal Killer+1","A Thousand Cuts"],"picked":"Malaise+1","floor":16.0},{"not_picked":["Sucker Punch","Dodge and Roll+1"],"picked":"Deadly Poison+1","floor":18.0},{"not_picked":["Quick Slash","Backstab"],"picked":"Blur+1","floor":19.0},{"not_picked":["Backflip+1","Sucker Punch"],"picked":"Night Terror+1","floor":20.0},{"not_picked":["Backstab","Dagger Spray","Accuracy"],"picked":"SKIP","floor":21.0},{"not_picked":["Underhanded Strike+1","Cloak And Dagger+1"],"picked":"Acrobatics+1","floor":23.0},{"not_picked":["Infinite Blades","Masterful Stab"],"picked":"Backflip+1","floor":24.0},{"not_picked":["Dagger Spray","Riddle With Holes"],"picked":"Choke+1","floor":28.0},{"not_picked":["Storm of Steel+1","Caltrops","Quick Slash"],"picked":"SKIP","floor":29.0},{"not_picked":["Dodge and Roll+1","Finisher","Blade Dance+1"],"picked":"SKIP","floor":31.0},{"not_picked":["Venomology+1","Adrenaline+1"],"picked":"Malaise+1","floor":33.0},{"not_picked":["Poisoned Stab+1","Deflect+1","Sucker Punch+1"],"picked":"SKIP","floor":35.0},{"not_picked":["Enlightenment+1","Dark Shackles+1"],"picked":"The Bomb+1","floor":36.0},{"not_picked":["Poisoned Stab","Underhanded Strike"],"picked":"PiercingWail+1","floor":37.0},{"not_picked":["Poisoned Stab","Infinite Blades"],"picked":"Deadly Poison+1","floor":38.0},{"not_picked":["Cloak And Dagger+1","Deadly Poison+1"],"picked":"Acrobatics+1","floor":41.0}],"player_experience":1388460,"relics_obtained":[{"floor":9.0,"key":"Sundial"},{"floor":12.0,"key":"Boot"},{"floor":23.0,"key":"Gremlin Horn"},{"floor":26.0,"key":"Anchor"},{"floor":29.0,"key":"Juzu Bracelet"},{"floor":39.0,"key":"Girya"},{"floor":41.0,"key":"Kunai"},{"floor":41.0,"key":"Paper Crane"}],"event_choices":[{"damage_healed":0.0,"max_hp_gain":0.0,"max_hp_loss":0.0,"gold_gain":275.0,"event_name":"Golden Shrine","player_choice":"Desecrate","floor":2.0,"gold_loss":0.0,"damage_taken":0.0,"cards_obtained":["Regret"]},{"cards_removed":["Regret"],"damage_healed":0.0,"max_hp_gain":0.0,"max_hp_loss":0.0,"gold_gain":0.0,"event_name":"Golden Wing","player_choice":"Card Removal","floor":4.0,"gold_loss":0.0,"damage_taken":7.0},{"damage_healed":0.0,"max_hp_gain":0.0,"max_hp_loss":0.0,"gold_gain":75.0,"event_name":"World of Goop","player_choice":"Gather Gold","floor":5.0,"gold_loss":0.0,"damage_taken":11.0},{"cards_removed":["Strike_G"],"damage_healed":0.0,"max_hp_gain":0.0,"max_hp_loss":0.0,"gold_gain":0.0,"event_name":"Purifier","player_choice":"Purged","floor":10.0,"gold_loss":0.0,"damage_taken":0.0},{"damage_healed":0.0,"max_hp_gain":0.0,"max_hp_loss":0.0,"gold_gain":0.0,"event_name":"SensoryStone","player_choice":"Memory 3","floor":36.0,"gold_loss":0.0,"damage_taken":10.0},{"damage_healed":0.0,"max_hp_gain":0.0,"max_hp_loss":0.0,"gold_gain":0.0,"event_name":"Wheel of Change","player_choice":"Relic","floor":39.0,"gold_loss":0.0,"damage_taken":0.0},{"cards_removed":["Neutralize"],"damage_healed":0,"gold_gain":0,"player_choice":"Removed Attack","damage_taken":0,"max_hp_gain":0,"max_hp_loss":0,"event_name":"Falling","floor":45,"gold_loss":0}],"is_beta":false,"boss_relics":[{"not_picked":["Orrery","HoveringKite"],"picked":"Snecko Eye"},{"not_picked":["Runic Dome","Pandora\u0027s Box"],"picked":"Black Star"}],"items_purged_floors":[7,22,42],"is_endless":false,"potions_floor_spawned":[3,16,18,19,21,24,33,38,41],"killed_by":"Reptomancer","ascension_level":20}