{"gold_per_floor":[110,71,91,101,114,114,139,139,139,139,214,214,314,328,328,328],"floor_reached":16,"playtime":702,"items_purged":[],"score":105,"play_id":"481a8c5e-0430-44cd-97bb-f54a5a27314b","local_time":"20190711044829","is_ascension_mode":true,"campfire_choices":[{"floor":6,"key":"RECALL"},{"floor":8,"key":"REST"},{"floor":15,"key":"REST"}],"neow_cost":"NONE","seed_source_timestamp":85764332389470,"circlet_count":0,"master_deck":["Strike_R","Strike_R","Strike_R","Strike_R","Strike_R","Defend_R","Defend_R","Defend_R","Defend_R","Bash","Rampage","Spot Weakness","Inflame","Spot Weakness","True Grit","Clothesline","Shrug It Off","Twin Strike"],"relics":["Burning Blood","Orichalcum","Golden Idol"],"potions_floor_usage":[16],"damage_taken":[{"damage":5,"enemies":"Cultist","floor":1,"turns":4},{"damage":7,"enemies":"Small Slimes","floor":3,"turns":3},{"damage":2,"enemies":"2 Louse","floor":4,"turns":3},{"damage":24,"enemies":"2 Fungi Beasts","floor":5,"turns":5},{"damage":46,"enemies":"3 Sentries","floor":7,"turns":7},{"damage":16,"enemies":"3 Louse","floor":14,"turns":3},{"damage":38,"enemies":"Slime Boss","floor":16,"turns":6}],"seed_played":"-1169327160635620436","potions_obtained":[{"floor":1,"key":"Swift Potion"},{"floor":7,"key":"SpeedPotion"}],"is_trial":false,"path_per_floor":["M","$","M","M","M","R","E","R","T","?","?","?","?","M","R","B"],"character_chosen":"IRONCLAD","items_purchased":["Inflame"],"campfire_rested":2,"item_purchase_floors":[2],"current_hp_per_floor":[80,80,79,80,62,62,22,46,46,26,15,20,20,10,35,0],"gold":328,"neow_bonus":"THREE_CARDS","is_prod":false,"is_daily":false,"chose_seed":false,"campfire_upgraded":0,"win_rate":0,"timestamp":1562845709,"path_taken":["M","?","M","M","M","R","E","R","T","?","?","?","?","M","R","BOSS"],"build_version":"2019-07-05","purchased_purges":0,"victory":false,"max_hp_per_floor":[80,80,80,80,80,80,80,80,80,80,80,85,85,85,85,85],"card_choices":[{"not_picked":["Inflame","Feel No Pain"],"picked":"Rampage","floor":0},{"not_picked":["Intimidate","Flame Barrier"],"picked":"Spot Weakness","floor":1},{"not_picked":["Iron Wave","Thunderclap"],"picked":"Spot Weakness","floor":3},{"not_picked":["Clash","Thunderclap"],"picked":"True Grit","floor":4},{"not_picked":["Juggernaut","Second Wind"],"picked":"Clothesline","floor":5},{"not_picked":["Offering","Hemokinesis"],"picked":"Shrug It Off","floor":7},{"not_picked":["Sever Soul","Body Slam"],"picked":"Twin Strike","floor":14}],"player_experience":267532,"relics_obtained":[{"floor":7,"key":"Orichalcum"}],"event_choices":[{"damage_healed":0,"gold_gain":0,"player_choice":"Take Damage","damage_taken":20,"relics_obtained":["Golden Idol"],"max_hp_gain":0,"max_hp_loss":0,"event_name":"Golden Idol","floor":10,"gold_loss":0},{"damage_healed":0,"gold_gain":75,"player_choice":"Gather Gold","damage_taken":11,"max_hp_gain":0,"max_hp_loss":0,"event_name":"World of Goop","floor":11,"gold_loss":0},{"damage_healed":0,"gold_gain":0,"player_choice":"Donut","damage_taken":0,"max_hp_gain":5,"max_hp_loss":0,"event_name":"Big Fish","floor":12,"gold_loss":0},{"damage_healed":0,"gold_gain":100,"player_choice":"Pray","damage_taken":0,"max_hp_gain":0,"max_hp_loss":0,"event_name":"Golden Shrine","floor":13,"gold_loss":0}],"is_beta":false,"boss_relics":[],"items_purged_floors":[],"is_endless":false,"potions_floor_spawned":[1,7],"killed_by":"Slime Boss","ascension_level":1}