{"gold_per_floor":[16,16,16,16,16,16,16,37,118,26,26,40,59,90,90,209,209,232,232,246,269,4,4,20,20,20,36,49,49,64,114,114,235,235,255,255,0,13,13,47,67,67],"floor_reached":42,"playtime":4835,"items_purged":[],"score":478,"play_id":"27ac7648-7007-40e9-b204-19f4831aa4ea","local_time":"20190628194135","is_ascension_mode":false,"campfire_choices":[{"floor":6,"key":"REST"},{"data":"Iron Wave","floor":11,"key":"SMITH"},{"floor":15,"key":"REST"},{"floor":23,"key":"REST"},{"floor":25,"key":"REST"},{"floor":32,"key":"REST"}],"neow_cost":"NO_GOLD","seed_source_timestamp":533779682720630,"circlet_count":0,"master_deck":["Strike_R","Defend_R","Defend_R","Defend_R","Bash","Body Slam","Iron Wave+1","Armaments+1","Bandage Up+1","Feed","Shrug It Off+1","Iron Wave","Impervious+1","Rage+1","Clash+1","Rupture","Perfected Strike","Body Slam+1","Cleave","Pummel","Pommel Strike","Corruption+1","Rampage","Flame Barrier+1","Barricade","Offering+1","Armaments+1","Burning Pact+1","Anger","Madness+1","Sword Boomerang+1","Flame Barrier+1","Twin Strike+1"],"relics":["Black Blood","Calipers","Golden Idol","Toxic Egg 2","Bottled Lightning","Torii","Dream Catcher","Pen Nib","Astrolabe","Red Mask","Frozen Egg 2"],"potions_floor_usage":[16,16,18,21,24,30,30,33,42,42],"damage_taken":[{"damage":6,"enemies":"Jaw Worm","floor":1,"turns":3},{"damage":14,"enemies":"Small Slimes","floor":8,"turns":4},{"damage":4,"enemies":"2 Louse","floor":12,"turns":3},{"damage":2,"enemies":"2 Fungi Beasts","floor":13,"turns":5},{"damage":59,"enemies":"Lagavulin","floor":14,"turns":13},{"damage":53,"enemies":"Hexaghost","floor":16,"turns":14},{"damage":32,"enemies":"Spheric Guardian","floor":18,"turns":8},{"damage":43,"enemies":"Shell Parasite","floor":20,"turns":12},{"damage":1,"enemies":"Snake Plant","floor":21,"turns":5},{"damage":82,"enemies":"Snecko","floor":24,"turns":14},{"damage":42,"enemies":"Chosen and Byrds","floor":27,"turns":9},{"damage":2,"enemies":"Centurion and Healer","floor":28,"turns":7},{"damage":27,"enemies":"Sentry and Sphere","floor":30,"turns":4},{"damage":94,"enemies":"Champ","floor":33,"turns":12},{"damage":36,"enemies":"3 Darklings","floor":35,"turns":7},{"damage":44,"enemies":"3 Shapes","floor":38,"turns":5},{"damage":13,"enemies":"Nemesis","floor":40,"turns":7},{"damage":44,"enemies":"Sphere and 2 Shapes","floor":41,"turns":5},{"damage":107,"enemies":"Reptomancer","floor":42,"turns":3}],"seed_played":"-8705208767022375096","potions_obtained":[{"floor":8,"key":"GamblersBrew"},{"floor":13,"key":"Fire Potion"},{"floor":14,"key":"EssenceOfSteel"},{"floor":16,"key":"FearPotion"},{"floor":20,"key":"EssenceOfSteel"},{"floor":27,"key":"Energy Potion"},{"floor":28,"key":"Regen Potion"},{"floor":30,"key":"Strength Potion"},{"floor":35,"key":"EssenceOfSteel"},{"floor":40,"key":"Poison Potion"},{"floor":41,"key":"SteroidPotion"}],"is_trial":false,"path_per_floor":["M","?","?","?","?","R","?","M","T","$","R","M","M","E","R","B",null,"M","?","M","M","$","R","M","R","T","M","M","?","M","?","R","B",null,"M","?","?","M","?","E","M","E"],"character_chosen":"IRONCLAD","items_purchased":["Bandage Up+1","BloodPotion","Dream Catcher","Perfected Strike"],"campfire_rested":5,"item_purchase_floors":[10,22,22,22],"current_hp_per_floor":[80,85,64,64,61,85,85,77,77,77,77,85,88,45,72,35,96,77,77,54,69,69,99,44,75,75,49,66,66,67,67,99,21,109,83,69,69,35,109,109,81,0],"gold":67,"neow_bonus":"ONE_RARE_RELIC","is_prod":false,"is_daily":false,"chose_seed":false,"campfire_upgraded":1,"win_rate":0.0,"timestamp":1561776095,"path_taken":["M","?","?","?","?","R","?","M","T","?","R","M","M","E","R","BOSS","M","?","?","M","?","R","M","R","T","M","M","?","?","?","R","BOSS","M","?","?","M","?","E","M","E"],"build_version":"2019-01-23","purchased_purges":0,"victory":false,"max_hp_per_floor":[80,85,85,85,85,85,85,85,85,85,85,85,88,92,92,96,96,99,99,103,103,103,103,106,106,106,106,109,109,109,109,109,109,109,109,109,109,109,109,109,109,109],"card_choices":[{"not_picked":["Sword Boomerang","Clash"],"picked":"Body Slam","floor":1},{"not_picked":["Perfected Strike","Flex+1"],"picked":"Armaments+1","floor":8},{"not_picked":["Seeing Red+1","Flex+1"],"picked":"Feed","floor":12},{"not_picked":["Anger","Rampage"],"picked":"Shrug It Off+1","floor":13},{"not_picked":["Cleave","Perfected Strike"],"picked":"Iron Wave","floor":14},{"not_picked":["Demon Form","Dark Embrace"],"picked":"Impervious+1","floor":16},{"not_picked":["Disarm+1","Power Through+1"],"picked":"Rage+1","floor":18},{"not_picked":["Iron Wave","Infernal Blade+1"],"picked":"Clash+1","floor":20},{"not_picked":["Anger","Headbutt+1"],"picked":"Rupture","floor":21},{"not_picked":["Cleave","Perfected Strike"],"picked":"Body Slam+1","floor":23},{"not_picked":["Warcry+1","Body Slam"],"picked":"Cleave","floor":24},{"not_picked":["Brutality","Shrug It Off+1"],"picked":"Pummel","floor":25},{"not_picked":["Flex+1","Second Wind+1"],"picked":"Pommel Strike","floor":27},{"not_picked":["Perfected Strike+1","Shrug It Off+1"],"picked":"Corruption+1","floor":28},{"not_picked":["Dual Wield+1","Sever Soul"],"picked":"Rampage","floor":30},{"not_picked":["Pommel Strike","Shrug It Off+1"],"picked":"Flame Barrier+1","floor":32},{"not_picked":["Dark Embrace","Bludgeon"],"picked":"Barricade","floor":33},{"not_picked":["Carnage","Flex+1"],"picked":"Anger","floor":35},{"not_picked":["Cleave","Headbutt"],"picked":"Sword Boomerang+1","floor":38},{"not_picked":["Shockwave+1","True Grit+1"],"picked":"Flame Barrier+1","floor":40},{"not_picked":["Sword Boomerang+1","Shockwave+1"],"picked":"Twin Strike+1","floor":41}],"player_experience":2173,"relics_obtained":[{"floor":9,"key":"Bottled Lightning"},{"floor":14,"key":"Torii"},{"floor":26,"key":"Pen Nib"},{"floor":40,"key":"Frozen Egg 2"}],"event_choices":[{"damage_healed":0,"gold_gain":0,"player_choice":"Donut","damage_taken":0,"max_hp_gain":5,"max_hp_loss":0,"event_name":"Big Fish","floor":2,"gold_loss":0},{"damage_healed":0,"gold_gain":0,"player_choice":"Take Damage","damage_taken":21,"relics_obtained":["Golden Idol"],"max_hp_gain":0,"max_hp_loss":0,"event_name":"Golden Idol","floor":3,"gold_loss":0},{"damage_healed":0,"gold_gain":0,"cards_transformed":["Defend_R"],"player_choice":"Change","damage_taken":0,"max_hp_gain":0,"max_hp_loss":0,"event_name":"Living Wall","floor":4,"gold_loss":0,"cards_obtained":["Iron Wave"]},{"damage_healed":0,"gold_gain":0,"player_choice":"Success","damage_taken":3,"relics_obtained":["Toxic Egg 2"],"max_hp_gain":0,"max_hp_loss":0,"event_name":"Scrap Ooze","floor":5,"gold_loss":0},{"damage_healed":0,"gold_gain":0,"player_choice":"Leave","damage_taken":0,"max_hp_gain":0,"max_hp_loss":0,"event_name":"The Cleric","floor":7,"gold_loss":0},{"cards_removed":["Strike_R"],"damage_healed":0,"gold_gain":0,"player_choice":"Purged","damage_taken":0,"max_hp_gain":0,"max_hp_loss":0,"event_name":"Purifier","floor":19,"gold_loss":0},{"damage_healed":0,"gold_gain":0,"player_choice":"Ignored","damage_taken":0,"max_hp_gain":0,"max_hp_loss":0,"event_name":"WeMeetAgain","floor":29,"gold_loss":0},{"damage_healed":0,"gold_gain":100,"player_choice":"Bet on Murderer","damage_taken":0,"max_hp_gain":0,"max_hp_loss":0,"event_name":"The Joust","floor":31,"gold_loss":50},{"damage_healed":0,"gold_gain":0,"player_choice":"Embrace Madness","damage_taken":14,"max_hp_gain":0,"max_hp_loss":0,"event_name":"Winding Halls","floor":36,"gold_loss":0,"cards_obtained":["Madness","Madness"]},{"damage_healed":0,"gold_gain":0,"player_choice":"Paid","damage_taken":0,"relics_obtained":["Red Mask"],"max_hp_gain":0,"max_hp_loss":0,"event_name":"Tomb of Lord Red Mask","floor":37,"gold_loss":255},{"cards_removed":["Madness"],"damage_healed":74,"gold_gain":0,"player_choice":"Offered Uncommon","damage_taken":0,"max_hp_gain":0,"max_hp_loss":0,"event_name":"Bonfire Elementals","floor":39,"gold_loss":0}],"is_beta":false,"boss_relics":[{"not_picked":["Black Star","Calling Bell"],"picked":"Black Blood"},{"not_picked":["Velvet Choker","Empty Cage"],"picked":"Astrolabe"}],"items_purged_floors":[],"is_endless":false,"potions_floor_spawned":[8,13,14,16,20,27,28,30,35,40,41],"killed_by":"Reptomancer","ascension_level":0}