{"gold_per_floor":[114,125,125,143,162,162,177,211,237,237,306,306],"floor_reached":12,"playtime":714,"items_purged":[],"score":80,"play_id":"6f309955-9a5c-4bb0-ac57-70d1c26c4180","local_time":"20190628222157","is_ascension_mode":false,"campfire_choices":[{"data":"Armaments","floor":6,"key":"SMITH"},{"floor":10,"key":"REST"}],"neow_cost":"PERCENT_DAMAGE","seed_source_timestamp":547521066272473,"circlet_count":0,"master_deck":["Strike_R","Strike_R","Strike_R","Strike_R","Strike_R","Defend_R","Defend_R","Bash","Reckless Charge","Sword Boomerang","Iron Wave","Armaments+1","Injury","Iron Wave","Pommel Strike","Flex","Cleave","Rage"],"relics":["Burning Blood","Golden Idol","Mummified Hand","Juzu Bracelet","Bag of Preparation"],"potions_floor_usage":[2],"damage_taken":[{"damage":7,"enemies":"2 Louse","floor":1,"turns":3},{"damage":3,"enemies":"Jaw Worm","floor":2,"turns":3},{"damage":7,"enemies":"Small Slimes","floor":4,"turns":3},{"damage":5,"enemies":"Looter","floor":5,"turns":3},{"damage":12,"enemies":"Exordium Thugs","floor":7,"turns":4},{"damage":38,"enemies":"Gremlin Nob","floor":8,"turns":5},{"damage":43,"enemies":"Lagavulin Event","floor":11,"turns":6},{"damage":12,"enemies":"Exordium Wildlife","floor":12,"turns":3}],"seed_played":"949624912196833691","potions_obtained":[{"floor":1,"key":"LiquidBronze"},{"floor":5,"key":"SkillPotion"}],"is_trial":false,"path_per_floor":["M","M","?","M","M","R","M","E","T","R","?","M"],"character_chosen":"IRONCLAD","items_purchased":[],"campfire_rested":1,"item_purchase_floors":[],"current_hp_per_floor":[55,58,58,57,58,58,52,20,20,44,7,0],"gold":306,"neow_bonus":"TRANSFORM_TWO_CARDS","is_prod":false,"is_daily":false,"chose_seed":false,"campfire_upgraded":1,"win_rate":0.0,"timestamp":1561785717,"path_taken":["M","M","?","M","M","R","M","E","T","R","?","M"],"build_version":"2019-01-23","purchased_purges":0,"victory":false,"max_hp_per_floor":[80,80,80,80,80,80,80,80,80,80,80,80],"card_choices":[{"not_picked":["Pummel","Pommel Strike"],"picked":"Iron Wave","floor":1},{"not_picked":["Headbutt","Rupture"],"picked":"Armaments","floor":2},{"not_picked":["Anger","Rupture"],"picked":"Iron Wave","floor":4},{"not_picked":["Searing Blow","Uppercut"],"picked":"Pommel Strike","floor":5},{"not_picked":["Combust","Headbutt"],"picked":"Flex","floor":7},{"not_picked":["Fiend Fire","Pummel"],"picked":"Cleave","floor":8},{"not_picked":["Shrug It Off","Dropkick"],"picked":"Rage","floor":11}],"player_experience":15773,"relics_obtained":[{"floor":8,"key":"Mummified Hand"},{"floor":9,"key":"Juzu Bracelet"}],"event_choices":[{"damage_healed":0,"gold_gain":0,"player_choice":"Take Wound","damage_taken":0,"relics_obtained":["Golden Idol"],"max_hp_gain":0,"max_hp_loss":0,"event_name":"Golden Idol","floor":3,"gold_loss":0,"cards_obtained":["Injury"]},{"damage_healed":0,"gold_gain":0,"player_choice":"Searched \u00273\u0027 times","damage_taken":0,"relics_obtained":["Bag of Preparation"],"max_hp_gain":0,"max_hp_loss":0,"event_name":"Dead Adventurer","floor":11,"gold_loss":0}],"is_beta":false,"boss_relics":[],"items_purged_floors":[],"is_endless":false,"potions_floor_spawned":[1,5],"killed_by":"Exordium Wildlife","ascension_level":0}