{"gold_per_floor":[112,12,87,98,98,133,133,152,177,177,62,62,75,118,118,208,208,229,229,279,292,102,136,136,136],"floor_reached":25,"playtime":942,"items_purged":["Strike_R","Bite"],"score":466,"play_id":"19ab5109-40c2-4f72-ae63-7666eadd0f49","local_time":"20181018210001","is_ascension_mode":true,"campfire_choices":[{"data":"Flame Barrier","floor":7,"key":"SMITH"},{"data":"Bash","floor":10,"key":"SMITH"},{"data":"Double Tap","floor":15,"key":"SMITH"},{"floor":24,"key":"REST"}],"neow_cost":"NONE","seed_source_timestamp":2713828324967,"circlet_count":0,"master_deck":["Defend_R","Defend_R","Defend_R","Defend_R","Bash+1","AscendersBane","Flame Barrier+1","Shrug It Off","Warcry","Sword Boomerang","Double Tap+1","Dropkick","Clothesline","Shrug It Off","Demon Form","Whirlwind","Bite","Bite","Bite","Bite","Madness","Sword Boomerang"],"special_seed":0,"relics":["Burning Blood","NeowsBlessing","Lantern","Anchor","Golden Idol","Bag of Preparation","Fusion Hammer","Ancient Tea Set"],"potions_floor_usage":[14,25],"damage_taken":[{"damage":0,"enemies":"Cultist","floor":1,"turns":1},{"damage":0,"enemies":"Jaw Worm","floor":4,"turns":1},{"damage":0,"enemies":"Gremlin Nob","floor":6,"turns":1},{"damage":0,"enemies":"2 Louse","floor":8,"turns":3},{"damage":1,"enemies":"2 Fungi Beasts","floor":13,"turns":3},{"damage":20,"enemies":"3 Sentries","floor":14,"turns":9},{"damage":42,"enemies":"Hexaghost","floor":16,"turns":14},{"damage":0,"enemies":"3 Byrds","floor":18,"turns":2},{"damage":0,"enemies":"Chosen","floor":21,"turns":3},{"damage":49,"enemies":"Slavers","floor":23,"turns":11},{"damage":43,"enemies":"Book of Stabbing","floor":25,"turns":4}],"seed_played":"5164707813963880931","potions_obtained":[{"floor":4,"key":"Ancient Potion"},{"floor":8,"key":"Swift Potion"},{"floor":13,"key":"Poison Potion"},{"floor":23,"key":"Explosive Potion"}],"is_trial":false,"path_per_floor":["M","$","?","M","?","E","R","M","T","R","$","?","M","E","R","B",null,"M","?","?","M","$","E","R"],"character_chosen":"IRONCLAD","items_purchased":["Shrug It Off","Dropkick","Clothesline","Madness"],"campfire_rested":1,"item_purchase_floors":[2,11,11,22],"current_hp_per_floor":[74,74,63,69,46,52,52,58,58,58,58,58,63,49,49,13,54,60,47,47,47,47,18,32,0],"gold":136,"neow_bonus":"THREE_ENEMY_KILL","is_prod":false,"is_daily":false,"chose_seed":false,"campfire_upgraded":3,"win_rate":0,"timestamp":1539910801,"path_taken":["M","$","?","M","?","E","R","M","T","R","$","?","M","E","R","BOSS","M","?","?","M","$","E","R","E"],"build_version":"2018-10-11","purchased_purges":2,"victory":false,"max_hp_per_floor":[75,75,75,75,75,75,75,75,75,75,75,68,68,68,68,68,68,68,47,47,47,47,47,47,47],"card_choices":[{"not_picked":["Perfected Strike","Flex"],"picked":"Flame Barrier","floor":1},{"not_picked":["Flex","Fire Breathing"],"picked":"Warcry","floor":4},{"not_picked":["Havoc","Clash"],"picked":"Sword Boomerang","floor":6},{"not_picked":["Hemokinesis","Armaments"],"picked":"Double Tap","floor":8},{"not_picked":["Dual Wield","Pummel","Clothesline"],"picked":"SKIP","floor":13},{"not_picked":["Dual Wield","Pummel","Clothesline"],"picked":"SKIP","floor":13},{"not_picked":["Anger","Inflame"],"picked":"Shrug It Off","floor":14},{"not_picked":["Dark Embrace","Impervious"],"picked":"Demon Form","floor":16},{"not_picked":["Havoc","Seeing Red"],"picked":"Whirlwind","floor":18},{"not_picked":["Iron Wave","Disarm","Fire Breathing"],"picked":"SKIP","floor":21},{"not_picked":["Flex","Rage"],"picked":"Sword Boomerang","floor":23}],"player_experience":921658,"relics_obtained":[{"floor":6,"key":"Lantern"},{"floor":9,"key":"Anchor"},{"floor":14,"key":"Bag of Preparation"},{"floor":23,"key":"Ancient Tea Set"}],"event_choices":[{"event_name":"World of Goop","player_choice":"Gather Gold","floor":3,"damage_taken":0},{"event_name":"Shining Light","player_choice":"Entered Light","floor":5,"damage_taken":0},{"event_name":"Golden Idol","player_choice":"Lose Max HP","floor":12,"damage_taken":0},{"event_name":"Vampires","player_choice":"Became a vampire","floor":19,"damage_taken":0},{"event_name":"Nest","player_choice":"Stole From Cult","floor":20,"damage_taken":0}],"is_beta":false,"boss_relics":[{"not_picked":["Mark of Pain","Black Star"],"picked":"Fusion Hammer"}],"items_purged_floors":[2,22],"is_endless":false,"potions_floor_spawned":[4,8,13,23],"killed_by":"Book of Stabbing","ascension_level":15}