{"gold_per_floor":[115,115,115,40,40,70,70,97,97,109,109,2,2,14,14,85,85,99,149,69,69,86,421,447,447,472,472,486,511,528,539,539,539],"floor_reached":33,"playtime":1297,"items_purged":["Strike_R"],"score":682,"play_id":"e021645c-359b-4210-9560-d76f5783e1d1","local_time":"20181117124614","is_ascension_mode":true,"campfire_choices":[{"data":"True Grit","floor":11,"key":"SMITH"},{"data":"Bash","floor":13,"key":"SMITH"},{"data":"Fiend Fire","floor":15,"key":"SMITH"},{"data":"Bludgeon","floor":25,"key":"SMITH"},{"data":"Disarm","floor":27,"key":"SMITH"},{"floor":32,"key":"REST"}],"neow_cost":"NONE","seed_source_timestamp":261399048737405,"circlet_count":0,"master_deck":["AscendersBane","Strike_R","Strike_R","Strike_R","Defend_R","Defend_R","Defend_R","Defend_R","Bash+1","True Grit+1","Bludgeon+1","Fiend Fire+1","Disarm+1","Flash of Steel+1","Headbutt+1","Feed+1","Shockwave","Offering","Warcry","Intimidate+1","Corruption","Warcry","Armaments+1","Pommel Strike+1","Shrug It Off"],"relics":["Burning Blood","NeowsBlessing","Art of War","Omamori","WarpedTongs","Dream Catcher","Molten Egg 2","Velvet Choker","Old Coin","Happy Flower","Centennial Puzzle","Bag of Marbles"],"potions_floor_usage":[16,23,23,30,31],"damage_taken":[{"damage":0,"enemies":"Jaw Worm","floor":1,"turns":1},{"damage":0,"enemies":"Lagavulin","floor":6,"turns":2},{"damage":0,"enemies":"3 Sentries","floor":8,"turns":2},{"damage":1,"enemies":"2 Louse","floor":10,"turns":3},{"damage":0,"enemies":"Small Slimes","floor":14,"turns":2},{"damage":18,"enemies":"Slime Boss","floor":16,"turns":9},{"damage":0,"enemies":"3 Byrds","floor":18,"turns":7},{"damage":14,"enemies":"2 Thieves","floor":22,"turns":2},{"damage":34,"enemies":"Gremlin Leader","floor":23,"turns":6},{"damage":20,"enemies":"Shelled Parasite and Fungi","floor":28,"turns":8},{"damage":30,"enemies":"Slavers","floor":29,"turns":5},{"damage":0,"enemies":"Cultist and Chosen","floor":30,"turns":5},{"damage":10,"enemies":"Snake Plant","floor":31,"turns":4},{"damage":71,"enemies":"Collector","floor":33,"turns":8}],"seed_played":"-2455560284212323864","potions_obtained":[{"floor":6,"key":"SkillPotion"},{"floor":8,"key":"PowerPotion"},{"floor":14,"key":"PowerPotion"},{"floor":18,"key":"LiquidBronze"},{"floor":28,"key":"Regen Potion"},{"floor":30,"key":"SkillPotion"}],"is_trial":false,"path_per_floor":["M","?","?","$","?","E","?","E","T","M","R","$","R","M","R","B",null,"M","?","$","?","M","E","T","R","T","R","M","E","M","M","R","B"],"character_chosen":"IRONCLAD","items_purchased":["Flash of Steel+1","Offering"],"campfire_rested":1,"item_purchase_floors":[12,20],"current_hp_per_floor":[74,79,61,61,54,60,60,66,66,71,71,71,71,77,77,65,76,84,84,84,84,76,52,52,52,52,52,42,18,38,34,61,0],"gold":539,"neow_bonus":"THREE_ENEMY_KILL","is_prod":false,"is_daily":false,"chose_seed":false,"campfire_upgraded":5,"win_rate":0,"timestamp":1542476774,"path_taken":["M","?","?","?","?","E","?","E","T","?","R","$","R","?","R","BOSS","M","?","?","?","M","E","?","R","T","R","M","E","?","M","R","BOSS"],"build_version":"2018-11-15","purchased_purges":1,"victory":false,"max_hp_per_floor":[75,80,80,80,80,80,80,80,80,80,80,80,80,80,80,80,80,84,84,84,84,84,88,88,88,88,88,92,92,92,92,92,92],"card_choices":[{"not_picked":["Heavy Blade","Warcry"],"picked":"True Grit","floor":1},{"not_picked":["Combust","Iron Wave"],"picked":"Bludgeon","floor":6},{"not_picked":["Warcry","Seeing Red"],"picked":"Fiend Fire","floor":8},{"not_picked":["Second Wind","Warcry"],"picked":"Disarm","floor":10},{"not_picked":["Bloodletting","Infernal Blade"],"picked":"Headbutt+1","floor":14},{"not_picked":["Offering","Dark Embrace"],"picked":"Feed+1","floor":16},{"not_picked":["Sentinel","Cleave+1"],"picked":"Shockwave","floor":18},{"not_picked":["Clash+1","Second Wind"],"picked":"Warcry","floor":22},{"not_picked":["Heavy Blade+1","Battle Trance"],"picked":"Intimidate+1","floor":23},{"not_picked":["Evolve","Armaments"],"picked":"Corruption","floor":28},{"not_picked":["Fire Breathing","Iron Wave+1"],"picked":"Warcry","floor":29},{"not_picked":["Rupture","True Grit"],"picked":"Armaments+1","floor":30},{"not_picked":["Havoc","Burning Pact"],"picked":"Pommel Strike+1","floor":31},{"not_picked":["Spot Weakness","Rage"],"picked":"Shrug It Off","floor":32}],"player_experience":1084854,"relics_obtained":[{"floor":6,"key":"Omamori"},{"floor":8,"key":"Dream Catcher"},{"floor":9,"key":"Molten Egg 2"},{"floor":23,"key":"Old Coin"},{"floor":24,"key":"Happy Flower"},{"floor":26,"key":"Centennial Puzzle"},{"floor":29,"key":"Bag of Marbles"}],"event_choices":[{"damage_healed":0,"gold_gain":0,"player_choice":"Donut","damage_taken":0,"max_hp_gain":5,"max_hp_loss":0,"event_name":"Big Fish","floor":2,"gold_loss":0},{"damage_healed":0,"gold_gain":0,"player_choice":"Success","damage_taken":18,"relics_obtained":["Art of War"],"max_hp_gain":0,"max_hp_loss":0,"event_name":"Scrap Ooze","floor":3,"gold_loss":0},{"cards_removed":["Strike_R"],"damage_healed":0,"gold_gain":0,"player_choice":"Card Removal","damage_taken":7,"max_hp_gain":0,"max_hp_loss":0,"event_name":"Golden Wing","floor":5,"gold_loss":0},{"damage_healed":0,"gold_gain":0,"player_choice":"Rummage","damage_taken":0,"relics_obtained":["WarpedTongs"],"max_hp_gain":0,"max_hp_loss":0,"event_name":"Accursed Blacksmith","floor":7,"gold_loss":0,"cards_obtained":["Pain"]},{"damage_healed":0,"gold_gain":100,"player_choice":"Bet on Murderer","damage_taken":0,"max_hp_gain":0,"max_hp_loss":0,"event_name":"The Joust","floor":19,"gold_loss":50},{"damage_healed":0,"gold_gain":0,"player_choice":"Ignored","damage_taken":0,"max_hp_gain":0,"max_hp_loss":0,"event_name":"Beggar","floor":21,"gold_loss":0}],"is_beta":false,"boss_relics":[{"not_picked":["Sozu","Astrolabe"],"picked":"Velvet Choker"}],"items_purged_floors":[4],"is_endless":false,"potions_floor_spawned":[6,8,14,18,28,30],"killed_by":"Collector","ascension_level":20}