{"gold_per_floor":[109,125,125,139,139,139,171,186,216,216,233,233,247,277,277,353,353,371,25,75,89,107,141,141,175,198,198,213,232,232,263,263,263],"floor_reached":33,"playtime":1189,"items_purged":["Setup"],"score":594,"play_id":"aa79043e-6df0-4bec-9de9-732c68ec8a2c","local_time":"20190514233655","is_ascension_mode":true,"campfire_choices":[{"data":"Dagger Spray","floor":6,"key":"SMITH"},{"data":"Poisoned Stab","floor":10,"key":"SMITH"},{"data":"Glass Knife","floor":12,"key":"SMITH"},{"data":"Noxious Fumes","floor":15,"key":"SMITH"},{"floor":24,"key":"REST"},{"floor":27,"key":"REST"},{"floor":32,"key":"RECALL"}],"neow_cost":"NONE","seed_source_timestamp":886220196304808,"circlet_count":0,"master_deck":["AscendersBane","Defend_G","Defend_G","Defend_G","Defend_G","Defend_G","Strike_G+1","Strike_G","Strike_G","Strike_G","Strike_G","Survivor","Neutralize+1","Poisoned Stab+1","Dagger Spray+1","Glass Knife+1","PiercingWail","Predator","Noxious Fumes+1","After Image","Deflect","Catalyst","After Image","Deflect+1","PiercingWail+1","Cloak And Dagger+1"],"relics":["Ring of the Snake","PreservedInsect","Blood Vial","Tiny Chest","Pantograph","Fusion Hammer","Singing Bowl","Whetstone","Toxic Egg 2","Bronze Scales","Lantern","Red Mask"],"potions_floor_usage":[7,7,16,22,23,33,33],"damage_taken":[{"damage":5,"enemies":"Small Slimes","floor":1,"turns":6},{"damage":17,"enemies":"Cultist","floor":2,"turns":6},{"damage":3,"enemies":"Jaw Worm","floor":4,"turns":5},{"damage":7,"enemies":"Lagavulin","floor":7,"turns":6},{"damage":0,"enemies":"2 Fungi Beasts","floor":8,"turns":2},{"damage":8,"enemies":"Exordium Wildlife","floor":11,"turns":6},{"damage":0,"enemies":"Large Slime","floor":13,"turns":4},{"damage":17,"enemies":"3 Sentries","floor":14,"turns":4},{"damage":18,"enemies":"Slime Boss","floor":16,"turns":8},{"damage":7,"enemies":"Chosen","floor":18,"turns":5},{"damage":7,"enemies":"Shell Parasite","floor":21,"turns":6},{"damage":3,"enemies":"Snecko","floor":22,"turns":5},{"damage":32,"enemies":"Book of Stabbing","floor":23,"turns":5},{"damage":22,"enemies":"Slavers","floor":25,"turns":5},{"damage":20,"enemies":"Snake Plant","floor":28,"turns":3},{"damage":0,"enemies":"Centurion and Healer","floor":29,"turns":5},{"damage":12,"enemies":"Masked Bandits","floor":31,"turns":3},{"damage":52,"enemies":"Automaton","floor":33,"turns":10}],"seed_played":"-4295556851099597558","potions_obtained":[{"floor":1,"key":"Explosive Potion"},{"floor":2,"key":"Weak Potion"},{"floor":14,"key":"FearPotion"},{"floor":16,"key":"Block Potion"},{"floor":22,"key":"Energy Potion"},{"floor":25,"key":"PowerPotion"},{"floor":28,"key":"Energy Potion"}],"is_trial":false,"path_per_floor":["M","M","?","M","?","R","E","M","T","R","M","R","M","E","R","B",null,"M","$","?","M","M","E","R","E","T","R","M","M","T","?","R","B"],"character_chosen":"THE_SILENT","items_purchased":["Singing Bowl"],"campfire_rested":2,"item_purchase_floors":[19],"current_hp_per_floor":[54,37,42,39,39,39,32,34,34,34,28,28,30,15,15,24,59,54,54,54,49,48,18,39,19,19,40,22,26,26,16,16,0],"gold":263,"neow_bonus":"RANDOM_COMMON_RELIC","is_prod":false,"is_daily":false,"chose_seed":false,"campfire_upgraded":4,"win_rate":0,"timestamp":1557891415,"path_taken":["M","M","?","M","?","R","E","M","T","R","M","R","M","E","R","BOSS","M","?","?","M","M","E","R","E","T","R","M","M","?","?","R","BOSS"],"build_version":"2019-01-23","purchased_purges":1,"victory":false,"max_hp_per_floor":[66,66,71,71,71,71,71,71,71,71,71,71,71,71,71,71,71,71,71,71,71,71,71,71,71,71,71,71,73,73,73,73,73],"card_choices":[{"not_picked":["Accuracy","Underhanded Strike","Blade Dance"],"picked":"SKIP","floor":1},{"not_picked":["Dagger Throw","Cloak And Dagger"],"picked":"Poisoned Stab","floor":2},{"not_picked":["Backflip","Flying Knee"],"picked":"Dagger Spray","floor":4},{"not_picked":["Tactician","Escape Plan"],"picked":"Glass Knife","floor":7},{"not_picked":["Acrobatics","Dash"],"picked":"PiercingWail","floor":8},{"not_picked":["Outmaneuver","Slice"],"picked":"Predator","floor":11},{"not_picked":["Prepared","Quick Slash"],"picked":"Noxious Fumes","floor":13},{"not_picked":["Dagger Throw","Blade Dance","Dagger Spray"],"picked":"SKIP","floor":14},{"not_picked":["Bullet Time","A Thousand Cuts"],"picked":"After Image","floor":16},{"not_picked":["Sucker Punch","Slice","Heel Hook+1"],"picked":"SKIP","floor":18},{"not_picked":["Eviscerate+1","Sucker Punch+1"],"picked":"Deflect","floor":21},{"not_picked":["Backstab","Escape Plan"],"picked":"Catalyst","floor":22},{"not_picked":["Crippling Poison","Backstab"],"picked":"After Image","floor":23},{"not_picked":["Deadly Poison","Outmaneuver"],"picked":"Deflect+1","floor":25},{"not_picked":["Tactician+1","Deflect+1"],"picked":"PiercingWail+1","floor":28},{"not_picked":["Tactician+1","Deadly Poison+1","Sucker Punch"],"picked":"Singing Bowl","floor":29},{"not_picked":["Flechettes","Deflect+1"],"picked":"Cloak And Dagger+1","floor":31}],"player_experience":1406679,"relics_obtained":[{"floor":7,"key":"Blood Vial"},{"floor":9,"key":"Tiny Chest"},{"floor":14,"key":"Pantograph"},{"floor":23,"key":"Whetstone"},{"floor":25,"key":"Toxic Egg 2"},{"floor":26,"key":"Bronze Scales"},{"floor":30,"key":"Lantern"},{"floor":31,"key":"Red Mask"}],"event_choices":[{"damage_healed":0,"gold_gain":0,"player_choice":"Donut","damage_taken":0,"max_hp_gain":5,"max_hp_loss":0,"event_name":"Big Fish","floor":3,"gold_loss":0},{"damage_healed":0,"gold_gain":0,"player_choice":"1 cards matched","damage_taken":0,"max_hp_gain":0,"max_hp_loss":0,"event_name":"Match and Keep!","floor":5,"gold_loss":0,"cards_obtained":["Setup"]},{"damage_healed":0,"gold_gain":50,"player_choice":"Stole From Cult","damage_taken":0,"max_hp_gain":0,"max_hp_loss":0,"event_name":"Nest","floor":20,"gold_loss":0},{"damage_healed":0,"gold_gain":0,"player_choice":"Fought Bandits","damage_taken":0,"max_hp_gain":0,"max_hp_loss":0,"event_name":"Masked Bandits","floor":31,"gold_loss":0}],"is_beta":false,"boss_relics":[{"not_picked":["WristBlade","Tiny House"],"picked":"Fusion Hammer"}],"items_purged_floors":[19],"is_endless":false,"potions_floor_spawned":[1,2,14,16,22,25,28],"killed_by":"Automaton","ascension_level":20}