{"gold_per_floor":[113,126,126,28,44,44,67,67,91,91,91,104,104,139,139,217,217,232,251,351,351,351,367,379,379,403,422,11,25,25,42,42,119,119,129,178,178,194,122,122,0,0,73,73,83,83,118,136,136,136],"floor_reached":50,"playtime":1810,"items_purged":["Strike_G","Normality"],"score":873,"play_id":"96972aaf-8844-4700-a5c5-17426b9dc744","local_time":"20181005105916","is_ascension_mode":true,"campfire_choices":[{"data":"Dagger Spray","floor":6.0,"key":"SMITH"},{"data":"Sucker Punch","floor":8.0,"key":"SMITH"},{"data":"Dagger Spray","floor":11.0,"key":"SMITH"},{"data":"Cloak And Dagger","floor":13.0,"key":"SMITH"},{"data":"Cloak And Dagger","floor":15.0,"key":"SMITH"},{"data":"A Thousand Cuts","floor":25.0,"key":"SMITH"},{"data":"Blade Dance","floor":30.0,"key":"SMITH"},{"data":"Storm of Steel","floor":32.0,"key":"SMITH"},{"data":"Footwork","floor":40.0,"key":"SMITH"},{"data":"Wraith Form v2","floor":42.0,"key":"SMITH"},{"data":"Bullet Time","floor":44.0,"key":"SMITH"},{"data":"Adrenaline","floor":46.0,"key":"SMITH"},{"data":"Cloak And Dagger","floor":49.0,"key":"SMITH"}],"neow_cost":"NONE","seed_source_timestamp":1176114132310116,"circlet_count":0,"master_deck":["Defend_G","Defend_G","Defend_G","Defend_G","Defend_G","Strike_G","Strike_G","Survivor","Neutralize+1","AscendersBane","Dagger Spray+1","Quick Slash","Dagger Spray+1","Dodge and Roll","Sucker Punch+1","Cloak And Dagger+1","Cloak And Dagger+1","Adrenaline+1","Sucker Punch+1","Backstab","Poisoned Stab","Finisher","Concentrate+1","Infinite Blades","Blade Dance+1","Storm of Steel+1","Wraith Form v2+1","Cloak And Dagger+1","Cloak And Dagger+1","Backflip","Bullet Time+1","Footwork+1","Injury","Blade Dance+1","Backflip+1","Heel Hook","Cloak And Dagger+1"],"special_seed":0,"relics":["Ring of the Snake","Odd Mushroom","Bag of Preparation","Pen Nib","Shuriken","Cursed Key","StoneCalendar","Bottled Flame","Strawberry","ClockworkSouvenir","Coffee Dripper","Prayer Wheel","Red Mask","Meat on the Bone","Happy Flower"],"potions_floor_usage":[50,50],"damage_taken":[{"damage":1.0,"enemies":"Cultist","floor":1.0,"turns":4.0},{"damage":1.0,"enemies":"Jaw Worm","floor":2.0,"turns":6.0},{"damage":4.0,"enemies":"2 Louse","floor":5.0,"turns":3.0},{"damage":3.0,"enemies":"The Mushroom Lair","floor":7.0,"turns":3.0},{"damage":3.0,"enemies":"Looter","floor":12.0,"turns":3.0},{"damage":7.0,"enemies":"Lagavulin","floor":14.0,"turns":6.0},{"damage":10.0,"enemies":"The Guardian","floor":16.0,"turns":11.0},{"damage":0.0,"enemies":"Shell Parasite","floor":18.0,"turns":3.0},{"damage":0.0,"enemies":"Spheric Guardian","floor":19.0,"turns":3.0},{"damage":0.0,"enemies":"Colosseum Slavers","floor":20.0,"turns":3.0},{"damage":0.0,"enemies":"Colosseum Nobs","floor":20.0,"turns":3.0},{"damage":26.0,"enemies":"Snake Plant","floor":23.0,"turns":5.0},{"damage":0.0,"enemies":"Centurion and Healer","floor":24.0,"turns":3.0},{"damage":1.0,"enemies":"Sentry and Sphere","floor":27.0,"turns":3.0},{"damage":4.0,"enemies":"Cultist and Chosen","floor":29.0,"turns":4.0},{"damage":0.0,"enemies":"3 Cultists","floor":31.0,"turns":3.0},{"damage":44.0,"enemies":"Automaton","floor":33.0,"turns":7.0},{"damage":0.0,"enemies":"3 Darklings","floor":35.0,"turns":2.0},{"damage":1.0,"enemies":"Mysterious Sphere","floor":36.0,"turns":2.0},{"damage":0.0,"enemies":"Orb Walker","floor":38.0,"turns":1.0},{"damage":18.0,"enemies":"Reptomancer","floor":45.0,"turns":5.0},{"damage":13.0,"enemies":"2 Orb Walkers","floor":47.0,"turns":5.0},{"damage":14.0,"enemies":"Maw","floor":48.0,"turns":7.0},{"damage":47,"enemies":"Donu and Deca","floor":50,"turns":5}],"seed_played":"-6177007435549875461","potions_obtained":[{"floor":0.0,"key":"Fruit Juice"},{"floor":0.0,"key":"SpeedPotion"},{"floor":1.0,"key":"Weak Potion"},{"floor":16.0,"key":"Strength Potion"},{"floor":18.0,"key":"FearPotion"},{"floor":23.0,"key":"Swift Potion"},{"floor":24.0,"key":"AttackPotion"},{"floor":36.0,"key":"Weak Potion"},{"floor":45.0,"key":"Regen Potion"},{"floor":47.0,"key":"Fire Potion"},{"floor":48.0,"key":"Weak Potion"}],"is_trial":false,"path_per_floor":["M","M","?","$","M","R","?","R","T","T","R","M","R","E","R","B",null,"M","M","?","?","?","M","M","R","T","M","$","M","R","M","R","B",null,"M","?","?","M","$","R","?","R","T","R","M","R","E","M","R"],"character_chosen":"THE_SILENT","items_purchased":["Dagger Spray","ClockworkSouvenir","Infinite Blades","Regen Potion","Footwork"],"campfire_rested":0,"item_purchase_floors":[4,28,28,28,39],"current_hp_per_floor":[63,62,62,62,58,58,55,55,55,55,55,52,52,45,45,35,62,62,62,62,62,62,36,36,36,43,42,42,38,38,38,38,9,61,61,60,60,60,60,60,60,60,60,60,42,42,41,41,41,0],"gold":136,"neow_bonus":"THREE_SMALL_POTIONS","is_prod":false,"is_daily":false,"chose_seed":false,"campfire_upgraded":13,"win_rate":0,"timestamp":1538751556,"path_taken":["M","M","?","$","M","R","?","R","T","?","R","M","R","E","R","BOSS","M","?","?","?","?","M","?","R","T","M","$","M","R","?","R","BOSS","M","?","?","M","$","R","?","R","T","R","M","R","E","M","R","BOSS"],"build_version":"2018-10-04","purchased_purges":2,"victory":false,"max_hp_per_floor":[71,71,71,71,71,71,71,71,71,71,71,71,71,71,71,71,71,71,71,71,71,71,71,71,71,78,78,78,78,78,78,78,78,78,78,78,78,78,78,78,78,78,78,78,78,78,78,78,78,78],"card_choices":[{"not_picked":["Dagger Throw","Sucker Punch"],"picked":"Dagger Spray","floor":1.0},{"not_picked":["Backflip","Dodge and Roll"],"picked":"Quick Slash","floor":2.0},{"not_picked":["Endless Agony","Sucker Punch"],"picked":"Dodge and Roll","floor":5.0},{"not_picked":["Endless Agony","Outmaneuver"],"picked":"Sucker Punch","floor":7.0},{"not_picked":["Expertise","Poisoned Stab"],"picked":"Cloak And Dagger","floor":12.0},{"not_picked":["Catalyst","A Thousand Cuts"],"picked":"Cloak And Dagger","floor":14.0},{"not_picked":["A Thousand Cuts","Night Terror"],"picked":"Adrenaline","floor":16.0},{"not_picked":["Heel Hook","Deflect"],"picked":"Sucker Punch+1","floor":18.0},{"not_picked":["Outmaneuver+1","PiercingWail"],"picked":"Backstab","floor":19.0},{"not_picked":["Tactician","Skewer"],"picked":"A Thousand Cuts","floor":20.0},{"not_picked":["Deadly Poison","Dagger Spray","Slice"],"picked":"SKIP","floor":23.0},{"not_picked":["Dagger Throw","Predator"],"picked":"Concentrate+1","floor":24.0},{"not_picked":["Bouncing Flask","Outmaneuver","Dodge and Roll"],"picked":"SKIP","floor":27.0},{"not_picked":["Bouncing Flask","Outmaneuver","Dodge and Roll"],"picked":"SKIP","floor":27.0},{"not_picked":["Dagger Spray","All Out Attack"],"picked":"Blade Dance","floor":29.0},{"not_picked":["Quick Slash","Distraction"],"picked":"Storm of Steel","floor":31.0},{"not_picked":["Corpse Explosion","Phantasmal Killer"],"picked":"Wraith Form v2","floor":33.0},{"not_picked":["Poisoned Stab","Backstab"],"picked":"Cloak And Dagger+1","floor":35.0},{"not_picked":["Slice","Deadly Poison+1"],"picked":"Cloak And Dagger+1","floor":36.0},{"not_picked":["Expertise","Sucker Punch"],"picked":"Backflip","floor":38.0},{"not_picked":["Slice","Reflex+1"],"picked":"Bullet Time","floor":38.0},{"not_picked":["Flechettes","Dodge and Roll"],"picked":"Blade Dance+1","floor":45.0},{"not_picked":["Riddle With Holes","Underhanded Strike"],"picked":"Backflip+1","floor":45.0},{"not_picked":["Concentrate","Blade Dance"],"picked":"Heel Hook","floor":47.0},{"not_picked":["Quick Slash+1","Underhanded Strike"],"picked":"Cloak And Dagger","floor":48.0},{"not_picked":["Dagger Spray","Prepared","Blade Dance"],"picked":"SKIP","floor":48.0}],"player_experience":811661,"relics_obtained":[{"floor":7.0,"key":"Odd Mushroom"},{"floor":9.0,"key":"Bag of Preparation"},{"floor":10.0,"key":"Pen Nib"},{"floor":14.0,"key":"Shuriken"},{"floor":20.0,"key":"StoneCalendar"},{"floor":20.0,"key":"Bottled Flame"},{"floor":26.0,"key":"Strawberry"},{"floor":36.0,"key":"Prayer Wheel"},{"floor":43.0,"key":"Meat on the Bone"},{"floor":47.0,"key":"Happy Flower"}],"event_choices":[{"event_name":"Living Wall","player_choice":"Grow","floor":3.0,"damage_taken":0.0},{"event_name":"Mushrooms","player_choice":"Fought Mushrooms","floor":7.0,"damage_taken":0.0},{"event_name":"Colosseum","player_choice":"Fight","floor":20.0,"damage_taken":0.0},{"event_name":"Colosseum","player_choice":"Fought Nobs","floor":20.0,"damage_taken":0.0},{"event_name":"Drug Dealer","player_choice":"Became Test Subject","floor":21.0,"damage_taken":0.0},{"event_name":"Transmorgrifier","player_choice":"Transform","floor":22.0,"damage_taken":0.0},{"event_name":"Mysterious Sphere","player_choice":"Fight","floor":36.0,"damage_taken":0.0},{"event_name":"Falling","player_choice":"Removed Power","floor":37.0,"damage_taken":0.0},{"event_name":"Tomb of Lord Red Mask","player_choice":"Paid","floor":41.0,"damage_taken":0.0}],"is_beta":false,"boss_relics":[{"not_picked":["Pandora\u0027s Box","Black Star"],"picked":"Cursed Key"},{"not_picked":["White Beast Statue","Philosopher\u0027s Stone"],"picked":"Coffee Dripper"}],"items_purged_floors":[4,28],"is_endless":false,"potions_floor_spawned":[1,2,16,18,20,23,24,31,36,45,47,48],"killed_by":"Donu and Deca","ascension_level":15}