{"gold_per_floor":[111,121,121,121,134,134,169,169,169,210,233,233,251,329,329,420,420,445,202,117,167,183,218,218,257,257,257,276,354,354,394,394,488,488,512,531,554,574,58,58,73,0,24,24,42,42,75,408,408,408,408,408,408,83,112,112],"floor_reached":57,"playtime":2661,"items_purged":["Strike_R","Strike_R"],"score":2856,"play_id":"4a957b90-884b-4ca6-97fa-ff50abc8440d","local_time":"20181128131328","is_ascension_mode":true,"campfire_choices":[{"data":"Bash","floor":6.0,"key":"SMITH"},{"data":"Inflame","floor":8.0,"key":"SMITH"},{"data":"Clothesline","floor":15.0,"key":"SMITH"},{"data":"Armaments","floor":24.0,"key":"SMITH"},{"data":"Whirlwind","floor":30.0,"key":"SMITH"},{"floor":32.0,"key":"RECALL"},{"data":"Demon Form","floor":40.0,"key":"SMITH"},{"data":"Uppercut","floor":44.0,"key":"SMITH"},{"data":"Impervious","floor":46.0,"key":"SMITH"},{"data":"Impervious","floor":49.0,"key":"SMITH"},{"floor":53.0,"key":"REST"}],"neow_cost":"NONE","seed_source_timestamp":257339087386561,"circlet_count":0,"master_deck":["AscendersBane","Strike_R","Defend_R+1","Defend_R","Defend_R","Defend_R","Bash+1","Hemokinesis","Dropkick+1","Inflame+1","Reaper","Shrug It Off","Clothesline+1","Headbutt","Impervious+1","Armaments+1","Uppercut+1","Shrug It Off","Whirlwind+1","Body Slam","Heavy Blade+1","Demon Form+1","Sword Boomerang","Shrug It Off","Apotheosis","Shrug It Off","Parasite","Impervious+1","Corruption","Body Slam"],"special_seed":0,"relics":["Burning Blood","Thread and Needle","Incense Burner","Shuriken","Snecko Eye","Pen Nib","Anchor","Potion Belt","Oddly Smooth Stone","Orichalcum","Boot","Cursed Key","OrangePellets","Red Mask","Lantern","Vajra","Pantograph","Champion Belt"],"potions_floor_usage":[56,56,56],"damage_taken":[{"damage":14.0,"enemies":"Small Slimes","floor":1.0,"turns":5.0},{"damage":3.0,"enemies":"2 Louse","floor":2.0,"turns":4.0},{"damage":10.0,"enemies":"Jaw Worm","floor":5.0,"turns":2.0},{"damage":23.0,"enemies":"Lagavulin","floor":7.0,"turns":5.0},{"damage":7.0,"enemies":"Gremlin Nob","floor":10.0,"turns":3.0},{"damage":7.0,"enemies":"Large Slime","floor":11.0,"turns":6.0},{"damage":0.0,"enemies":"Exordium Wildlife","floor":13.0,"turns":7.0},{"damage":29.0,"enemies":"Hexaghost","floor":16.0,"turns":10.0},{"damage":0.0,"enemies":"Chosen","floor":18.0,"turns":3.0},{"damage":32.0,"enemies":"Spheric Guardian","floor":22.0,"turns":6.0},{"damage":3.0,"enemies":"Book of Stabbing","floor":23.0,"turns":4.0},{"damage":18.0,"enemies":"Slavers","floor":25.0,"turns":6.0},{"damage":3.0,"enemies":"Shelled Parasite and Fungi","floor":28.0,"turns":4.0},{"damage":15.0,"enemies":"Book of Stabbing","floor":31.0,"turns":4.0},{"damage":37.0,"enemies":"Champ","floor":33.0,"turns":13.0},{"damage":20.0,"enemies":"3 Darklings","floor":35.0,"turns":3.0},{"damage":0.0,"enemies":"Orb Walker","floor":36.0,"turns":3.0},{"damage":3.0,"enemies":"4 Shapes","floor":37.0,"turns":6.0},{"damage":0.0,"enemies":"3 Darklings","floor":38.0,"turns":3.0},{"damage":0.0,"enemies":"Maw","floor":41.0,"turns":3.0},{"damage":23.0,"enemies":"Sphere and 2 Shapes","floor":45.0,"turns":6.0},{"damage":2.0,"enemies":"Nemesis","floor":47.0,"turns":5.0},{"damage":53.0,"enemies":"Donu and Deca","floor":50.0,"turns":9.0},{"damage":43.0,"enemies":"Time Eater","floor":51.0,"turns":7.0},{"damage":69.0,"enemies":"Shield and Spear","floor":55.0,"turns":10.0},{"damage":61,"enemies":"The Heart","floor":56,"turns":8}],"seed_played":"-5909646202631106235","potions_obtained":[{"floor":0.0,"key":"FearPotion"},{"floor":0.0,"key":"Ancient Potion"},{"floor":1.0,"key":"BloodPotion"},{"floor":2.0,"key":"Fire Potion"},{"floor":16.0,"key":"Swift Potion"},{"floor":25.0,"key":"Dexterity Potion"},{"floor":31.0,"key":"EntropicBrew"},{"floor":37.0,"key":"Swift Potion"},{"floor":41.0,"key":"SpeedPotion"},{"floor":45.0,"key":"LiquidBronze"}],"is_trial":false,"path_per_floor":["M","M","?","?","M","R","E","R","T","E","M","?","M","?","R","B",null,"M","$","?","?","M","E","R","E","T","?","M","T","R","E","R","B",null,"M","M","M","M","$","R","M","?","T","R","M","R","E","?","R","B","B",null,"R","$","E","B",null],"character_chosen":"IRONCLAD","items_purchased":["Pen Nib","OrangePellets","Apotheosis","Corruption","Pantograph"],"campfire_rested":1,"item_purchase_floors":[19,39,39,54,54],"current_hp_per_floor":[60,63,37,37,40,40,23,23,23,32,31,8,22,22,22,9,59,74,74,74,74,48,58,58,52,52,52,64,64,64,55,55,69,74,60,75,75,75,75,75,75,75,75,75,75,75,75,75,75,75,38,66,75,75,44,39],"gold":112,"neow_bonus":"THREE_SMALL_POTIONS","is_prod":false,"is_daily":false,"chose_seed":false,"campfire_upgraded":9,"win_rate":0,"timestamp":1543428808,"path_taken":["M","M","?","?","M","R","E","R","T","E","M","?","M","?","R","BOSS","M","$","?","?","M","E","R","E","T","?","?","?","R","E","R","BOSS","M","?","M","M","$","R","M","?","T","R","M","R","E","?","R","BOSS","BOSS","R","$","E","BOSS"],"build_version":"2018-11-15","purchased_purges":2,"victory":true,"max_hp_per_floor":[75,75,75,75,75,75,75,75,75,75,75,75,75,75,75,75,75,75,75,75,75,75,75,75,75,75,75,75,75,75,75,75,75,75,75,75,75,75,75,75,75,75,75,75,75,75,75,75,75,75,75,75,75,75,75,75],"card_choices":[{"not_picked":["Fire Breathing","Havoc"],"picked":"Hemokinesis","floor":1.0},{"not_picked":["Heavy Blade","Headbutt"],"picked":"Dropkick","floor":2.0},{"not_picked":["Thunderclap","Armaments"],"picked":"Inflame","floor":5.0},{"not_picked":["Flame Barrier","Sword Boomerang"],"picked":"Reaper","floor":7.0},{"not_picked":["Cleave","Hemokinesis"],"picked":"Shrug It Off","floor":10.0},{"not_picked":["Feel No Pain","Dark Embrace"],"picked":"Clothesline","floor":11.0},{"not_picked":["Flex","Iron Wave"],"picked":"Headbutt","floor":13.0},{"not_picked":["Juggernaut","Fiend Fire"],"picked":"Impervious","floor":16.0},{"not_picked":["Warcry","Cleave"],"picked":"Armaments","floor":18.0},{"not_picked":["Twin Strike","Perfected Strike","Havoc"],"picked":"SKIP","floor":22.0},{"not_picked":["Cleave+1","Double Tap"],"picked":"Uppercut","floor":23.0},{"not_picked":["Clash","Clothesline"],"picked":"Shrug It Off","floor":25.0},{"not_picked":["Perfected Strike","Thunderclap","Iron Wave+1"],"picked":"SKIP","floor":28.0},{"not_picked":["Perfected Strike","True Grit"],"picked":"Heavy Blade+1","floor":31.0},{"not_picked":["Dark Embrace","Impervious"],"picked":"Demon Form","floor":33.0},{"not_picked":["Searing Blow+1","Twin Strike+1","Infernal Blade+1"],"picked":"SKIP","floor":35.0},{"not_picked":["Sever Soul","Anger"],"picked":"Sword Boomerang","floor":36.0},{"not_picked":["Sever Soul+1","Inflame","Perfected Strike"],"picked":"SKIP","floor":37.0},{"not_picked":["Dropkick+1","Thunderclap"],"picked":"Shrug It Off","floor":38.0},{"not_picked":["Twin Strike+1","Body Slam"],"picked":"Shrug It Off","floor":41.0},{"not_picked":["Cleave","True Grit"],"picked":"Impervious","floor":45.0},{"not_picked":["Bloodletting+1","Clash","Wild Strike+1"],"picked":"SKIP","floor":47.0},{"not_picked":["Perfected Strike","Pummel"],"picked":"Body Slam","floor":55.0}],"player_experience":1180554,"relics_obtained":[{"floor":7.0,"key":"Thread and Needle"},{"floor":9.0,"key":"Incense Burner"},{"floor":10.0,"key":"Shuriken"},{"floor":23.0,"key":"Potion Belt"},{"floor":25.0,"key":"Oddly Smooth Stone"},{"floor":26.0,"key":"Orichalcum"},{"floor":31.0,"key":"Boot"},{"floor":43.0,"key":"Lantern"},{"floor":47.0,"key":"Vajra"},{"floor":55.0,"key":"Champion Belt"}],"event_choices":[{"damage_healed":0.0,"max_hp_gain":0.0,"max_hp_loss":0.0,"gold_gain":0.0,"event_name":"Golden Idol","player_choice":"Take Damage","floor":3.0,"gold_loss":0.0,"damage_taken":26.0,"relics_obtained":["Golden Idol"]},{"damage_healed":0.0,"max_hp_gain":0.0,"max_hp_loss":0.0,"gold_gain":0.0,"event_name":"Liars Game","player_choice":"Ignored","floor":4.0,"gold_loss":0.0,"damage_taken":0.0},{"damage_healed":0.0,"max_hp_gain":0.0,"max_hp_loss":0.0,"gold_gain":0.0,"event_name":"Shining Light","player_choice":"Entered Light","floor":12.0,"gold_loss":0.0,"damage_taken":23.0,"cards_upgraded":["Dropkick","Defend_R"]},{"damage_healed":0.0,"max_hp_gain":0.0,"max_hp_loss":0.0,"gold_gain":78.0,"event_name":"Golden Wing","player_choice":"Gained Gold","floor":14.0,"gold_loss":0.0,"damage_taken":0.0},{"damage_healed":0.0,"max_hp_gain":0.0,"max_hp_loss":0.0,"gold_gain":0.0,"event_name":"Addict","player_choice":"Obtained Relic","floor":20.0,"gold_loss":85.0,"damage_taken":0.0,"relics_obtained":["Anchor"]},{"damage_healed":0.0,"max_hp_gain":0.0,"max_hp_loss":0.0,"gold_gain":50.0,"event_name":"Nest","player_choice":"Stole From Cult","floor":21.0,"gold_loss":0.0,"damage_taken":0.0},{"damage_healed":0.0,"max_hp_gain":0.0,"max_hp_loss":0.0,"gold_gain":0.0,"cards_transformed":["Strike_R","Strike_R"],"event_name":"Drug Dealer","player_choice":"Became Test Subject","floor":27.0,"gold_loss":0.0,"damage_taken":0.0,"cards_obtained":["Whirlwind","Body Slam"]},{"damage_healed":0.0,"max_hp_gain":0.0,"max_hp_loss":0.0,"gold_gain":0.0,"event_name":"Tomb of Lord Red Mask","player_choice":"Paid","floor":42.0,"gold_loss":73.0,"damage_taken":0.0,"relics_obtained":["Red Mask"]},{"damage_healed":0.0,"max_hp_gain":0.0,"max_hp_loss":0.0,"gold_gain":333.0,"event_name":"The Moai Head","player_choice":"Gave Idol","floor":48.0,"relics_lost":["Golden Idol"],"gold_loss":0.0,"damage_taken":0.0}],"is_beta":false,"boss_relics":[{"not_picked":["Ectoplasm","Astrolabe"],"picked":"Snecko Eye"},{"not_picked":["Calling Bell","Runic Dome"],"picked":"Cursed Key"}],"items_purged_floors":[19,39],"is_endless":false,"potions_floor_spawned":[1,2,16,25,31,37,41,45],"ascension_level":20}