{"gold_per_floor":[112,112,37,51,64,93,111,111,111,111,3,37,37,52,52,128,128,138,138,63,77,87,87,101,101,101,120,154,69,69,95,95,95],"floor_reached":33,"playtime":1644,"items_purged":["Strike_R"],"score":516,"play_id":"2e8f3fba-9198-456b-bb96-7dc27fef3d79","local_time":"20190720145648","is_ascension_mode":true,"campfire_choices":[{"data":"Shockwave","floor":8,"key":"SMITH"},{"data":"True Grit","floor":10,"key":"SMITH"},{"data":"True Grit","floor":15,"key":"SMITH"},{"data":"Disarm","floor":23,"key":"SMITH"},{"data":"Corruption","floor":25,"key":"SMITH"},{"data":"Ghostly","floor":32,"key":"SMITH"}],"neow_cost":"CURSE","seed_source_timestamp":238701543256132,"circlet_count":0,"master_deck":["AscendersBane","Strike_R","Strike_R","Strike_R","Defend_R","Defend_R","Defend_R","Defend_R","Bash","Offering","Anger","True Grit+1","True Grit+1","Shrug It Off","Shockwave+1","Corruption+1","Battle Trance","Battle Trance","Wild Strike","Dark Embrace","Disarm+1","Shrug It Off+1","Metallicize","Flame Barrier","Spot Weakness","Flame Barrier","Ghostly+1","Ghostly","Ghostly","Exhume"],"relics":["Burning Blood","Pantograph","Bird Faced Urn","Incense Burner","Runic Dome","Potion Belt","Meat on the Bone","Boot","Dodecahedron","Blood Vial"],"potions_floor_usage":[6,12,12,27,33,33],"damage_taken":[{"damage":8,"enemies":"Jaw Worm","floor":1,"turns":4},{"damage":16,"enemies":"Small Slimes","floor":4,"turns":3},{"damage":1,"enemies":"Cultist","floor":5,"turns":4},{"damage":26,"enemies":"3 Sentries","floor":6,"turns":11},{"damage":8,"enemies":"2 Fungi Beasts","floor":7,"turns":4},{"damage":16,"enemies":"Gremlin Nob","floor":12,"turns":4},{"damage":6,"enemies":"3 Louse","floor":14,"turns":5},{"damage":31,"enemies":"The Guardian","floor":16,"turns":14},{"damage":18,"enemies":"Spheric Guardian","floor":18,"turns":4},{"damage":35,"enemies":"3 Byrds","floor":21,"turns":7},{"damage":0,"enemies":"Centurion and Healer","floor":22,"turns":7},{"damage":21,"enemies":"Snake Plant","floor":24,"turns":7},{"damage":0,"enemies":"Chosen and Byrds","floor":27,"turns":6},{"damage":12,"enemies":"Book of Stabbing","floor":28,"turns":4},{"damage":17,"enemies":"Gremlin Leader","floor":31,"turns":7},{"damage":59,"enemies":"Champ","floor":33,"turns":10}],"seed_played":"-6247941598809630607","potions_obtained":[{"floor":1,"key":"FearPotion"},{"floor":5,"key":"Explosive Potion"},{"floor":7,"key":"SteroidPotion"},{"floor":16,"key":"FearPotion"},{"floor":21,"key":"Ancient Potion"},{"floor":22,"key":"Energy Potion"},{"floor":28,"key":"AttackPotion"},{"floor":31,"key":"Poison Potion"}],"is_trial":false,"path_per_floor":["M","?","?","M","M","E","M","R","T","R","$","E","?","M","R","B",null,"M","?","$","M","M","R","M","R","T","M","E","?","?","E","R","B"],"character_chosen":"IRONCLAD","items_purchased":["Corruption","Battle Trance"],"campfire_rested":0,"item_purchase_floors":[11,11],"current_hp_per_floor":[66,66,66,56,61,41,39,39,39,39,39,31,36,38,38,38,70,62,62,62,37,47,47,38,38,38,50,50,50,40,29,29,0],"gold":95,"neow_bonus":"THREE_RARE_CARDS","is_prod":false,"is_daily":false,"chose_seed":false,"campfire_upgraded":6,"win_rate":0,"timestamp":1563649008,"path_taken":["M","?","?","M","M","E","M","R","T","R","$","E","?","M","R","BOSS","M","?","$","M","M","R","M","R","T","?","E","?","?","E","R","BOSS"],"build_version":"2019-07-17","purchased_purges":1,"victory":false,"max_hp_per_floor":[75,75,75,75,75,75,75,75,75,75,75,75,80,80,80,80,80,80,80,80,80,80,80,80,80,80,80,80,80,40,40,40,40],"card_choices":[{"not_picked":["Exhume","Barricade"],"picked":"Offering","floor":0},{"not_picked":["Perfected Strike","Havoc"],"picked":"Anger","floor":1},{"not_picked":["Searing Blow","Wild Strike"],"picked":"True Grit","floor":4},{"not_picked":["Heavy Blade","Reckless Charge"],"picked":"True Grit","floor":5},{"not_picked":["Fire Breathing","Body Slam"],"picked":"Shrug It Off","floor":6},{"not_picked":["Metallicize","Whirlwind"],"picked":"Shockwave","floor":7},{"not_picked":["Intimidate","Anger"],"picked":"Battle Trance","floor":12},{"not_picked":["Seeing Red","Havoc"],"picked":"Wild Strike","floor":14},{"not_picked":["Juggernaut","Berserk"],"picked":"Dark Embrace","floor":16},{"not_picked":["Iron Wave","Havoc"],"picked":"Disarm","floor":18},{"not_picked":["Armaments","Anger"],"picked":"Shrug It Off+1","floor":21},{"not_picked":["Heavy Blade","Rampage"],"picked":"Metallicize","floor":22},{"not_picked":["Perfected Strike+1","Rupture"],"picked":"Flame Barrier","floor":24},{"not_picked":["Warcry","Heavy Blade"],"picked":"Spot Weakness","floor":27},{"not_picked":["Carnage","Clash"],"picked":"Flame Barrier","floor":28},{"not_picked":["Headbutt","Iron Wave"],"picked":"Exhume","floor":31}],"player_experience":1524362,"relics_obtained":[{"floor":6,"key":"Pantograph"},{"floor":9,"key":"Bird Faced Urn"},{"floor":12,"key":"Incense Burner"},{"floor":19,"key":"Potion Belt"},{"floor":26,"key":"Meat on the Bone"},{"floor":28,"key":"Boot"},{"floor":31,"key":"Blood Vial"}],"event_choices":[{"cards_removed":["Writhe"],"damage_healed":0,"gold_gain":0,"player_choice":"Forget","damage_taken":0,"max_hp_gain":0,"max_hp_loss":0,"event_name":"Living Wall","floor":2,"gold_loss":0},{"cards_removed":["Strike_R"],"damage_healed":0,"gold_gain":0,"player_choice":"Card Removal","damage_taken":0,"max_hp_gain":0,"max_hp_loss":0,"event_name":"The Cleric","floor":3,"gold_loss":75},{"damage_healed":0,"gold_gain":0,"player_choice":"Donut","damage_taken":0,"max_hp_gain":5,"max_hp_loss":0,"event_name":"Big Fish","floor":13,"gold_loss":0},{"damage_healed":0,"gold_gain":0,"player_choice":"Relic","damage_taken":0,"max_hp_gain":0,"max_hp_loss":0,"event_name":"Wheel of Change","floor":19,"gold_loss":0},{"damage_healed":0,"gold_gain":0,"player_choice":"Obtained Relic","damage_taken":0,"relics_obtained":["Dodecahedron"],"max_hp_gain":0,"max_hp_loss":0,"event_name":"Addict","floor":29,"gold_loss":85},{"damage_healed":0,"gold_gain":0,"player_choice":"Became a Ghost","damage_taken":0,"max_hp_gain":0,"max_hp_loss":40,"event_name":"Ghosts","floor":30,"gold_loss":0,"cards_obtained":["Ghostly","Ghostly","Ghostly"]}],"is_beta":false,"boss_relics":[{"not_picked":["Velvet Choker","White Beast Statue"],"picked":"Runic Dome"}],"items_purged_floors":[20],"is_endless":false,"potions_floor_spawned":[1,5,7,16,21,22,28,31],"killed_by":"Champ","ascension_level":15}