{"gold_per_floor":[112,123,137,154,167,167,192,192,192,210,227,241,257,328,328,432,432,445,122,122,122,122,122,151,161,161,161,172,21,21,39,39,39],"floor_reached":33,"playtime":2377,"items_purged":[],"score":271,"play_id":"d9332895-a250-4bfd-b97d-bb4104ca85bf","local_time":"20190628220940","is_ascension_mode":false,"campfire_choices":[{"data":"Finesse","floor":6,"key":"SMITH"},{"data":"Anger","floor":8,"key":"SMITH"},{"data":"Armaments","floor":15,"key":"SMITH"},{"data":"Metallicize","floor":23,"key":"SMITH"},{"data":"Metallicize","floor":32,"key":"SMITH"}],"neow_cost":"NONE","seed_source_timestamp":545120908398830,"circlet_count":0,"master_deck":["Strike_R","Strike_R","Strike_R","Strike_R","Strike_R","Defend_R","Defend_R","Defend_R","Defend_R","Bash","Finesse+1","Anger+1","Heavy Blade","Clash","Twin Strike","Impervious","Cleave","Armaments+1","Carnage","Metallicize+1","Body Slam","Limit Break","Cleave","Metallicize+1","Body Slam","Iron Wave","Shrug It Off+1","Decay","Headbutt"],"relics":["Burning Blood","Magic Flower","Pantograph","Coffee Dripper","Letter Opener","Enchiridion","NlothsMask","Self Forming Clay","Strawberry"],"potions_floor_usage":[5,7,7,10,16,31,31],"damage_taken":[{"damage":7,"enemies":"Small Slimes","floor":1,"turns":3},{"damage":5,"enemies":"2 Louse","floor":2,"turns":3},{"damage":4,"enemies":"Cultist","floor":3,"turns":4},{"damage":11,"enemies":"2 Fungi Beasts","floor":4,"turns":3},{"damage":13,"enemies":"3 Louse","floor":5,"turns":3},{"damage":16,"enemies":"Lagavulin","floor":7,"turns":4},{"damage":8,"enemies":"Lots of Slimes","floor":10,"turns":2},{"damage":15,"enemies":"Blue Slaver","floor":11,"turns":3},{"damage":8,"enemies":"Red Slaver","floor":12,"turns":2},{"damage":10,"enemies":"Looter","floor":13,"turns":3},{"damage":72,"enemies":"Hexaghost","floor":16,"turns":11},{"damage":34,"enemies":"Chosen","floor":18,"turns":6},{"damage":21,"enemies":"Book of Stabbing","floor":24,"turns":6},{"damage":4,"enemies":"Spheric Guardian","floor":25,"turns":3},{"damage":24,"enemies":"Centurion and Healer","floor":28,"turns":6},{"damage":7,"enemies":"Sentry and Sphere","floor":31,"turns":4},{"damage":101,"enemies":"Automaton","floor":33,"turns":12}],"seed_played":"4376040410654287761","potions_obtained":[{"floor":1,"key":"SteroidPotion"},{"floor":3,"key":"Regen Potion"},{"floor":5,"key":"Dexterity Potion"},{"floor":7,"key":"Regen Potion"},{"floor":13,"key":"Fruit Juice"},{"floor":25,"key":"Ancient Potion"},{"floor":28,"key":"Dexterity Potion"},{"floor":31,"key":"SmokeBomb"}],"is_trial":false,"path_per_floor":["M","M","M","M","M","R","E","R","T","M","M","M","M","?","R","B",null,"M","$","?","?","?","R","E","M","T","$","M","$","?","M","R","B"],"character_chosen":"IRONCLAD","items_purchased":["Metallicize","Letter Opener","Strawberry"],"campfire_rested":0,"item_purchase_floors":[19,19,29],"current_hp_per_floor":[79,80,80,75,73,73,63,63,63,64,58,59,58,58,58,22,85,60,60,60,44,44,44,32,37,37,37,22,29,29,31,31,0],"gold":39,"neow_bonus":"RANDOM_COLORLESS","is_prod":false,"is_daily":false,"chose_seed":false,"campfire_upgraded":5,"win_rate":0.0,"timestamp":1561784980,"path_taken":["M","M","M","M","M","R","E","R","T","M","M","M","M","?","R","BOSS","M","$","?","?","?","R","E","M","T","$","?","$","?","M","R","BOSS"],"build_version":"2019-01-23","purchased_purges":0,"victory":false,"max_hp_per_floor":[80,80,80,80,80,80,80,80,80,80,80,80,80,80,80,85,85,85,85,85,85,85,85,85,85,85,85,85,92,92,92,92,92],"card_choices":[{"not_picked":["Pommel Strike","Perfected Strike"],"picked":"Anger","floor":1},{"not_picked":["Shockwave","Warcry"],"picked":"Heavy Blade","floor":2},{"not_picked":["Perfected Strike","Thunderclap"],"picked":"Clash","floor":3},{"not_picked":["Bloodletting","Thunderclap"],"picked":"Twin Strike","floor":4},{"not_picked":["Warcry","Battle Trance"],"picked":"Impervious","floor":5},{"not_picked":["Entrench","Sword Boomerang"],"picked":"Cleave","floor":7},{"not_picked":["Clothesline","Heavy Blade"],"picked":"Armaments","floor":10},{"not_picked":["True Grit","Bloodletting"],"picked":"Carnage","floor":11},{"not_picked":["Flex","Heavy Blade"],"picked":"Metallicize","floor":12},{"not_picked":["Perfected Strike","Warcry"],"picked":"Body Slam","floor":13},{"not_picked":["Berserk","Brutality"],"picked":"Limit Break","floor":16},{"not_picked":["True Grit","Thunderclap"],"picked":"Cleave","floor":18},{"not_picked":["Anger","Spot Weakness+1"],"picked":"Body Slam","floor":24},{"not_picked":["Dark Embrace","Body Slam"],"picked":"Iron Wave","floor":25},{"not_picked":["Combust","Rupture+1"],"picked":"Shrug It Off+1","floor":28},{"not_picked":["Bloodletting","Shrug It Off"],"picked":"Headbutt","floor":31}],"player_experience":13396,"relics_obtained":[{"floor":7,"key":"Magic Flower"},{"floor":9,"key":"Pantograph"},{"floor":21,"key":"Enchiridion"},{"floor":24,"key":"Self Forming Clay"}],"event_choices":[{"damage_healed":0,"gold_gain":71,"player_choice":"Gained Gold","damage_taken":0,"max_hp_gain":0,"max_hp_loss":0,"event_name":"Golden Wing","floor":14,"gold_loss":0},{"damage_healed":0,"gold_gain":0,"player_choice":"Ignored","damage_taken":0,"max_hp_gain":0,"max_hp_loss":0,"event_name":"Ghosts","floor":20,"gold_loss":0},{"damage_healed":0,"gold_gain":0,"player_choice":"Obtained Book","damage_taken":16,"max_hp_gain":0,"max_hp_loss":0,"event_name":"Cursed Tome","floor":21,"gold_loss":0},{"damage_healed":0,"gold_gain":0,"player_choice":"Trade","damage_taken":0,"relics_obtained":["NlothsMask"],"max_hp_gain":0,"max_hp_loss":0,"event_name":"FaceTrader","floor":22,"gold_loss":0},{"damage_healed":0,"gold_gain":0,"player_choice":"Smashed Altar","damage_taken":0,"max_hp_gain":0,"max_hp_loss":0,"event_name":"Forgotten Altar","floor":30,"gold_loss":0,"cards_obtained":["Decay"]}],"is_beta":false,"boss_relics":[{"not_picked":["Lizard Tail","Black Blood"],"picked":"Coffee Dripper"}],"items_purged_floors":[],"is_endless":false,"potions_floor_spawned":[1,3,5,7,13,25,28,31],"killed_by":"Automaton","ascension_level":0}