{"gold_per_floor":[11,29,49,59,79,79,79,106,160,160,174,186,67,81,81,176,176,196,86,1,1,15,15,41,55,55,55,55,71,71,23,23,23],"floor_reached":33,"playtime":2514,"items_purged":["Defend_G"],"score":294,"play_id":"916199a9-bb7f-4c62-a3ee-a1742a1a809b","local_time":"20180624115004","is_ascension_mode":false,"campfire_choices":[{"data":"Predator","floor":6,"key":"SMITH"},{"floor":10,"key":"REST"},{"floor":15,"key":"REST"},{"floor":23,"key":"REST"},{"floor":27,"key":"REST"},{"floor":30,"key":"REST"},{"data":"Eviscerate","floor":32,"key":"SMITH"}],"neow_cost":"NO_GOLD","seed_source_timestamp":604003478465310,"circlet_count":0,"master_deck":["Defend_G+1","Defend_G+1","Defend_G+1","Defend_G+1","Strike_G+1","Strike_G+1","Strike_G+1","Strike_G+1","Strike_G+1","Survivor","Neutralize","Underhanded Strike+1","Quick Slash","Dagger Throw","Predator+1","Dash","Heel Hook+1","Skewer","Slice","Noxious Fumes","Dagger Throw","Eviscerate+1","Envenom","Quick Slash+1","Calculated Gamble+1","Dagger Throw","Flying Knee","Backflip","Backflip+1","Dagger Throw"],"special_seed":17706,"relics":["Ring of the Snake","Gambling Chip","Snake Skull","Whetstone","Runic Dome","Dodecahedron","War Paint","Juzu Bracelet"],"potions_floor_usage":[8,16,16,16,33,33,33],"damage_taken":[{"damage":0,"enemies":"Jaw Worm","floor":1,"turns":4},{"damage":0,"enemies":"2 Louse","floor":2,"turns":2},{"damage":1,"enemies":"Cultist","floor":3,"turns":3},{"damage":1,"enemies":"Red Slaver","floor":4,"turns":3},{"damage":4,"enemies":"3 Louse","floor":5,"turns":3},{"damage":24,"enemies":"3 Sentries","floor":8,"turns":6},{"damage":0,"enemies":"Looter","floor":11,"turns":2},{"damage":7,"enemies":"Large Slime","floor":12,"turns":4},{"damage":1,"enemies":"2 Fungi Beasts","floor":14,"turns":2},{"damage":20,"enemies":"Hexaghost","floor":16,"turns":6},{"damage":0,"enemies":"Spheric Guardian","floor":18,"turns":2},{"damage":16,"enemies":"Shell Parasite","floor":22,"turns":3},{"damage":36,"enemies":"Gremlin Leader","floor":24,"turns":6},{"damage":9,"enemies":"3 Cultists","floor":25,"turns":5},{"damage":0,"enemies":"Snecko","floor":29,"turns":3},{"damage":69,"enemies":"Automaton","floor":33,"turns":6}],"seed_played":"7263574125871350875","potions_obtained":[{"floor":3,"key":"Dexterity Potion"},{"floor":4,"key":"SkillPotion"},{"floor":5,"key":"Weak Potion"},{"floor":8,"key":"GamblersBrew"},{"floor":14,"key":"Strength Potion"},{"floor":24,"key":"Strength Potion"},{"floor":25,"key":"Swift Potion"},{"floor":29,"key":"SkillPotion"}],"is_trial":false,"path_per_floor":["M","M","M","M","M","R","?","E","T","R","M","M","$","M","R","B",null,"M","$","?","?","M","R","E","M","T","R","?","M","R","$","R"],"character_chosen":"THE_SILENT","items_purchased":["Noxious Fumes","Dagger Throw","Calculated Gamble","Dagger Throw"],"campfire_rested":5,"item_purchase_floors":[13,13,19,31],"current_hp_per_floor":[70,70,69,68,64,64,50,26,26,47,47,40,40,39,60,40,70,70,70,70,57,41,63,27,18,18,40,40,40,62,62,62,0],"gold":23,"neow_bonus":"ONE_RARE_RELIC","is_prod":false,"is_daily":false,"chose_seed":false,"campfire_upgraded":2,"win_rate":0.0,"timestamp":1529855404,"path_taken":["M","M","M","M","M","R","?","E","T","R","?","M","$","M","R","BOSS","M","$","?","?","M","R","E","M","T","R","?","M","R","$","R","BOSS"],"build_version":"2018-06-21v2","purchased_purges":1,"victory":false,"max_hp_per_floor":[70,70,70,70,70,70,70,70,70,70,70,70,70,70,70,70,70,70,70,70,75,75,75,75,75,75,75,75,75,75,75,75,75],"card_choices":[{"not_picked":["Escape Plan","Blur"],"picked":"Underhanded Strike","floor":1},{"not_picked":["Backflip","Crippling Poison"],"picked":"Quick Slash","floor":2},{"not_picked":["Choke","Quick Slash"],"picked":"Dagger Throw","floor":3},{"not_picked":["All Out Attack","Flying Knee"],"picked":"Predator","floor":4},{"not_picked":["Backflip","PiercingWail"],"picked":"Dash","floor":5},{"not_picked":["Expertise","Acrobatics"],"picked":"Heel Hook","floor":8},{"not_picked":["Infinite Blades","Dagger Spray"],"picked":"Skewer","floor":11},{"not_picked":["Burst","Dodge and Roll"],"picked":"Slice","floor":12},{"not_picked":["Backflip","Outmaneuver"],"picked":"Eviscerate","floor":14},{"not_picked":["Night Terror","Glass Knife"],"picked":"Envenom","floor":16},{"not_picked":["Underhanded Strike","Acrobatics"],"picked":"Quick Slash+1","floor":18},{"not_picked":["Deadly Poison","All Out Attack+1"],"picked":"Dagger Throw","floor":22},{"not_picked":["Flechettes","Skewer"],"picked":"Flying Knee","floor":24},{"not_picked":["Terror+1","Blur"],"picked":"Backflip","floor":25},{"not_picked":["Dodge and Roll","Slice"],"picked":"Backflip+1","floor":29}],"player_experience":6757,"relics_obtained":[{"floor":8,"key":"Snake Skull"},{"floor":9,"key":"Whetstone"},{"floor":24,"key":"War Paint"},{"floor":26,"key":"Juzu Bracelet"}],"event_choices":[{"event_name":"Shining Light","player_choice":"Entered Light","floor":7,"damage_taken":0},{"event_name":"Addict","player_choice":"Obtained Relic","floor":20,"damage_taken":0},{"event_name":"Forgotten Altar","player_choice":"Shed Blood","floor":21,"damage_taken":0},{"event_name":"Back to Basics","player_choice":"Simplicity","floor":28,"damage_taken":0}],"boss_relics":[{"not_picked":["Velvet Choker","Lizard Tail"],"picked":"Runic Dome"}],"items_purged_floors":[19],"is_endless":false,"potions_floor_spawned":[3,4,5,8,14,24,25,29],"killed_by":"Automaton","ascension_level":0}