{"gold_per_floor":[111,125,125,6,6,6,33,45,83,106,146,176,188,210,222,310,322,345,81,81,81,98,98,132,132,157,174,193,221,221,48,48,48],"floor_reached":33,"playtime":1396,"items_purged":["Strike_R"],"score":586,"play_id":"cfd150dc-0700-46b4-ad0d-abf4f626d6bf","local_time":"20181128122014","is_ascension_mode":true,"campfire_choices":[{"data":"Bash","floor":6,"key":"SMITH"},{"floor":8,"key":"REST"},{"data":"Inflame","floor":13,"key":"SMITH"},{"data":"Flame Barrier","floor":15,"key":"SMITH"},{"data":"Corruption","floor":23,"key":"SMITH"},{"data":"Pommel Strike","floor":25,"key":"SMITH"},{"data":"Rampage","floor":32,"key":"SMITH"}],"neow_cost":"NONE","seed_source_timestamp":255932755108784,"circlet_count":0,"master_deck":["AscendersBane","Strike_R+1","Strike_R+1","Strike_R+1","Defend_R+1","Defend_R+1","Defend_R+1","Defend_R+1","Bash+1","Flame Barrier+1","Battle Trance","Feel No Pain","Feel No Pain","Impervious","Anger","Cleave","Inflame+1","Offering","Pommel Strike+1","Infernal Blade","Corruption+1","Intimidate+1","True Grit+1","True Grit","Exhume","Rampage+1"],"relics":["Burning Blood","MawBank","Whetstone","Bag of Marbles","Eternal Feather","Pantograph","Meat on the Bone","Orichalcum","Singing Bowl"],"potions_floor_usage":[14,16,24],"damage_taken":[{"damage":6,"enemies":"2 Louse","floor":1,"turns":3},{"damage":14,"enemies":"Jaw Worm","floor":2,"turns":4},{"damage":61,"enemies":"Gremlin Nob","floor":7,"turns":6},{"damage":0,"enemies":"Small Slimes","floor":10,"turns":4},{"damage":15,"enemies":"3 Sentries","floor":11,"turns":17},{"damage":6,"enemies":"3 Louse","floor":12,"turns":3},{"damage":0,"enemies":"2 Fungi Beasts","floor":14,"turns":2},{"damage":21,"enemies":"Slime Boss","floor":16,"turns":8},{"damage":8,"enemies":"3 Byrds","floor":18,"turns":6},{"damage":12,"enemies":"2 Thieves","floor":22,"turns":4},{"damage":3,"enemies":"Gremlin Leader","floor":24,"turns":6},{"damage":35,"enemies":"Sentry and Sphere","floor":27,"turns":8},{"damage":12,"enemies":"Snake Plant","floor":28,"turns":4},{"damage":33,"enemies":"Book of Stabbing","floor":29,"turns":6},{"damage":120,"enemies":"Collector","floor":33,"turns":9}],"seed_played":"-5568556385814885314","potions_obtained":[{"floor":7,"key":"Fire Potion"},{"floor":10,"key":"Energy Potion"},{"floor":11,"key":"Dexterity Potion"},{"floor":22,"key":"Block Potion"},{"floor":29,"key":"Ancient Potion"}],"is_trial":false,"path_per_floor":["M","M","?","$","?","R","E","R","T","M","E","M","R","M","R","B",null,"M","$","?","?","M","R","E","R","T","M","M","E","?","$","R","B"],"character_chosen":"IRONCLAD","items_purchased":["Feel No Pain","Pantograph","Exhume","Rampage"],"campfire_rested":1,"item_purchase_floors":[4,19,31,31],"current_hp_per_floor":[75,67,67,67,72,72,17,43,43,49,40,40,40,46,46,31,73,71,71,46,46,40,52,55,67,67,50,56,43,43,43,58,0],"gold":48,"neow_bonus":"TEN_PERCENT_HP_BONUS","is_prod":false,"is_daily":false,"chose_seed":false,"campfire_upgraded":6,"win_rate":0,"timestamp":1543425614,"path_taken":["M","M","?","$","?","R","E","R","T","M","E","M","R","M","R","BOSS","M","$","?","?","M","R","E","R","T","M","M","E","?","$","R","BOSS"],"build_version":"2018-11-15","purchased_purges":1,"victory":false,"max_hp_per_floor":[82,82,82,82,87,87,87,87,87,87,87,87,87,87,87,87,87,87,87,92,92,92,92,92,92,92,92,92,94,94,94,94,94],"card_choices":[{"not_picked":["Heavy Blade","Sentinel"],"picked":"Flame Barrier","floor":1},{"not_picked":["Perfected Strike","Flame Barrier"],"picked":"Battle Trance","floor":2},{"not_picked":["Evolve","Rage"],"picked":"Impervious","floor":7},{"not_picked":["Armaments","Clash"],"picked":"Anger","floor":10},{"not_picked":["Headbutt","Blood for Blood"],"picked":"Cleave","floor":11},{"not_picked":["Battle Trance","Flame Barrier"],"picked":"Inflame","floor":12},{"not_picked":["Clash","Blood for Blood","Heavy Blade"],"picked":"SKIP","floor":14},{"not_picked":["Feed","Brutality"],"picked":"Offering","floor":16},{"not_picked":["Headbutt","Bloodletting+1"],"picked":"Pommel Strike","floor":18},{"not_picked":["Dual Wield","Anger"],"picked":"Corruption","floor":22},{"not_picked":["Power Through","Evolve"],"picked":"Intimidate+1","floor":24},{"not_picked":["Anger","Sever Soul"],"picked":"True Grit+1","floor":27},{"not_picked":["Clash","Corruption"],"picked":"True Grit","floor":28},{"not_picked":["Intimidate","Cleave","Seeing Red"],"picked":"Singing Bowl","floor":29}],"player_experience":1179158,"relics_obtained":[{"floor":7,"key":"MawBank"},{"floor":9,"key":"Whetstone"},{"floor":11,"key":"Bag of Marbles"},{"floor":24,"key":"Meat on the Bone"},{"floor":26,"key":"Orichalcum"},{"floor":29,"key":"Singing Bowl"}],"event_choices":[{"damage_healed":0,"gold_gain":0,"cards_transformed":["Strike_R"],"player_choice":"Change","damage_taken":0,"max_hp_gain":0,"max_hp_loss":0,"event_name":"Living Wall","floor":3,"gold_loss":0,"cards_obtained":["Feel No Pain"]},{"damage_healed":0,"gold_gain":0,"player_choice":"Donut","damage_taken":0,"max_hp_gain":5,"max_hp_loss":0,"event_name":"Big Fish","floor":5,"gold_loss":0},{"damage_healed":0,"gold_gain":0,"player_choice":"Shed Blood","damage_taken":30,"max_hp_gain":5,"max_hp_loss":0,"event_name":"Forgotten Altar","floor":20,"gold_loss":0},{"damage_healed":0,"gold_gain":0,"player_choice":"Read","damage_taken":0,"max_hp_gain":0,"max_hp_loss":0,"event_name":"The Library","floor":21,"gold_loss":0,"cards_obtained":["Infernal Blade"]},{"damage_healed":0,"gold_gain":0,"player_choice":"Simplicity","damage_taken":0,"max_hp_gain":0,"max_hp_loss":0,"event_name":"Back to Basics","floor":30,"gold_loss":0,"cards_upgraded":["Strike_R","Defend_R","Defend_R","Defend_R","Defend_R"]}],"is_beta":false,"boss_relics":[{"not_picked":["White Beast Statue","Busted Crown"],"picked":"Eternal Feather"}],"items_purged_floors":[4],"is_endless":false,"potions_floor_spawned":[7,10,11,22,29],"killed_by":"Collector","ascension_level":20}