{"gold_per_floor":[115,40,40,40,60,60,93,105,105,105,116,150,150,150,150,224,224,242,242,242,23,23,23,0,0],"floor_reached":25,"playtime":822,"items_purged":["Strike_R"],"score":460,"play_id":"1afdec68-8d53-4cb5-8b7b-84c8cf7de0f2","local_time":"20181123142420","is_ascension_mode":true,"campfire_choices":[{"data":"Bash","floor":6,"key":"SMITH"},{"data":"True Grit","floor":10,"key":"SMITH"},{"data":"Body Slam","floor":13,"key":"SMITH"},{"data":"Clothesline","floor":15,"key":"SMITH"},{"data":"Evolve","floor":23,"key":"SMITH"}],"neow_cost":"NONE","seed_source_timestamp":227435678046281,"circlet_count":0,"master_deck":["AscendersBane","Strike_R+1","Strike_R","Strike_R","Defend_R","Defend_R","Defend_R","Defend_R+1","Bash+1","Evolve+1","True Grit+1","Shrug It Off","Clothesline+1","Body Slam+1","Feed+1","Metallicize"],"relics":["Burning Blood","NeowsBlessing","Oddly Smooth Stone","Question Card","Pen Nib","Coffee Dripper","OrangePellets"],"potions_floor_usage":[16],"damage_taken":[{"damage":0,"enemies":"Cultist","floor":1,"turns":1},{"damage":0,"enemies":"2 Louse","floor":5,"turns":1},{"damage":0,"enemies":"Gremlin Nob","floor":7,"turns":1},{"damage":0,"enemies":"Jaw Worm","floor":8,"turns":3},{"damage":5,"enemies":"Exordium Wildlife","floor":11,"turns":5},{"damage":27,"enemies":"3 Sentries","floor":12,"turns":12},{"damage":26,"enemies":"The Guardian","floor":16,"turns":19},{"damage":27,"enemies":"3 Byrds","floor":18,"turns":8},{"damage":44,"enemies":"Book of Stabbing","floor":25,"turns":3}],"seed_played":"-8481046552618271648","potions_obtained":[{"floor":1,"key":"SpeedPotion"},{"floor":7,"key":"SteroidPotion"},{"floor":18,"key":"LiquidBronze"}],"is_trial":false,"path_per_floor":["M","$","?","?","M","R","E","M","T","R","M","E","R","?","R","B",null,"M","?","$","$","?","R","?","E"],"character_chosen":"IRONCLAD","items_purchased":["OrangePellets"],"campfire_rested":0,"item_purchase_floors":[21],"current_hp_per_floor":[74,74,51,51,57,57,63,69,69,69,70,49,49,42,42,22,62,44,44,44,44,44,44,44,0],"gold":0,"neow_bonus":"THREE_ENEMY_KILL","is_prod":false,"is_daily":false,"chose_seed":false,"campfire_upgraded":5,"win_rate":0,"timestamp":1543001060,"path_taken":["M","$","?","?","?","R","E","M","T","R","M","E","R","?","R","BOSS","M","?","?","$","?","R","?","E"],"build_version":"2018-11-15","purchased_purges":1,"victory":false,"max_hp_per_floor":[75,75,75,75,75,75,75,75,75,75,75,75,75,75,75,75,75,78,78,78,78,78,78,78,78],"card_choices":[{"not_picked":["Carnage","Iron Wave"],"picked":"Evolve","floor":1},{"not_picked":["Headbutt","Entrench"],"picked":"True Grit","floor":5},{"not_picked":["Havoc","Clash","Dual Wield"],"picked":"SKIP","floor":7},{"not_picked":["Flex","Rupture"],"picked":"Shrug It Off","floor":8},{"not_picked":["Flame Barrier","Anger","Flex"],"picked":"Clothesline","floor":11},{"not_picked":["Barricade","Rupture","Sentinel"],"picked":"Body Slam","floor":12},{"not_picked":["Bludgeon","Fiend Fire","Exhume"],"picked":"Feed","floor":16},{"not_picked":["Clash","Twin Strike","Evolve"],"picked":"Metallicize","floor":18}],"player_experience":1147433,"relics_obtained":[{"floor":7,"key":"Oddly Smooth Stone"},{"floor":9,"key":"Question Card"},{"floor":12,"key":"Pen Nib"}],"event_choices":[{"damage_healed":0,"gold_gain":0,"player_choice":"Entered Light","damage_taken":23,"max_hp_gain":0,"max_hp_loss":0,"event_name":"Shining Light","floor":3,"gold_loss":0,"cards_upgraded":["Defend_R","Strike_R"]},{"damage_healed":0,"gold_gain":0,"cards_transformed":["Strike_R"],"player_choice":"Transformed","damage_taken":0,"max_hp_gain":0,"max_hp_loss":0,"event_name":"Transmorgrifier","floor":4,"gold_loss":0,"cards_obtained":["Burning Pact"]},{"cards_removed":["Burning Pact"],"damage_healed":0,"gold_gain":0,"player_choice":"Card Removal","damage_taken":7,"max_hp_gain":0,"max_hp_loss":0,"event_name":"Golden Wing","floor":14,"gold_loss":0},{"damage_healed":0,"gold_gain":0,"player_choice":"Upgraded","damage_taken":0,"max_hp_gain":0,"max_hp_loss":0,"event_name":"Upgrade Shrine","floor":19,"gold_loss":0,"cards_upgraded":["Feed"]},{"damage_healed":0,"gold_gain":0,"player_choice":"Ignored","damage_taken":0,"max_hp_gain":0,"max_hp_loss":0,"event_name":"Beggar","floor":22,"gold_loss":0},{"damage_healed":0,"gold_gain":0,"player_choice":"Paid Fearfully","damage_taken":0,"max_hp_gain":0,"max_hp_loss":0,"event_name":"Masked Bandits","floor":24,"gold_loss":23}],"is_beta":false,"boss_relics":[{"not_picked":["Empty Cage","White Beast Statue"],"picked":"Coffee Dripper"}],"items_purged_floors":[2],"is_endless":false,"potions_floor_spawned":[1,7,8,11,18],"killed_by":"Book of Stabbing","ascension_level":20}