{"gold_per_floor":[114,127,2,52,63,63,123,123,199,219,40,40,56,56,56,56],"floor_reached":16,"playtime":667,"items_purged":["Decay","Strike_B"],"score":200,"play_id":"f640edc9-8ffe-4ae3-a938-6a2043e56d80","local_time":"20181118193915","is_ascension_mode":true,"campfire_choices":[{"data":"Zap","floor":6,"key":"SMITH"},{"floor":8,"key":"REST"},{"floor":12,"key":"REST"},{"data":"Recycle","floor":15,"key":"SMITH"}],"neow_cost":"CURSE","seed_source_timestamp":373222201842342,"circlet_count":0,"master_deck":["AscendersBane","Strike_B","Strike_B","Strike_B","Defend_B","Defend_B","Defend_B","Defend_B","Zap+1","Dualcast","Meteor Strike","Recycle+1","Conserve Battery","Hologram","Meteor Strike","Coolheaded","Hologram","Steam"],"relics":["Cracked Core","Tiny Chest","Pantograph"],"potions_floor_usage":[7,10,16],"damage_taken":[{"damage":0,"enemies":"Small Slimes","floor":1,"turns":2},{"damage":2,"enemies":"Cultist","floor":2,"turns":3},{"damage":7,"enemies":"Jaw Worm","floor":5,"turns":5},{"damage":50,"enemies":"3 Sentries","floor":7,"turns":11},{"damage":11,"enemies":"Lots of Slimes","floor":10,"turns":6},{"damage":16,"enemies":"Large Slime","floor":13,"turns":6},{"damage":80,"enemies":"Slime Boss","floor":16,"turns":11}],"seed_played":"-2166509669848107540","potions_obtained":[{"floor":2,"key":"FocusPotion"},{"floor":7,"key":"SkillPotion"},{"floor":13,"key":"Fire Potion"}],"is_trial":false,"path_per_floor":["M","M","$","?","M","R","E","R","T","M","$","R","M","?","R","B"],"character_chosen":"DEFECT","items_purchased":["Hologram","Recycle"],"campfire_rested":2,"item_purchase_floors":[3,11],"current_hp_per_floor":[64,62,62,62,55,55,5,26,26,15,15,36,20,71,71,0],"gold":56,"neow_bonus":"THREE_RARE_CARDS","is_prod":false,"is_daily":false,"chose_seed":false,"campfire_upgraded":2,"win_rate":0,"timestamp":1542587955,"path_taken":["M","M","$","?","M","R","E","R","T","?","$","R","M","?","R","BOSS"],"build_version":"2018-11-15","purchased_purges":2,"victory":false,"max_hp_per_floor":[71,71,71,71,71,71,71,71,71,71,71,71,71,71,71,71],"card_choices":[{"not_picked":["Amplify","Creative AI"],"picked":"Meteor Strike","floor":0},{"not_picked":["Cold Snap","Hologram"],"picked":"Recycle","floor":1},{"not_picked":["Go for the Eyes","Hello World"],"picked":"Conserve Battery","floor":2},{"not_picked":["Storm","Gash"],"picked":"Meteor Strike","floor":5},{"not_picked":["BootSequence","Compile Driver"],"picked":"Coolheaded","floor":7},{"not_picked":["Chill","Redo"],"picked":"Hologram","floor":10},{"not_picked":["Melter","Static Discharge"],"picked":"Steam","floor":13}],"player_experience":1101724,"relics_obtained":[{"floor":7,"key":"Tiny Chest"},{"floor":9,"key":"Pantograph"}],"event_choices":[{"damage_healed":0,"gold_gain":50,"player_choice":"Pray","damage_taken":0,"max_hp_gain":0,"max_hp_loss":0,"event_name":"Golden Shrine","floor":4,"gold_loss":0},{"cards_removed":["Recycle"],"damage_healed":51,"gold_gain":0,"player_choice":"Offered Uncommon","damage_taken":0,"max_hp_gain":0,"max_hp_loss":0,"event_name":"Bonfire Elementals","floor":14,"gold_loss":0}],"is_beta":false,"boss_relics":[],"items_purged_floors":[3,11],"is_endless":false,"potions_floor_spawned":[2,7,13],"killed_by":"Slime Boss","ascension_level":20}