{"gold_per_floor":[119,130,149,149,74,108,29,58,133,133],"floor_reached":10,"playtime":484,"items_purged":["Writhe"],"score":110,"play_id":"fed84bd4-6e78-4df2-a4a0-076d3765130e","local_time":"20190512144534","is_ascension_mode":true,"campfire_choices":[],"neow_cost":"NONE","seed_source_timestamp":3941615515220,"circlet_count":0,"master_deck":["Strike_B","Strike_B","Strike_B","Strike_B","Defend_B","Defend_B","Defend_B","Defend_B","Zap","Dualcast","Clumsy","Coolheaded","Streamline","Echo Form","Heatsinks","Self Repair","Electrodynamics"],"relics":["Calling Bell","Vajra","Question Card","Mango","Bird Faced Urn","Boot","Matryoshka"],"potions_floor_usage":[10],"damage_taken":[{"damage":5,"enemies":"Small Slimes","floor":1,"turns":3},{"damage":2,"enemies":"Cultist","floor":2,"turns":5},{"damage":4,"enemies":"Jaw Worm","floor":3,"turns":5},{"damage":40,"enemies":"3 Sentries","floor":6,"turns":10},{"damage":22,"enemies":"Lagavulin","floor":8,"turns":7},{"damage":16,"enemies":"3 Sentries","floor":10,"turns":4}],"seed_played":"7857545291949022472","potions_obtained":[{"floor":6,"key":"SpeedPotion"}],"is_trial":false,"path_per_floor":["M","M","M","?","$","E","$","E","T","E"],"character_chosen":"DEFECT","items_purchased":["Self Repair"],"campfire_rested":0,"item_purchase_floors":[7],"current_hp_per_floor":[77,75,71,64,64,24,24,6,6,0],"gold":133,"neow_bonus":"BOSS_RELIC","is_prod":false,"is_daily":false,"chose_seed":false,"campfire_upgraded":0,"win_rate":0,"timestamp":1557686734,"path_taken":["M","M","M","?","$","E","$","E","T","E"],"build_version":"2019-01-23","purchased_purges":1,"victory":false,"max_hp_per_floor":[89,89,89,89,89,89,89,89,89,89],"card_choices":[{"not_picked":["Steam","Leap","Double Energy"],"picked":"Coolheaded","floor":1},{"not_picked":["Leap","Capacitor","Ball Lightning"],"picked":"Streamline","floor":2},{"not_picked":["Conserve Battery","Ball Lightning","Melter"],"picked":"Echo Form","floor":3},{"not_picked":["Beam Cell","White Noise","Lockon"],"picked":"Heatsinks","floor":6},{"not_picked":["Echo Form","Sweeping Beam","Steam Power"],"picked":"Electrodynamics","floor":8}],"player_experience":293781,"relics_obtained":[{"floor":0,"key":"Vajra"},{"floor":0,"key":"Question Card"},{"floor":0,"key":"Mango"},{"floor":6,"key":"Bird Faced Urn"},{"floor":8,"key":"Boot"},{"floor":9,"key":"Matryoshka"}],"event_choices":[{"cards_removed":["Normality"],"damage_healed":0,"gold_gain":0,"player_choice":"Card Removal","damage_taken":7,"max_hp_gain":0,"max_hp_loss":0,"event_name":"Golden Wing","floor":4,"gold_loss":0}],"is_beta":false,"boss_relics":[],"items_purged_floors":[5],"is_endless":false,"potions_floor_spawned":[6],"killed_by":"3 Sentries","ascension_level":9}