{"gold_per_floor":[118,137,137,148,73,73,100,100,152,152,152],"floor_reached":11,"playtime":440,"items_purged":["Strike_G"],"score":142,"play_id":"24db9447-4d09-4241-ae46-509fb3e75c43","local_time":"20190219142631","is_ascension_mode":true,"campfire_choices":[{"data":"Neutralize","floor":6,"key":"SMITH"},{"floor":8,"key":"REST"},{"data":"Bouncing Flask","floor":10,"key":"SMITH"}],"neow_cost":"NONE","seed_source_timestamp":226348849322242,"circlet_count":0,"master_deck":["AscendersBane","Defend_G","Defend_G","Defend_G","Defend_G","Defend_G","Strike_G","Strike_G","Strike_G","Strike_G","Survivor","Neutralize+1","Poisoned Stab","Bouncing Flask+1","PiercingWail","Leg Sweep","Predator"],"relics":["Ring of the Snake","Dream Catcher","Oddly Smooth Stone"],"potions_floor_usage":[7],"damage_taken":[{"damage":0,"enemies":"Small Slimes","floor":1,"turns":3},{"damage":1,"enemies":"Jaw Worm","floor":2,"turns":3},{"damage":3,"enemies":"2 Louse","floor":4,"turns":4},{"damage":49,"enemies":"Gremlin Nob","floor":7,"turns":5},{"damage":25,"enemies":"3 Sentries","floor":11,"turns":7}],"seed_played":"6172993848382919420","potions_obtained":[{"floor":2,"key":"Dexterity Potion"},{"floor":4,"key":"Fire Potion"},{"floor":7,"key":"Poison Potion"}],"is_trial":false,"path_per_floor":["M","M","?","M","$","R","E","R","T","R","E"],"character_chosen":"THE_SILENT","items_purchased":[],"campfire_rested":1,"item_purchase_floors":[],"current_hp_per_floor":[59,58,58,55,55,55,6,25,25,25,0],"gold":152,"neow_bonus":"THREE_CARDS","is_prod":false,"is_daily":false,"chose_seed":false,"campfire_upgraded":2,"win_rate":0,"timestamp":1550604391,"path_taken":["M","M","?","M","$","R","E","R","T","R","E"],"build_version":"2019-01-23","purchased_purges":1,"victory":false,"max_hp_per_floor":[66,66,66,66,66,66,66,66,66,66,66],"card_choices":[{"not_picked":["Prepared","Setup"],"picked":"Poisoned Stab","floor":0},{"not_picked":["Prepared","Outmaneuver"],"picked":"Bouncing Flask","floor":1},{"not_picked":["Setup","Outmaneuver"],"picked":"PiercingWail","floor":2},{"not_picked":["Poisoned Stab","Dodge and Roll"],"picked":"Leg Sweep","floor":4},{"not_picked":["Tactician","Poisoned Stab","Choke"],"picked":"SKIP","floor":7},{"not_picked":["Heel Hook","Eviscerate"],"picked":"Predator","floor":8}],"player_experience":1369749,"relics_obtained":[{"floor":7,"key":"Dream Catcher"},{"floor":9,"key":"Oddly Smooth Stone"}],"event_choices":[{"damage_healed":0,"gold_gain":0,"player_choice":"Leave","damage_taken":0,"max_hp_gain":0,"max_hp_loss":0,"event_name":"The Cleric","floor":3,"gold_loss":0}],"is_beta":false,"boss_relics":[],"items_purged_floors":[5],"is_endless":false,"potions_floor_spawned":[2,4,7],"killed_by":"3 Sentries","ascension_level":20}