{"gold_per_floor":[19,34,184,197,208,208,208,236,248,260,298,310,357,141,141,141],"floor_reached":16,"playtime":642,"items_purged":["Strike_G"],"score":250,"play_id":"590bb68e-0224-429e-b0b1-cc8bb1b51ea3","local_time":"20181014194414","is_ascension_mode":true,"campfire_choices":[{"data":"Neutralize","floor":6,"key":"SMITH"},{"data":"Survivor","floor":10,"key":"SMITH"},{"data":"Escape Plan","floor":12,"key":"SMITH"},{"data":"Cloak And Dagger","floor":15,"key":"SMITH"}],"neow_cost":"NO_GOLD","seed_source_timestamp":361826569035731,"circlet_count":0,"master_deck":["Defend_G","Defend_G","Defend_G","Defend_G","Defend_G","Strike_G","Strike_G","Strike_G","Strike_G","Survivor+1","Neutralize+1","AscendersBane","Backstab","Quick Slash","Dagger Throw","Dagger Throw","Die Die Die","Escape Plan+1","Cloak And Dagger+1"],"special_seed":0,"relics":["Ring of the Snake","WingedGreaves","MawBank","Bottled Lightning","Blue Candle","Unceasing Top","Omamori"],"potions_floor_usage":[13,13,16],"damage_taken":[{"damage":1,"enemies":"Small Slimes","floor":1,"turns":5},{"damage":2,"enemies":"Jaw Worm","floor":2,"turns":4},{"damage":0,"enemies":"2 Louse","floor":4,"turns":3},{"damage":4,"enemies":"Blue Slaver","floor":5,"turns":4},{"damage":12,"enemies":"Gremlin Nob","floor":8,"turns":4},{"damage":5,"enemies":"3 Sentries","floor":11,"turns":7},{"damage":0,"enemies":"Gremlin Nob","floor":13,"turns":2},{"damage":36,"enemies":"Slime Boss","floor":16,"turns":5}],"seed_played":"-2816162762918037415","potions_obtained":[{"floor":4,"key":"Fire Potion"},{"floor":5,"key":"GamblersBrew"},{"floor":13,"key":"SpeedPotion"}],"is_trial":false,"path_per_floor":["M","M","?","M","M","R","?","E","T","R","E","R","E","$","R"],"character_chosen":"THE_SILENT","items_purchased":["Omamori"],"campfire_rested":0,"item_purchase_floors":[14],"current_hp_per_floor":[58,56,56,56,52,52,52,40,40,40,35,35,35,35,35,0],"gold":141,"neow_bonus":"ONE_RARE_RELIC","is_prod":false,"is_daily":false,"chose_seed":false,"campfire_upgraded":4,"win_rate":0,"timestamp":1539560654,"path_taken":["M","M","?","M","M","R","?","E","T","R","E","R","E","$","R","BOSS"],"build_version":"2018-10-11","purchased_purges":1,"victory":false,"max_hp_per_floor":[66,66,66,66,66,66,66,66,66,66,66,66,66,66,66,66],"card_choices":[{"not_picked":["Deadly Poison","Tactician"],"picked":"Backstab","floor":1},{"not_picked":["Dodge and Roll","Bane"],"picked":"Quick Slash","floor":2},{"not_picked":["Blade Dance","Reflex"],"picked":"Dagger Throw","floor":4},{"not_picked":["Blade Dance","Expertise"],"picked":"Dagger Throw","floor":5},{"not_picked":["Catalyst","Heel Hook"],"picked":"Die Die Die","floor":8},{"not_picked":["Accuracy","Sucker Punch"],"picked":"Escape Plan","floor":11},{"not_picked":["PiercingWail","Backflip"],"picked":"Cloak And Dagger","floor":13}],"player_experience":891824,"relics_obtained":[{"floor":8,"key":"MawBank"},{"floor":9,"key":"Bottled Lightning"},{"floor":11,"key":"Blue Candle"},{"floor":13,"key":"Unceasing Top"}],"event_choices":[{"event_name":"Liars Game","player_choice":"agreed","floor":3,"damage_taken":0},{"event_name":"Living Wall","player_choice":"Forget","floor":7,"damage_taken":0}],"is_beta":false,"boss_relics":[],"items_purged_floors":[14],"is_endless":false,"potions_floor_spawned":[4,5,11,13],"killed_by":"Slime Boss","ascension_level":15}