{"gold_per_floor":[116,128,146,164,164,164,179,179,206,131,143,156,166,176,176,176],"floor_reached":16,"playtime":740,"items_purged":["Corruption"],"score":108,"play_id":"7f97aa31-556e-43f1-88ee-b13cbfada74c","local_time":"20190627142114","is_ascension_mode":true,"campfire_choices":[{"data":"Dropkick","floor":6,"key":"SMITH"},{"data":"Bash","floor":8,"key":"SMITH"},{"floor":15,"key":"REST"}],"neow_cost":"TEN_PERCENT_HP_LOSS","seed_source_timestamp":678946055517210,"circlet_count":0,"master_deck":["Strike_R+1","Strike_R","Strike_R+1","Strike_R","Defend_R","Defend_R","Defend_R","Bash+1","Dropkick+1","Evolve"],"relics":["Burning Blood","FaceOfCleric","Whetstone"],"potions_floor_usage":[7,7,12,13],"damage_taken":[{"damage":8,"enemies":"Jaw Worm","floor":1,"turns":4},{"damage":1,"enemies":"Cultist","floor":2,"turns":3},{"damage":5,"enemies":"Small Slimes","floor":3,"turns":4},{"damage":23,"enemies":"Red Slaver","floor":4,"turns":7},{"damage":8,"enemies":"2 Fungi Beasts","floor":7,"turns":3},{"damage":3,"enemies":"Blue Slaver","floor":11,"turns":4},{"damage":5,"enemies":"3 Louse","floor":12,"turns":3},{"damage":28,"enemies":"Large Slime","floor":13,"turns":5},{"damage":9,"enemies":"2 Fungi Beasts","floor":14,"turns":3},{"damage":71,"enemies":"Hexaghost","floor":16,"turns":9}],"seed_played":"7127580311259188775","potions_obtained":[{"floor":2,"key":"Regen Potion"},{"floor":4,"key":"Dexterity Potion"},{"floor":7,"key":"Strength Potion"},{"floor":11,"key":"PowerPotion"}],"is_trial":false,"path_per_floor":["M","M","M","M","?","R","M","R","T","$","M","M","M","M","R","B"],"character_chosen":"IRONCLAD","items_purchased":[],"campfire_rested":1,"item_purchase_floors":[],"current_hp_per_floor":[70,72,72,55,55,55,63,63,63,63,67,69,48,46,69,0],"gold":176,"neow_bonus":"REMOVE_TWO","is_prod":false,"is_daily":false,"chose_seed":false,"campfire_upgraded":2,"win_rate":0,"timestamp":1561638074,"path_taken":["M","M","M","M","?","R","M","R","T","$","M","?","M","M","R","BOSS"],"build_version":"2019-01-23","purchased_purges":1,"victory":false,"max_hp_per_floor":[72,72,72,72,72,72,73,73,73,73,74,75,76,77,77,77],"card_choices":[{"not_picked":["Thunderclap","Iron Wave","Twin Strike"],"picked":"SKIP","floor":1},{"not_picked":["Reckless Charge","Clash","Havoc"],"picked":"SKIP","floor":2},{"not_picked":["True Grit","Headbutt"],"picked":"Corruption","floor":3},{"not_picked":["Sword Boomerang","Flex"],"picked":"Dropkick","floor":4},{"not_picked":["Thunderclap","Twin Strike","Brutality"],"picked":"SKIP","floor":7},{"not_picked":["Heavy Blade","Headbutt","Hemokinesis"],"picked":"SKIP","floor":11},{"not_picked":["Headbutt","Intimidate"],"picked":"Evolve","floor":12},{"not_picked":["Warcry","Infernal Blade","Heavy Blade"],"picked":"SKIP","floor":13},{"not_picked":["Pommel Strike","Twin Strike","Shrug It Off"],"picked":"SKIP","floor":14}],"player_experience":147544,"relics_obtained":[{"floor":9,"key":"Whetstone"}],"event_choices":[{"damage_healed":0,"gold_gain":0,"player_choice":"Trade","damage_taken":0,"relics_obtained":["FaceOfCleric"],"max_hp_gain":0,"max_hp_loss":0,"event_name":"FaceTrader","floor":5,"gold_loss":0}],"is_beta":false,"boss_relics":[],"items_purged_floors":[10],"is_endless":false,"potions_floor_spawned":[2,4,7,11],"killed_by":"Hexaghost","ascension_level":2}