{"gold_per_floor":[118,43,43,53,71,71,104,104,104,104,104,145,170,27,27,27],"floor_reached":16,"playtime":664,"items_purged":[],"score":189,"play_id":"60f200ac-697b-4a66-9347-2d3d11913638","local_time":"20181022232325","is_ascension_mode":true,"campfire_choices":[{"data":"Disarm","floor":6,"key":"SMITH"},{"data":"Shockwave","floor":8,"key":"SMITH"},{"data":"Reaper","floor":10,"key":"SMITH"},{"data":"True Grit","floor":15,"key":"SMITH"}],"neow_cost":"NONE","seed_source_timestamp":357281013321087,"circlet_count":0,"master_deck":["Strike_R","Strike_R+1","Strike_R+1","Strike_R","Defend_R","Defend_R","Defend_R","Defend_R","Bash+1","AscendersBane","Disarm+1","Shockwave+1","Reaper+1","Offering","Flame Barrier","Uppercut","True Grit+1"],"relics":["Burning Blood","Strawberry","Kunai","Golden Idol","Whetstone","Tiny Chest"],"potions_floor_usage":[7,12,16,16],"damage_taken":[{"damage":6,"enemies":"Small Slimes","floor":1,"turns":4},{"damage":0,"enemies":"Cultist","floor":4,"turns":5},{"damage":3,"enemies":"Jaw Worm","floor":5,"turns":5},{"damage":64,"enemies":"Lagavulin","floor":7,"turns":12},{"damage":23,"enemies":"Gremlin Nob","floor":12,"turns":5},{"damage":3,"enemies":"Blue Slaver","floor":13,"turns":6},{"damage":35,"enemies":"Hexaghost","floor":16,"turns":16}],"seed_played":"-3584031721929529565","potions_obtained":[{"floor":1,"key":"SneckoOil"},{"floor":7,"key":"Weak Potion"},{"floor":12,"key":"Block Potion"},{"floor":13,"key":"Energy Potion"}],"is_trial":false,"path_per_floor":["M","?","?","M","M","R","E","R","T","R","?","E","M","$","R"],"character_chosen":"IRONCLAD","items_purchased":["Tiny Chest","True Grit"],"campfire_rested":0,"item_purchase_floors":[14,14],"current_hp_per_floor":[68,68,68,74,75,75,28,28,28,28,28,18,26,26,26,0],"gold":27,"neow_bonus":"UPGRADE_CARD","is_prod":false,"is_daily":false,"chose_seed":false,"campfire_upgraded":4,"win_rate":0,"timestamp":1540265005,"path_taken":["M","?","?","M","M","R","E","R","T","R","?","E","M","?","R","BOSS"],"build_version":"2018-10-18","purchased_purges":0,"victory":false,"max_hp_per_floor":[75,75,75,75,75,75,82,82,82,82,74,74,74,74,74,74],"card_choices":[{"not_picked":["Armaments","Iron Wave"],"picked":"Disarm","floor":1},{"not_picked":["Sword Boomerang","Flex"],"picked":"Shockwave","floor":4},{"not_picked":["Entrench","True Grit"],"picked":"Reaper","floor":5},{"not_picked":["True Grit","Shockwave"],"picked":"Offering","floor":7},{"not_picked":["Corruption","Perfected Strike"],"picked":"Flame Barrier","floor":12},{"not_picked":["Wild Strike","Rupture"],"picked":"Uppercut","floor":13}],"player_experience":951240,"relics_obtained":[{"floor":7,"key":"Strawberry"},{"floor":9,"key":"Kunai"},{"floor":12,"key":"Whetstone"}],"event_choices":[{"cards_removed":["Strike_R"],"damage_healed":0,"gold_gain":0,"player_choice":"Card Removal","damage_taken":0,"max_hp_gain":0,"max_hp_loss":0,"event_name":"The Cleric","floor":2,"gold_loss":75},{"damage_healed":0,"gold_gain":0,"player_choice":"Ignored","damage_taken":0,"max_hp_gain":0,"max_hp_loss":0,"event_name":"Liars Game","floor":3,"gold_loss":0},{"damage_healed":0,"gold_gain":0,"player_choice":"Lose Max HP","damage_taken":0,"relics_obtained":["Golden Idol"],"max_hp_gain":0,"max_hp_loss":8,"event_name":"Golden Idol","floor":11,"gold_loss":0}],"is_beta":false,"boss_relics":[],"items_purged_floors":[],"is_endless":false,"potions_floor_spawned":[1,7,12,13],"killed_by":"Hexaghost","ascension_level":15}