{"gold_per_floor":[117,167,180,191,210,210,226,246,246,246,246,276,276,305,305,379,379,390,405,205,475,487,487],"floor_reached":23,"playtime":1169,"items_purged":["Terror"],"score":406,"play_id":"44a23436-1a31-456b-846f-34bc57d100e1","local_time":"20181115220236","is_ascension_mode":true,"campfire_choices":[{"data":"Neutralize","floor":6,"key":"SMITH"},{"data":"Caltrops","floor":11,"key":"SMITH"},{"data":"Leg Sweep","floor":13,"key":"SMITH"},{"data":"Leg Sweep","floor":15,"key":"SMITH"}],"neow_cost":"CURSE","seed_source_timestamp":122085160116980,"circlet_count":0,"master_deck":["AscendersBane","Defend_G","Defend_G","Defend_G","Defend_G","Defend_G","Strike_G","Strike_G","Survivor","Neutralize+1","Writhe","Heel Hook","Caltrops+1","Leg Sweep+1","Dash","Infinite Blades","Leg Sweep+1","Deflect","Adrenaline","Choke+1","Tactician+1","Terror+1","Footwork","Dagger Spray+1","Footwork","Footwork"],"special_seed":0,"relics":["Ring of the Snake","Du-Vu Doll","Pantograph","Bag of Marbles","Ornamental Fan","Astrolabe"],"potions_floor_usage":[5,5,5,12,23,23],"damage_taken":[{"damage":1.0,"enemies":"Small Slimes","floor":1.0,"turns":3.0},{"damage":0,"enemies":"Cultist","floor":3,"turns":3},{"damage":12,"enemies":"Jaw Worm","floor":4,"turns":4},{"damage":29,"enemies":"Gremlin Gang","floor":5,"turns":6},{"damage":3,"enemies":"3 Louse","floor":7,"turns":4},{"damage":0,"enemies":"Looter","floor":8,"turns":3},{"damage":24,"enemies":"Gremlin Nob","floor":12,"turns":5},{"damage":2,"enemies":"3 Sentries","floor":14,"turns":6},{"damage":10,"enemies":"Hexaghost","floor":16,"turns":9},{"damage":0,"enemies":"2 Thieves","floor":18,"turns":4},{"damage":16,"enemies":"Shell Parasite","floor":19,"turns":6},{"damage":6,"enemies":"3 Cultists","floor":22,"turns":7},{"damage":20,"enemies":"Gremlin Leader","floor":23,"turns":4}],"seed_played":"6635053090020179433","potions_obtained":[{"floor":1.0,"key":"EntropicBrew"},{"floor":4,"key":"Ancient Potion"},{"floor":5,"key":"SmokeBomb"},{"floor":14,"key":"Dexterity Potion"},{"floor":18,"key":"Explosive Potion"}],"is_trial":false,"path_per_floor":["M","?","M","M","M","R","M","M","T","?","R","E","R","E","R","B",null,"M","M","$","?","M","E"],"character_chosen":"THE_SILENT","items_purchased":["Footwork","GhostInAJar"],"campfire_rested":0,"item_purchase_floors":[20,20],"current_hp_per_floor":[58,52,52,40,11,11,8,8,8,66,66,42,42,40,40,55,63,63,47,47,23,17,0],"gold":487,"neow_bonus":"ONE_RARE_RELIC","is_prod":false,"is_daily":false,"chose_seed":false,"campfire_upgraded":4,"win_rate":0,"timestamp":1542337356,"path_taken":["M","?","?","M","M","R","M","M","T","?","R","E","R","E","R","BOSS","M","?","$","?","M","E"],"build_version":"2018-11-15","purchased_purges":1,"victory":false,"max_hp_per_floor":[66,66,66,66,66,66,66,66,66,66,66,66,66,66,66,66,66,66,66,66,66,66,66],"card_choices":[{"not_picked":["Prepared","Reflex"],"picked":"Heel Hook","floor":1.0},{"not_picked":["Dagger Throw","Underhanded Strike"],"picked":"Caltrops","floor":3},{"not_picked":["Prepared","Setup"],"picked":"Leg Sweep","floor":4},{"not_picked":["Calculated Gamble","Skewer"],"picked":"Dash","floor":5},{"not_picked":["Prepared","Caltrops"],"picked":"Infinite Blades","floor":7},{"not_picked":["Distraction","All Out Attack"],"picked":"Leg Sweep","floor":8},{"not_picked":["Poisoned Stab","Caltrops"],"picked":"Deflect","floor":12},{"not_picked":["Distraction","Deflect"],"picked":"Terror","floor":14},{"not_picked":["Phantasmal Killer","Venomology"],"picked":"Adrenaline","floor":16},{"not_picked":["Backflip","Deadly Poison"],"picked":"Footwork","floor":18},{"not_picked":["Finisher","Dagger Throw"],"picked":"Dagger Spray+1","floor":19},{"not_picked":["Backflip","Predator"],"picked":"Footwork","floor":22}],"player_experience":1056928,"relics_obtained":[{"floor":9,"key":"Pantograph"},{"floor":12,"key":"Bag of Marbles"},{"floor":14,"key":"Ornamental Fan"}],"event_choices":[{"damage_healed":0,"gold_gain":50,"player_choice":"Touch","damage_taken":6,"max_hp_gain":0,"max_hp_loss":0,"event_name":"FaceTrader","floor":2,"gold_loss":0},{"damage_healed":58,"gold_gain":0,"player_choice":"Full Heal","damage_taken":0,"max_hp_gain":0,"max_hp_loss":0,"event_name":"Wheel of Change","floor":10,"gold_loss":0},{"damage_healed":0,"gold_gain":270,"player_choice":"GOLD GOLD GOLD ","damage_taken":24,"max_hp_gain":0,"max_hp_loss":0,"event_name":"Knowing Skull","floor":21,"potions_obtained":[],"gold_loss":0,"cards_obtained":[]}],"is_beta":false,"boss_relics":[{"not_picked":["Velvet Choker","HoveringKite"],"picked":"Astrolabe"}],"items_purged_floors":[20],"is_endless":false,"potions_floor_spawned":[1,4,5,14,18,22],"killed_by":"Gremlin Leader","ascension_level":20}