{"gold_per_floor":[12,12,12,30,50,50,1,1,1,24,44,58,98,117,117,240,240,254,80,100,116,116,116,139,139,139,154,3,23,23,46,46,167,167,190,116,73,92,105,105,21,41,41,59,59,84,84,84,84,84],"floor_reached":50,"playtime":4971,"items_purged":["Strike_G","Strike_G"],"score":450,"play_id":"f8e7213a-8efe-4699-bed8-691d0768d499","local_time":"20190723153115","is_ascension_mode":false,"campfire_choices":[{"data":"Neutralize","floor":6,"key":"SMITH"},{"data":"Blade Dance","floor":8,"key":"SMITH"},{"data":"Sucker Punch","floor":15,"key":"SMITH"},{"data":"Noxious Fumes","floor":23,"key":"SMITH"},{"data":"Accuracy","floor":25,"key":"SMITH"},{"floor":30,"key":"REST"},{"floor":32,"key":"REST"},{"data":"Night Terror","floor":40,"key":"SMITH"},{"floor":45,"key":"REST"},{"floor":49,"key":"REST"}],"neow_cost":"NO_GOLD","seed_source_timestamp":1086825363017113,"circlet_count":0,"master_deck":["Defend_G","Defend_G","Defend_G","Defend_G","Defend_G","Survivor","Neutralize+1","Die Die Die","Sucker Punch+1","Blade Dance+1","Escape Plan","Well Laid Plans","Corpse Explosion","Backflip","Accuracy+1","Blade Dance+1","Noxious Fumes+1","Backflip","Tools of the Trade","Reflex","Dash+1","Night Terror+1","Predator+1","Finisher+1","Leg Sweep+1","Terror","Backflip+1","Accuracy","Caltrops","Reflex","Backstab+1"],"relics":["Ring of the Snake","Golden Idol","PreservedInsect","Mercury Hourglass","Philosopher\u0027s Stone","Letter Opener","Astrolabe","Tiny Chest","Molten Egg 2","Gremlin Horn"],"potions_floor_usage":[12,16,20,24,31,33,33,35,44,46,46],"damage_taken":[{"damage":2,"enemies":"Small Slimes","floor":1,"turns":2},{"damage":0,"enemies":"2 Louse","floor":4,"turns":1},{"damage":0,"enemies":"Jaw Worm","floor":5,"turns":3},{"damage":0,"enemies":"Lots of Slimes","floor":10,"turns":1},{"damage":16,"enemies":"Gremlin Gang","floor":11,"turns":4},{"damage":2,"enemies":"Looter","floor":12,"turns":4},{"damage":9,"enemies":"3 Sentries","floor":13,"turns":4},{"damage":2,"enemies":"Exordium Thugs","floor":14,"turns":4},{"damage":9,"enemies":"The Guardian","floor":16,"turns":12},{"damage":8,"enemies":"2 Thieves","floor":18,"turns":2},{"damage":12,"enemies":"Spheric Guardian","floor":20,"turns":4},{"damage":18,"enemies":"Snake Plant","floor":21,"turns":5},{"damage":3,"enemies":"Snecko","floor":24,"turns":6},{"damage":12,"enemies":"3 Cultists","floor":27,"turns":3},{"damage":13,"enemies":"Centurion and Healer","floor":29,"turns":3},{"damage":17,"enemies":"Chosen and Byrds","floor":31,"turns":3},{"damage":28,"enemies":"Collector","floor":33,"turns":8},{"damage":14,"enemies":"3 Darklings","floor":35,"turns":3},{"damage":0,"enemies":"Orb Walker","floor":38,"turns":3},{"damage":16,"enemies":"Maw","floor":39,"turns":7},{"damage":19,"enemies":"3 Darklings","floor":42,"turns":4},{"damage":29,"enemies":"Sphere and 2 Shapes","floor":44,"turns":6},{"damage":8,"enemies":"Maw","floor":46,"turns":8},{"damage":54,"enemies":"Donu and Deca","floor":50,"turns":4}],"seed_played":"-1646426099119700438","potions_obtained":[{"floor":5,"key":"Swift Potion"},{"floor":10,"key":"PowerPotion"},{"floor":11,"key":"Fruit Juice"},{"floor":16,"key":"Regen Potion"},{"floor":18,"key":"AttackPotion"},{"floor":27,"key":"AttackPotion"},{"floor":29,"key":"PowerPotion"},{"floor":31,"key":"SpeedPotion"},{"floor":39,"key":"LiquidBronze"},{"floor":44,"key":"Swift Potion"}],"is_trial":false,"path_per_floor":["M","?","?","M","M","R","$","R","T","M","M","M","E","M","R","B",null,"M","$","M","M","?","R","M","R","T","M","$","M","R","M","R","B",null,"M","$","?","M","M","R","$","M","T","M","R","M","?","T","R","B"],"character_chosen":"THE_SILENT","items_purchased":["PowerPotion","Backflip","Accuracy","Fire Potion","Terror","Caltrops","Dexterity Potion"],"campfire_rested":4,"item_purchase_floors":[7,19,19,28,36,41,41],"current_hp_per_floor":[68,51,56,56,56,56,56,56,56,56,40,43,34,32,32,23,80,72,72,65,47,47,47,44,44,44,32,32,19,43,26,50,22,80,66,66,66,66,50,50,50,31,31,2,26,18,18,18,42,0],"gold":84,"neow_bonus":"THREE_RARE_CARDS","is_prod":false,"is_daily":false,"chose_seed":false,"campfire_upgraded":6,"win_rate":0,"timestamp":1563910275,"path_taken":["M","?","?","M","M","R","?","R","T","M","?","?","E","M","R","BOSS","M","$","?","?","?","R","M","R","T","M","$","M","R","M","R","BOSS","M","$","?","M","M","R","?","M","T","M","R","M","?","?","R","BOSS"],"build_version":"2019-07-17","purchased_purges":2,"victory":false,"max_hp_per_floor":[70,70,75,75,75,75,75,75,75,75,75,80,80,80,80,80,80,80,80,80,80,80,80,80,80,80,80,80,80,80,80,80,80,80,80,80,80,80,80,80,80,80,80,80,80,80,80,80,80,80],"card_choices":[{"not_picked":["Envenom","Night Terror"],"picked":"Die Die Die","floor":0},{"not_picked":["Outmaneuver","Quick Slash"],"picked":"Sucker Punch","floor":1},{"not_picked":["Prepared","Tactician","Masterful Stab"],"picked":"SKIP","floor":4},{"not_picked":["Infinite Blades","Deflect"],"picked":"Blade Dance","floor":5},{"not_picked":["Dagger Spray","Blade Dance","Deflect"],"picked":"SKIP","floor":10},{"not_picked":["Finisher","Cloak And Dagger"],"picked":"Escape Plan","floor":11},{"not_picked":["Expertise","Bane"],"picked":"Well Laid Plans","floor":12},{"not_picked":["Heel Hook","Blade Dance","Concentrate"],"picked":"SKIP","floor":13},{"not_picked":["Finisher","Endless Agony","Poisoned Stab"],"picked":"SKIP","floor":14},{"not_picked":["Storm of Steel","Night Terror"],"picked":"Corpse Explosion","floor":16},{"not_picked":["Slice+1","Prepared","Dodge and Roll"],"picked":"SKIP","floor":18},{"not_picked":["Poisoned Stab","Eviscerate"],"picked":"Blade Dance+1","floor":20},{"not_picked":["Blade Dance","Outmaneuver","Masterful Stab+1"],"picked":"SKIP","floor":21},{"not_picked":["Tactician+1","Bane+1"],"picked":"Backflip","floor":24},{"not_picked":["Dagger Throw","Poisoned Stab"],"picked":"Tools of the Trade","floor":27},{"not_picked":["Eviscerate","Underhanded Strike"],"picked":"Reflex","floor":29},{"not_picked":["Cloak And Dagger+1","Underhanded Strike"],"picked":"Dash+1","floor":31},{"not_picked":["Bullet Time","Grand Finale"],"picked":"Night Terror","floor":33},{"not_picked":["Expertise","Outmaneuver","Bane+1"],"picked":"SKIP","floor":35},{"not_picked":["Dagger Throw","PiercingWail"],"picked":"Backflip+1","floor":38},{"not_picked":["Deadly Poison","Dagger Spray+1"],"picked":"Accuracy","floor":39},{"not_picked":["Deadly Poison+1","Riddle With Holes","Skewer+1"],"picked":"SKIP","floor":42},{"not_picked":["Underhanded Strike+1","Dagger Spray+1"],"picked":"Reflex","floor":44},{"not_picked":["Sucker Punch+1","Flechettes+1"],"picked":"Backstab+1","floor":46}],"player_experience":4087887,"relics_obtained":[{"floor":9,"key":"PreservedInsect"},{"floor":13,"key":"Mercury Hourglass"},{"floor":26,"key":"Letter Opener"},{"floor":43,"key":"Molten Egg 2"},{"floor":48,"key":"Gremlin Horn"}],"event_choices":[{"damage_healed":0,"gold_gain":0,"player_choice":"Take Damage","damage_taken":17,"relics_obtained":["Golden Idol"],"max_hp_gain":0,"max_hp_loss":0,"event_name":"Golden Idol","floor":2,"gold_loss":0},{"damage_healed":0,"gold_gain":0,"player_choice":"Donut","damage_taken":0,"max_hp_gain":5,"max_hp_loss":0,"event_name":"Big Fish","floor":3,"gold_loss":0},{"damage_healed":0,"gold_gain":0,"player_choice":"Read","damage_taken":0,"max_hp_gain":0,"max_hp_loss":0,"event_name":"The Library","floor":22,"gold_loss":0,"cards_obtained":["Noxious Fumes"]},{"damage_healed":0,"gold_gain":0,"player_choice":"Paid Gold","damage_taken":0,"relics_obtained":["Tiny Chest"],"max_hp_gain":0,"max_hp_loss":0,"event_name":"WeMeetAgain","floor":37,"gold_loss":73},{"damage_healed":0,"gold_gain":0,"player_choice":"Ignored","damage_taken":0,"max_hp_gain":0,"max_hp_loss":0,"event_name":"Mysterious Sphere","floor":47,"gold_loss":0}],"is_beta":false,"boss_relics":[{"not_picked":["Coffee Dripper","Velvet Choker"],"picked":"Philosopher\u0027s Stone"},{"not_picked":["Sozu","Calling Bell"],"picked":"Astrolabe"}],"items_purged_floors":[19,28],"is_endless":false,"potions_floor_spawned":[5,10,11,16,18,27,29,31,39,44],"killed_by":"Donu and Deca","ascension_level":0}