{"gold_per_floor":[20,36,54,74,174,174,189,223,223,237,237,270,41,52,52,155,155,173,185,42,42],"floor_reached":21,"playtime":1311,"items_purged":["Strike_G"],"score":270,"play_id":"6c279754-6561-4859-99f9-751cbddb5843","local_time":"20190603184721","is_ascension_mode":true,"campfire_choices":[{"data":"Blade Dance","floor":6,"key":"SMITH"},{"floor":11,"key":"REST"},{"floor":15,"key":"REST"}],"neow_cost":"NO_GOLD","seed_source_timestamp":148141974312,"circlet_count":0,"master_deck":["Defend_G","Defend_G","Defend_G","Defend_G","Strike_G","Strike_G","Strike_G","Survivor","Neutralize","Accuracy","Blade Dance+1","Backflip","Skewer","Blade Dance","Footwork","Blur","Adrenaline","Accuracy"],"relics":["Ring of the Serpent","Nunchaku","Sundial","Ancient Tea Set","Regal Pillow"],"potions_floor_usage":[7,8,16,21],"damage_taken":[{"damage":0,"enemies":"2 Louse","floor":1,"turns":3},{"damage":5,"enemies":"Cultist","floor":2,"turns":5},{"damage":0,"enemies":"Small Slimes","floor":3,"turns":3},{"damage":7,"enemies":"3 Louse","floor":4,"turns":6},{"damage":1,"enemies":"Gremlin Gang","floor":7,"turns":4},{"damage":22,"enemies":"Lagavulin","floor":8,"turns":5},{"damage":6,"enemies":"Red Slaver","floor":10,"turns":4},{"damage":20,"enemies":"Gremlin Nob","floor":12,"turns":4},{"damage":0,"enemies":"Exordium Wildlife","floor":14,"turns":3},{"damage":3,"enemies":"The Guardian","floor":16,"turns":16},{"damage":41,"enemies":"Chosen","floor":18,"turns":8},{"damage":1,"enemies":"3 Byrds","floor":19,"turns":6},{"damage":27,"enemies":"Snake Plant","floor":21,"turns":8}],"seed_played":"2096713906015139454","potions_obtained":[{"floor":1,"key":"EssenceOfSteel"},{"floor":2,"key":"Strength Potion"},{"floor":12,"key":"Weak Potion"},{"floor":14,"key":"Ancient Potion"}],"is_trial":false,"path_per_floor":["M","M","M","M","?","R","M","E","T","M","R","E","$","M","R","B",null,"M","M","$","M"],"character_chosen":"THE_SILENT","items_purchased":["Blur","Regal Pillow","Accuracy"],"campfire_rested":2,"item_purchase_floors":[13,13,20],"current_hp_per_floor":[63,58,58,51,51,51,50,28,28,22,43,23,23,23,59,56,67,26,25,25,0],"gold":42,"neow_bonus":"REMOVE_TWO","is_prod":false,"is_daily":false,"chose_seed":false,"campfire_upgraded":1,"win_rate":0,"timestamp":1559602041,"path_taken":["M","M","M","M","?","R","M","E","T","M","R","E","$","M","R","BOSS","M","M","?","M"],"build_version":"2019-01-23","purchased_purges":1,"victory":false,"max_hp_per_floor":[70,70,70,70,70,70,70,70,70,70,70,70,70,70,70,70,70,70,70,70,70],"card_choices":[{"not_picked":["Eviscerate","Blade Dance"],"picked":"Accuracy","floor":1},{"not_picked":["Flying Knee","Acrobatics"],"picked":"Blade Dance","floor":2},{"not_picked":["Tactician","Quick Slash","Flying Knee"],"picked":"SKIP","floor":3},{"not_picked":["Backstab","Terror"],"picked":"Backflip","floor":4},{"not_picked":["Masterful Stab","Bouncing Flask"],"picked":"Skewer","floor":7},{"not_picked":["Deflect","Escape Plan"],"picked":"Blade Dance","floor":8},{"not_picked":["Slice","Acrobatics","Eviscerate"],"picked":"SKIP","floor":10},{"not_picked":["Glass Knife","Crippling Poison"],"picked":"Footwork","floor":12},{"not_picked":["PiercingWail","Concentrate","Catalyst"],"picked":"SKIP","floor":14},{"not_picked":["Night Terror","Burst"],"picked":"Adrenaline","floor":16},{"not_picked":["Acrobatics","Bouncing Flask","Quick Slash"],"picked":"SKIP","floor":19}],"player_experience":374292,"relics_obtained":[{"floor":8,"key":"Nunchaku"},{"floor":9,"key":"Sundial"},{"floor":12,"key":"Ancient Tea Set"}],"event_choices":[{"damage_healed":0,"gold_gain":100,"player_choice":"Pray","damage_taken":0,"max_hp_gain":0,"max_hp_loss":0,"event_name":"Golden Shrine","floor":5,"gold_loss":0}],"is_beta":false,"boss_relics":[{"not_picked":["Calling Bell","Lizard Tail"],"picked":"Ring of the Serpent"}],"items_purged_floors":[20],"is_endless":false,"potions_floor_spawned":[1,2,12,14],"killed_by":"Snake Plant","ascension_level":8}