{"gold_per_floor":[114,124,138,149,119,119,170,170,170,197,197,217,217,247,247,247],"floor_reached":16,"playtime":901,"items_purged":[],"score":100,"play_id":"1f14a179-7882-47d1-a897-9400c7edf575","local_time":"20190630045122","is_ascension_mode":false,"campfire_choices":[{"data":"1","floor":6,"key":"LIFT"},{"data":"2","floor":8,"key":"LIFT"},{"data":"3","floor":13,"key":"LIFT"},{"floor":15,"key":"REST"}],"neow_cost":"CURSE","seed_source_timestamp":657102111042243,"circlet_count":0,"master_deck":["Strike_R","Strike_R","Strike_R","Strike_R","Strike_R","Defend_R","Defend_R","Defend_R","Defend_R","Bash","Shame","Armaments","Corruption","Armaments","Heavy Blade","Iron Wave","Whirlwind","Cleave"],"relics":["Burning Blood","Girya","Magic Flower","Shovel"],"potions_floor_usage":[16],"damage_taken":[{"damage":13,"enemies":"Jaw Worm","floor":1,"turns":4},{"damage":0,"enemies":"Small Slimes","floor":2,"turns":3},{"damage":9,"enemies":"2 Louse","floor":3,"turns":4},{"damage":10,"enemies":"2 Fungi Beasts","floor":4,"turns":4},{"damage":5,"enemies":"Looter","floor":5,"turns":4},{"damage":62,"enemies":"Gremlin Nob","floor":10,"turns":6},{"damage":6,"enemies":"Red Slaver","floor":12,"turns":5},{"damage":73,"enemies":"Hexaghost","floor":16,"turns":9}],"seed_played":"-5368737667248600873","potions_obtained":[{"floor":12,"key":"Explosive Potion"}],"is_trial":false,"path_per_floor":["M","M","M","M","M","R","?","R","T","E","?","M","R","?","R","B"],"character_chosen":"IRONCLAD","items_purchased":[],"campfire_rested":1,"item_purchase_floors":[],"current_hp_per_floor":[73,79,76,72,73,73,73,73,73,20,46,49,49,49,73,0],"gold":247,"neow_bonus":"ONE_RARE_RELIC","is_prod":false,"is_daily":false,"chose_seed":false,"campfire_upgraded":0,"win_rate":0.0,"timestamp":1561895482,"path_taken":["M","M","M","M","M","R","?","R","T","E","?","M","R","?","R","BOSS"],"build_version":"2019-01-23","purchased_purges":0,"victory":false,"max_hp_per_floor":[80,80,80,80,80,80,80,80,80,80,80,80,80,80,80,80],"card_choices":[{"not_picked":["Warcry","Body Slam"],"picked":"Armaments","floor":1},{"not_picked":["Entrench","Shockwave"],"picked":"Corruption","floor":2},{"not_picked":["Offering","Shrug It Off"],"picked":"Armaments","floor":3},{"not_picked":["Shrug It Off","Iron Wave"],"picked":"Heavy Blade","floor":4},{"not_picked":["Sever Soul","Wild Strike"],"picked":"Iron Wave","floor":5},{"not_picked":["Perfected Strike","Evolve"],"picked":"Whirlwind","floor":10},{"not_picked":["Rupture","Shockwave"],"picked":"Cleave","floor":12}],"player_experience":28235,"relics_obtained":[{"floor":9,"key":"Magic Flower"},{"floor":10,"key":"Shovel"}],"event_choices":[{"damage_healed":0,"gold_gain":51,"player_choice":"Gained Gold","damage_taken":0,"max_hp_gain":0,"max_hp_loss":0,"event_name":"Golden Wing","floor":7,"gold_loss":0},{"damage_healed":26,"gold_gain":0,"player_choice":"Banana","damage_taken":0,"max_hp_gain":0,"max_hp_loss":0,"event_name":"Big Fish","floor":11,"gold_loss":0},{"damage_healed":0,"gold_gain":30,"player_choice":"Searched \u00271\u0027 times","damage_taken":0,"max_hp_gain":0,"max_hp_loss":0,"event_name":"Dead Adventurer","floor":14,"gold_loss":0}],"is_beta":false,"boss_relics":[],"items_purged_floors":[],"is_endless":false,"potions_floor_spawned":[12],"killed_by":"Hexaghost","ascension_level":0}