{"gold_per_floor":[117,135,135,146,146,175,68,68,139,158,158,158,158,193,193,193],"floor_reached":16,"playtime":690,"items_purged":[],"score":189,"play_id":"0ad30aab-7ae9-41d1-9e32-28a9af93d62a","local_time":"20181230134046","is_ascension_mode":true,"campfire_choices":[{"data":"Body Slam","floor":8,"key":"SMITH"},{"data":"Havoc","floor":11,"key":"SMITH"},{"data":"Pommel Strike","floor":13,"key":"SMITH"},{"data":"Rupture","floor":15,"key":"SMITH"}],"neow_cost":"NONE","seed_source_timestamp":8026359171557,"circlet_count":0,"master_deck":["AscendersBane","Strike_R","Strike_R","Strike_R","Strike_R","Defend_R","Defend_R","Defend_R","Defend_R","Bash+1","Anger","Body Slam+1","Pommel Strike+1","Corruption","Battle Trance","Havoc+1","Rupture+1"],"relics":["Burning Blood","Omamori","Juzu Bracelet"],"potions_floor_usage":[16,16],"damage_taken":[{"damage":6,"enemies":"Jaw Worm","floor":1,"turns":5},{"damage":1,"enemies":"2 Louse","floor":2,"turns":3},{"damage":6,"enemies":"Cultist","floor":4,"turns":3},{"damage":50,"enemies":"3 Sentries","floor":6,"turns":9},{"damage":8,"enemies":"Blue Slaver","floor":10,"turns":2},{"damage":20,"enemies":"Lagavulin","floor":14,"turns":5},{"damage":22,"enemies":"Hexaghost","floor":16,"turns":7}],"seed_played":"-5451913652815223661","potions_obtained":[{"floor":2,"key":"LiquidBronze"},{"floor":6,"key":"PowerPotion"}],"is_trial":false,"path_per_floor":["M","M","?","M","?","E","$","R","T","M","R","?","R","E","R","B"],"character_chosen":"IRONCLAD","items_purchased":["Corruption","Battle Trance"],"campfire_rested":0,"item_purchase_floors":[7,7],"current_hp_per_floor":[75,80,73,73,73,29,29,29,29,27,27,32,32,18,18,0],"gold":193,"neow_bonus":"TEN_PERCENT_HP_BONUS","is_prod":false,"is_daily":false,"chose_seed":false,"campfire_upgraded":4,"win_rate":0,"timestamp":1546195246,"path_taken":["M","M","?","M","?","E","$","R","T","?","R","?","R","E","R","BOSS"],"build_version":"2018-12-20","purchased_purges":0,"victory":false,"max_hp_per_floor":[82,82,82,82,82,82,82,82,82,82,82,87,87,87,87,87],"card_choices":[{"not_picked":["Wild Strike","Iron Wave"],"picked":"Anger","floor":1},{"not_picked":["Headbutt","Sever Soul"],"picked":"Body Slam","floor":2},{"not_picked":["Perfected Strike","Seeing Red","Sword Boomerang"],"picked":"SKIP","floor":4},{"not_picked":["Hemokinesis","Second Wind"],"picked":"Pommel Strike","floor":6},{"not_picked":["Bloodletting","Thunderclap"],"picked":"Havoc","floor":10},{"not_picked":["Sever Soul","Thunderclap"],"picked":"Rupture","floor":14}],"player_experience":1309521,"relics_obtained":[{"floor":6,"key":"Omamori"},{"floor":14,"key":"Juzu Bracelet"}],"event_choices":[{"cards_removed":["Strike_R"],"damage_healed":0,"gold_gain":0,"player_choice":"Card Removal","damage_taken":7,"max_hp_gain":0,"max_hp_loss":0,"event_name":"Golden Wing","floor":3,"gold_loss":0},{"damage_healed":0,"gold_gain":0,"player_choice":"Upgraded","damage_taken":0,"max_hp_gain":0,"max_hp_loss":0,"event_name":"Upgrade Shrine","floor":5,"gold_loss":0,"cards_upgraded":["Bash"]},{"damage_healed":0,"gold_gain":0,"player_choice":"Donut","damage_taken":0,"max_hp_gain":5,"max_hp_loss":0,"event_name":"Big Fish","floor":12,"gold_loss":0}],"is_beta":false,"boss_relics":[],"items_purged_floors":[],"is_endless":false,"potions_floor_spawned":[2,6,14],"killed_by":"Hexaghost","ascension_level":15}