{"gold_per_floor":[111,34,34,47,12,37,37,49,49,61,88,114,156,181,193,205],"floor_reached":16,"playtime":410,"items_purged":[],"score":240,"play_id":"03b151ee-f47c-411b-b241-018c390ac985","local_time":"20190720132315","is_ascension_mode":true,"campfire_choices":[{"data":"Sunder","floor":7,"key":"SMITH"},{"floor":15,"key":"REST"}],"neow_cost":"NONE","seed_source_timestamp":65687137208922,"circlet_count":0,"master_deck":["AscendersBane","Strike_B","Strike_B","Strike_B","Strike_B","Defend_B","Defend_B","Defend_B","Defend_B","Zap","Dualcast","Loop","Sunder+1","Redo","Chill","BootSequence","White Noise","Defragment","Sunder+1"],"relics":["Cracked Core","NeowsBlessing","Sundial","Molten Egg 2","MawBank","Letter Opener"],"potions_floor_usage":[13,16],"damage_taken":[{"damage":0,"enemies":"Jaw Worm","floor":1,"turns":1},{"damage":0,"enemies":"2 Louse","floor":4,"turns":1},{"damage":0,"enemies":"Lagavulin","floor":6,"turns":1},{"damage":0,"enemies":"Small Slimes","floor":8,"turns":2},{"damage":10,"enemies":"Exordium Wildlife","floor":11,"turns":3},{"damage":16,"enemies":"3 Louse","floor":12,"turns":4},{"damage":42,"enemies":"Gremlin Nob","floor":13,"turns":5},{"damage":1,"enemies":"Looter","floor":14,"turns":2},{"damage":24,"enemies":"Hexaghost","floor":16,"turns":7}],"seed_played":"-4204179182822869075","potions_obtained":[{"floor":4,"key":"SpeedPotion"},{"floor":8,"key":"LiquidBronze"},{"floor":12,"key":"Explosive Potion"}],"is_trial":false,"path_per_floor":["M","$","?","M","?","E","R","M","T","?","M","M","E","M","R","B"],"character_chosen":"DEFECT","items_purchased":["Sunder"],"campfire_rested":1,"item_purchase_floors":[2],"current_hp_per_floor":[64,64,53,53,70,70,70,70,70,70,60,44,2,1,22,0],"gold":205,"neow_bonus":"THREE_ENEMY_KILL","is_prod":false,"is_daily":false,"chose_seed":false,"campfire_upgraded":1,"win_rate":0,"timestamp":1563643395,"path_taken":["M","$","?","M","?","E","R","M","T","?","M","M","E","M","R","BOSS"],"build_version":"2019-07-17","purchased_purges":0,"victory":false,"max_hp_per_floor":[71,71,71,71,71,71,71,71,71,71,71,71,71,71,71,71],"card_choices":[{"not_picked":["Stack","Barrage"],"picked":"Loop","floor":1},{"not_picked":["Turbo","Hello World"],"picked":"Redo","floor":4},{"not_picked":["Conserve Battery","Leap"],"picked":"Chill","floor":6},{"not_picked":["Gash+1","Auto Shields"],"picked":"BootSequence","floor":8},{"not_picked":["Recycle","Cold Snap+1"],"picked":"White Noise","floor":11},{"not_picked":["Multi-Cast","Coolheaded"],"picked":"Defragment","floor":12},{"not_picked":["Blizzard+1","Self Repair"],"picked":"Sunder+1","floor":13},{"not_picked":["Stack","Aggregate","Sweeping Beam+1"],"picked":"SKIP","floor":14}],"player_experience":556914,"relics_obtained":[{"floor":6,"key":"Molten Egg 2"},{"floor":9,"key":"MawBank"},{"floor":13,"key":"Letter Opener"}],"event_choices":[{"damage_healed":0,"gold_gain":0,"player_choice":"Success","damage_taken":11,"relics_obtained":["Sundial"],"max_hp_gain":0,"max_hp_loss":0,"event_name":"Scrap Ooze","floor":3,"gold_loss":0},{"damage_healed":17,"gold_gain":0,"player_choice":"Healed","damage_taken":0,"max_hp_gain":0,"max_hp_loss":0,"event_name":"The Cleric","floor":5,"gold_loss":35},{"damage_healed":0,"gold_gain":0,"player_choice":"Ignored","damage_taken":0,"max_hp_gain":0,"max_hp_loss":0,"event_name":"Liars Game","floor":10,"gold_loss":0}],"is_beta":false,"boss_relics":[],"items_purged_floors":[],"is_endless":false,"potions_floor_spawned":[4,8,12],"killed_by":"Hexaghost","ascension_level":15}