{"gold_per_floor":[118,128,128,143,16,43,43,72,146,180,180,180,180,180,180,253,253,267,284,209,309,34,34,64,76,88,120,159,171,211,233,245,328,340,366,378,390,417,440,486,498,217,217,217,243,38,56,56,56,56,56,56,56,11,43,43],"floor_reached":57,"playtime":3236,"items_purged":["Strike_R","Strike_R","Strike_R","Decay"],"score":3518,"play_id":"066adbee-ea95-4dfa-b105-98ae1ab64b13","local_time":"20190119164950","is_ascension_mode":true,"campfire_choices":[{"data":"Corruption","floor":7,"key":"SMITH"},{"data":"Body Slam","floor":15,"key":"SMITH"},{"floor":23,"key":"REST"},{"data":"Feel No Pain","floor":25,"key":"SMITH"},{"data":"Body Slam","floor":32,"key":"SMITH"},{"floor":41,"key":"RECALL"},{"data":"Feel No Pain","floor":44,"key":"SMITH"},{"data":"Spot Weakness","floor":49,"key":"SMITH"},{"data":"Shrug It Off","floor":53,"key":"SMITH"}],"neow_cost":"NONE","seed_source_timestamp":15835581234632,"circlet_count":0,"master_deck":["AscendersBane","Defend_R+1","Defend_R","Defend_R","Defend_R+1","Bash","Feel No Pain+1","Body Slam+1","Corruption+1","Headbutt","Shrug It Off+1","Spot Weakness+1","Exhume+1","Reckless Charge","Intimidate+1","Impervious+1","Power Through+1","Infernal Blade+1","Injury","Shrug It Off+1","Rage+1","Sentinel+1","Infernal Blade+1","Body Slam+1","Offering+1","Ghostly Armor+1","True Grit+1","Madness+1","Madness+1","Feel No Pain+1","Battle Trance+1","Shockwave+1","Sentinel+1","Warcry+1","Havoc+1","Offering+1","Dark Shackles+1","Armaments+1","Armaments+1","Purity+1","Master of Strategy+1","The Bomb+1","Burning Pact+1","Fiend Fire"],"relics":["Burning Blood","Dead Branch","Dream Catcher","Letter Opener","Mummified Hand","Toxic Egg 2","Cursed Key","Prayer Wheel","Bottled Tornado","MawBank","Bag of Preparation","Question Card","Pantograph","Eternal Feather","Anchor","Membership Card","Omamori","War Paint","FossilizedHelix"],"potions_floor_usage":[2,12,21,21],"damage_taken":[{"damage":1,"enemies":"Cultist","floor":1,"turns":3},{"damage":2,"enemies":"Jaw Worm","floor":2,"turns":5},{"damage":5,"enemies":"Small Slimes","floor":4,"turns":6},{"damage":26,"enemies":"3 Sentries","floor":6,"turns":18},{"damage":6,"enemies":"Lagavulin","floor":8,"turns":5},{"damage":34,"enemies":"3 Sentries","floor":10,"turns":6},{"damage":2,"enemies":"3 Louse","floor":12,"turns":2},{"damage":28,"enemies":"Slime Boss","floor":16,"turns":5},{"damage":0,"enemies":"3 Byrds","floor":18,"turns":2},{"damage":0,"enemies":"Spheric Guardian","floor":19,"turns":2},{"damage":29,"enemies":"Colosseum Slavers","floor":21,"turns":4},{"damage":16,"enemies":"Colosseum Nobs","floor":21,"turns":4},{"damage":21,"enemies":"Slavers","floor":24,"turns":3},{"damage":0,"enemies":"Snake Plant","floor":27,"turns":3},{"damage":0,"enemies":"Gremlin Leader","floor":28,"turns":2},{"damage":0,"enemies":"Slavers","floor":30,"turns":2},{"damage":0,"enemies":"Shelled Parasite and Fungi","floor":31,"turns":2},{"damage":0,"enemies":"Collector","floor":33,"turns":2},{"damage":0,"enemies":"3 Shapes","floor":35,"turns":3},{"damage":0,"enemies":"Orb Walker","floor":38,"turns":2},{"damage":0,"enemies":"Writhing Mass","floor":39,"turns":2},{"damage":0,"enemies":"Nemesis","floor":40,"turns":3},{"damage":0,"enemies":"Reptomancer","floor":45,"turns":1},{"damage":12,"enemies":"Transient","floor":47,"turns":6},{"damage":6,"enemies":"Donu and Deca","floor":50,"turns":2},{"damage":8,"enemies":"Awakened One","floor":51,"turns":4},{"damage":0,"enemies":"Shield and Spear","floor":55,"turns":2},{"damage":9,"enemies":"The Heart","floor":56,"turns":5}],"seed_played":"-4236482998498761912","potions_obtained":[{"floor":1,"key":"Block Potion"},{"floor":8,"key":"SmokeBomb"},{"floor":10,"key":"Ancient Potion"},{"floor":16,"key":"Poison Potion"},{"floor":27,"key":"GamblersBrew"},{"floor":28,"key":"FearPotion"}],"is_trial":false,"path_per_floor":["M","M","?","M","$","E","R","E","T","E","?","M","?","T","R","B",null,"M","M","?","?","$","R","E","R","T","M","E","?","E","M","R","B",null,"M","?","?","M","M","E","R","$","T","R","E","$","M","?","R","B","B",null,"R","$","E","B",null],"character_chosen":"IRONCLAD","items_purchased":["Headbutt","Impervious+1","Membership Card","Havoc+1","War Paint","Dark Shackles+1","Burning Pact+1"],"campfire_rested":1,"item_purchase_floors":[5,22,42,42,46,46,54],"current_hp_per_floor":[80,82,75,76,76,56,56,56,56,28,82,82,87,87,87,65,82,87,87,87,54,54,80,65,65,65,71,77,77,83,87,87,87,87,87,71,71,77,83,87,87,87,87,87,87,87,81,71,87,87,85,87,87,87,87,84],"gold":43,"neow_bonus":"TEN_PERCENT_HP_BONUS","is_prod":false,"is_daily":false,"chose_seed":false,"campfire_upgraded":7,"win_rate":0,"timestamp":1547934590,"path_taken":["M","?","?","M","$","E","R","E","T","E","?","?","?","?","R","BOSS","M","M","?","?","$","R","E","R","T","?","E","?","E","M","R","BOSS","M","?","?","M","M","E","R","$","T","R","E","$","M","?","R","BOSS","BOSS","R","$","E","BOSS"],"build_version":"2019-01-17v2","purchased_purges":4,"victory":true,"max_hp_per_floor":[82,82,82,82,82,82,82,82,82,82,82,82,87,87,87,87,87,87,87,87,87,87,87,87,87,87,87,87,87,87,87,87,87,87,87,87,87,87,87,87,87,87,87,87,87,87,87,87,87,87,87,87,87,87,87,87],"card_choices":[{"not_picked":["Headbutt","Clothesline"],"picked":"Feel No Pain","floor":1},{"not_picked":["Cleave","Flex"],"picked":"Body Slam","floor":2},{"not_picked":["Cleave","Heavy Blade"],"picked":"Corruption","floor":4},{"not_picked":["Immolate","Headbutt"],"picked":"Shrug It Off","floor":6},{"not_picked":["Blood for Blood","Havoc"],"picked":"Spot Weakness","floor":8},{"not_picked":["Headbutt","Thunderclap"],"picked":"Intimidate","floor":10},{"not_picked":["Feed","Bludgeon"],"picked":"Exhume+1","floor":16},{"not_picked":["Sword Boomerang","Pommel Strike","Twin Strike"],"picked":"SKIP","floor":18},{"not_picked":["Cleave","Clothesline"],"picked":"Reckless Charge","floor":19},{"not_picked":["Flex+1","Inflame"],"picked":"Intimidate+1","floor":21},{"not_picked":["Fire Breathing","Sword Boomerang"],"picked":"Power Through+1","floor":23},{"not_picked":["Iron Wave","Twin Strike"],"picked":"Infernal Blade+1","floor":24},{"not_picked":["Twin Strike","Iron Wave"],"picked":"Shrug It Off+1","floor":27},{"not_picked":["Perfected Strike+1","Carnage","Wild Strike"],"picked":"SKIP","floor":27},{"not_picked":["Reckless Charge","Intimidate+1"],"picked":"Rage+1","floor":28},{"not_picked":["Barricade","Havoc+1","Cleave"],"picked":"Sentinel+1","floor":30},{"not_picked":["Cleave+1","Iron Wave","Perfected Strike"],"picked":"Infernal Blade+1","floor":31},{"not_picked":["Infernal Blade+1","Clothesline","Thunderclap"],"picked":"Body Slam","floor":31},{"not_picked":["Reaper","Barricade","Bludgeon"],"picked":"Offering+1","floor":33},{"not_picked":["Intimidate+1","Thunderclap","Perfected Strike"],"picked":"Ghostly Armor+1","floor":35},{"not_picked":["Sword Boomerang+1","Second Wind+1","Heavy Blade"],"picked":"True Grit+1","floor":35},{"not_picked":["Reckless Charge","Headbutt","Infernal Blade+1"],"picked":"Feel No Pain","floor":38},{"not_picked":["Havoc+1","Clash+1","Thunderclap+1"],"picked":"Battle Trance+1","floor":38},{"not_picked":["Body Slam","Thunderclap","True Grit+1"],"picked":"Shockwave+1","floor":39},{"not_picked":["Corruption","Heavy Blade","Clothesline"],"picked":"Sentinel+1","floor":39},{"not_picked":["Sever Soul+1","Thunderclap","Corruption"],"picked":"Warcry+1","floor":40},{"not_picked":["Heavy Blade","Dropkick","Wild Strike"],"picked":"Offering+1","floor":45},{"not_picked":["Iron Wave+1","Clothesline","Heavy Blade"],"picked":"Armaments+1","floor":47},{"not_picked":["Rampage","Blood for Blood","Perfected Strike"],"picked":"Armaments+1","floor":47},{"not_picked":["Forethought+1","Dramatic Entrance","Trip+1"],"picked":"Purity+1","floor":48},{"not_picked":["Flash of Steel","Magnetism","Good Instincts+1"],"picked":"Master of Strategy+1","floor":48},{"not_picked":["Madness+1","Mayhem","Finesse+1"],"picked":"The Bomb+1","floor":48},{"not_picked":["Spot Weakness+1","Twin Strike","Cleave"],"picked":"Fiend Fire","floor":55}],"player_experience":1337379,"relics_obtained":[{"floor":6,"key":"Dead Branch"},{"floor":8,"key":"Dream Catcher"},{"floor":9,"key":"Letter Opener"},{"floor":10,"key":"Mummified Hand"},{"floor":14,"key":"Toxic Egg 2"},{"floor":21,"key":"Prayer Wheel"},{"floor":21,"key":"Bottled Tornado"},{"floor":24,"key":"MawBank"},{"floor":26,"key":"Bag of Preparation"},{"floor":28,"key":"Question Card"},{"floor":30,"key":"Pantograph"},{"floor":40,"key":"Anchor"},{"floor":45,"key":"Omamori"},{"floor":55,"key":"FossilizedHelix"}],"event_choices":[{"cards_removed":["Strike_R"],"damage_healed":0,"gold_gain":0,"player_choice":"Card Removal","damage_taken":7,"max_hp_gain":0,"max_hp_loss":0,"event_name":"Golden Wing","floor":3,"gold_loss":0},{"cards_removed":["Intimidate"],"damage_healed":54,"gold_gain":0,"player_choice":"Offered Uncommon","damage_taken":0,"max_hp_gain":0,"max_hp_loss":0,"event_name":"Bonfire Elementals","floor":11,"gold_loss":0},{"damage_healed":0,"gold_gain":0,"player_choice":"Donut","damage_taken":0,"max_hp_gain":5,"max_hp_loss":0,"event_name":"Big Fish","floor":13,"gold_loss":0},{"cards_removed":["Strike_R"],"damage_healed":0,"gold_gain":0,"player_choice":"Gave Gold","damage_taken":0,"max_hp_gain":0,"max_hp_loss":0,"event_name":"Beggar","floor":20,"gold_loss":75},{"damage_healed":0,"gold_gain":0,"player_choice":"Fight","damage_taken":0,"max_hp_gain":0,"max_hp_loss":0,"event_name":"Colosseum","floor":21,"gold_loss":0},{"damage_healed":0,"gold_gain":0,"player_choice":"Fought Nobs","damage_taken":0,"max_hp_gain":0,"max_hp_loss":0,"event_name":"Colosseum","floor":21,"gold_loss":0},{"damage_healed":0,"gold_gain":0,"player_choice":"Ignored","damage_taken":0,"max_hp_gain":0,"max_hp_loss":0,"event_name":"Ghosts","floor":29,"gold_loss":0},{"damage_healed":0,"gold_gain":0,"player_choice":"Embrace Madness","damage_taken":16,"max_hp_gain":0,"max_hp_loss":0,"event_name":"Winding Halls","floor":36,"gold_loss":0,"cards_obtained":["Madness","Madness"]},{"damage_healed":0,"gold_gain":0,"player_choice":"Ignored","damage_taken":0,"max_hp_gain":0,"max_hp_loss":0,"event_name":"Tomb of Lord Red Mask","floor":37,"gold_loss":0},{"damage_healed":0,"gold_gain":0,"player_choice":"Memory 3","damage_taken":10,"max_hp_gain":0,"max_hp_loss":0,"event_name":"SensoryStone","floor":48,"gold_loss":0}],"is_beta":false,"boss_relics":[{"not_picked":["Runic Pyramid","Black Star"],"picked":"Cursed Key"},{"not_picked":["Orrery","Tiny House"],"picked":"Eternal Feather"}],"items_purged_floors":[5,22,42,46],"is_endless":false,"potions_floor_spawned":[1,8,10,16,19,27,28,30,31,38,45],"ascension_level":20}