{"gold_per_floor":[113,113,37,37,37,37,37,3,3,3,3,14,42,56,56,160,160,176,211,211,224,234,234,33,33,33,66,86,86,114,126,126,222,222,234,248,348,368,381,381,433,433,478,494,507,536,38,55,55,55,55,55,5,5],"floor_reached":54,"playtime":3731,"items_purged":["Strike_B"],"score":1117,"play_id":"4d3b5c06-187b-41e3-bb47-7fad25978e4b","local_time":"20190512143714","is_ascension_mode":true,"campfire_choices":[{"data":"Darkness","floor":6,"key":"SMITH"},{"floor":11,"key":"REST"},{"floor":15,"key":"REST"},{"floor":23,"key":"REST"},{"data":"Zap","floor":25,"key":"SMITH"},{"data":"Hologram","floor":29,"key":"SMITH"},{"floor":32,"key":"REST"},{"floor":40,"key":"DIG"},{"floor":42,"key":"REST"},{"floor":49,"key":"RECALL"},{"floor":52,"key":"REST"}],"neow_cost":"PERCENT_DAMAGE","seed_source_timestamp":188859360247,"circlet_count":0,"master_deck":["Defend_B","Defend_B","Defend_B","Zap+1","Dualcast+1","Darkness+1","Doom and Gloom+1","Loop+1","Buffer","Leap","Deep Breath","Reinforced Body","Steam","Defragment+1","Hologram+1","Fusion+1","Creative AI","Self Repair+1","Conserve Battery","Leap+1","Conserve Battery+1","Capacitor","Parasite","Reinforced Body+1"],"relics":["Cracked Core","Symbiotic Virus","Pantograph","Darkstone Periapt","Velvet Choker","Red Mask","Lee\u0027s Waffle","Ancient Tea Set","Pocketwatch","Bag of Preparation","Runic Pyramid","Shovel","DataDisk","Emotion Chip","Toxic Egg 2","Runic Capacitor","Strawberry"],"potions_floor_usage":[13,19,27,33,41,50,50,50,50,50,50],"damage_taken":[{"damage":0,"enemies":"2 Louse","floor":1,"turns":2},{"damage":2,"enemies":"Jaw Worm","floor":12,"turns":2},{"damage":14,"enemies":"Gremlin Nob","floor":13,"turns":3},{"damage":0,"enemies":"Small Slimes","floor":14,"turns":3},{"damage":0,"enemies":"Slime Boss","floor":16,"turns":4},{"damage":23,"enemies":"2 Thieves","floor":18,"turns":3},{"damage":12,"enemies":"Masked Bandits","floor":19,"turns":3},{"damage":10,"enemies":"3 Byrds","floor":21,"turns":3},{"damage":15,"enemies":"Centurion and Healer","floor":22,"turns":6},{"damage":19,"enemies":"Book of Stabbing","floor":27,"turns":5},{"damage":17,"enemies":"Shelled Parasite and Fungi","floor":28,"turns":4},{"damage":14,"enemies":"Slavers","floor":30,"turns":5},{"damage":0,"enemies":"Snecko","floor":31,"turns":4},{"damage":44,"enemies":"Automaton","floor":33,"turns":8},{"damage":14,"enemies":"Orb Walker","floor":35,"turns":3},{"damage":9,"enemies":"3 Darklings","floor":36,"turns":4},{"damage":0,"enemies":"Mind Bloom Boss Battle","floor":37,"turns":5},{"damage":24,"enemies":"4 Shapes","floor":38,"turns":4},{"damage":34,"enemies":"Transient","floor":39,"turns":5},{"damage":17,"enemies":"2 Orb Walkers","floor":41,"turns":6},{"damage":28,"enemies":"Sphere and 2 Shapes","floor":44,"turns":6},{"damage":29,"enemies":"Jaw Worm Horde","floor":45,"turns":4},{"damage":0,"enemies":"Giant Head","floor":46,"turns":7},{"damage":0,"enemies":"Writhing Mass","floor":48,"turns":6},{"damage":78,"enemies":"Awakened One","floor":50,"turns":14},{"damage":99,"enemies":"Shield and Spear","floor":54,"turns":5}],"seed_played":"-8555970910640874096","potions_obtained":[{"floor":1,"key":"Energy Potion"},{"floor":12,"key":"Dexterity Potion"},{"floor":18,"key":"PowerPotion"},{"floor":22,"key":"Block Potion"},{"floor":31,"key":"GamblersBrew"},{"floor":33,"key":"FairyPotion"},{"floor":35,"key":"FocusPotion"},{"floor":39,"key":"EntropicBrew"},{"floor":44,"key":"Fire Potion"},{"floor":45,"key":"FocusPotion"}],"is_trial":false,"path_per_floor":["M","?","$","?","?","R","?","$","T","?","R","M","E","M","R","B",null,"M","?","?","M","M","R","$","R","T","E","M","R","E","M","R","B",null,"M","M","?","M","M","R","?","R","T","M","M","E","$","M","R","B",null,"R","$","E"],"character_chosen":"DEFECT","items_purchased":["Doom and Gloom","Loop","Lee\u0027s Waffle","Runic Capacitor","Capacitor","Strawberry","Strength Potion"],"campfire_rested":6,"item_purchase_floors":[3,8,24,47,47,47,53],"current_hp_per_floor":[50,50,50,43,36,36,21,21,21,21,43,41,27,27,49,74,75,52,40,40,30,15,37,82,82,82,63,46,46,32,32,56,37,71,57,58,82,68,44,44,37,61,61,43,24,34,41,57,57,14,75,95,95,0],"gold":5,"neow_bonus":"REMOVE_TWO","is_prod":false,"is_daily":false,"chose_seed":false,"campfire_upgraded":3,"win_rate":0,"timestamp":1557686234,"path_taken":["M","?","$","?","?","R","?","$","T","?","R","M","E","M","R","BOSS","M","?","?","?","M","R","$","R","T","E","M","R","E","M","R","BOSS","M","M","?","M","M","R","?","R","T","M","M","E","$","M","R","BOSS","R","$","E"],"build_version":"2019-01-23","purchased_purges":1,"victory":false,"max_hp_per_floor":[75,75,75,75,75,75,75,75,75,75,75,75,75,75,75,75,75,75,75,75,75,75,75,82,82,82,82,82,82,82,82,82,82,82,82,82,82,82,82,82,82,82,82,82,82,82,89,95,95,95,95,95,95,95],"card_choices":[{"not_picked":["Skim","Barrage"],"picked":"Darkness","floor":1},{"not_picked":["Compile Driver","Turbo","Beam Cell"],"picked":"SKIP","floor":12},{"not_picked":["Gash","Rebound","Sweeping Beam"],"picked":"SKIP","floor":13},{"not_picked":["Force Field","Ball Lightning","Rainbow"],"picked":"SKIP","floor":14},{"not_picked":["Fission","Electrodynamics"],"picked":"Buffer","floor":16},{"not_picked":["Chaos","Blizzard"],"picked":"Leap","floor":18},{"not_picked":["Cold Snap","Meteor Strike"],"picked":"Steam","floor":21},{"not_picked":["Beam Cell","Self Repair+1"],"picked":"Defragment+1","floor":22},{"not_picked":["White Noise","Hello World","Sweeping Beam"],"picked":"SKIP","floor":27},{"not_picked":["Compile Driver","Cold Snap"],"picked":"Hologram","floor":28},{"not_picked":["Undo","Go for the Eyes"],"picked":"Fusion+1","floor":30},{"not_picked":["Coolheaded","Recycle","Turbo+1"],"picked":"SKIP","floor":31},{"not_picked":["All For One","Meteor Strike"],"picked":"Creative AI","floor":33},{"not_picked":["Coolheaded","Ball Lightning+1"],"picked":"Self Repair+1","floor":35},{"not_picked":["Barrage+1","Sunder","Sweeping Beam"],"picked":"SKIP","floor":36},{"not_picked":["Sweeping Beam+1","Compile Driver+1"],"picked":"Conserve Battery","floor":37},{"not_picked":["Chaos","Blizzard+1","Double Energy"],"picked":"SKIP","floor":38},{"not_picked":["Compile Driver+1","Beam Cell"],"picked":"Leap+1","floor":39},{"not_picked":["Streamline","Conserve Battery","Beam Cell+1"],"picked":"SKIP","floor":44},{"not_picked":["Scrape+1","Streamline"],"picked":"Conserve Battery+1","floor":45},{"not_picked":["Leap","Stack","Hologram+1"],"picked":"SKIP","floor":46},{"not_picked":["All For One","Conserve Battery+1"],"picked":"Reinforced Body+1","floor":48}],"player_experience":290050,"relics_obtained":[{"floor":9,"key":"Pantograph"},{"floor":13,"key":"Darkstone Periapt"},{"floor":19,"key":"Red Mask"},{"floor":26,"key":"Ancient Tea Set"},{"floor":27,"key":"Pocketwatch"},{"floor":30,"key":"Bag of Preparation"},{"floor":37,"key":"Shovel"},{"floor":40,"key":"DataDisk"},{"floor":41,"key":"Emotion Chip"},{"floor":46,"key":"Toxic Egg 2"}],"event_choices":[{"cards_removed":["Strike_B"],"damage_healed":0,"gold_gain":0,"player_choice":"Forget","damage_taken":0,"max_hp_gain":0,"max_hp_loss":0,"event_name":"Living Wall","floor":2,"gold_loss":0},{"cards_removed":["Strike_B"],"damage_healed":0,"gold_gain":0,"player_choice":"Card Removal","damage_taken":7,"max_hp_gain":0,"max_hp_loss":0,"event_name":"Golden Wing","floor":4,"gold_loss":0},{"damage_healed":0,"gold_gain":0,"player_choice":"Success","damage_taken":7,"relics_obtained":["Symbiotic Virus"],"max_hp_gain":0,"max_hp_loss":0,"event_name":"Scrap Ooze","floor":5,"gold_loss":0},{"damage_healed":0,"gold_gain":0,"player_choice":"Entered Light","damage_taken":15,"max_hp_gain":0,"max_hp_loss":0,"event_name":"Shining Light","floor":7,"gold_loss":0,"cards_upgraded":["Doom and Gloom","Dualcast"]},{"damage_healed":0,"gold_gain":0,"player_choice":"Forge","damage_taken":0,"max_hp_gain":0,"max_hp_loss":0,"event_name":"Accursed Blacksmith","floor":10,"gold_loss":0,"cards_upgraded":["Loop"]},{"damage_healed":0,"gold_gain":0,"player_choice":"Fought Bandits","damage_taken":0,"max_hp_gain":0,"max_hp_loss":0,"event_name":"Masked Bandits","floor":19,"gold_loss":0},{"damage_healed":0,"gold_gain":0,"player_choice":"2 cards matched","damage_taken":0,"max_hp_gain":0,"max_hp_loss":0,"event_name":"Match and Keep!","floor":20,"gold_loss":0,"cards_obtained":["Deep Breath","Reinforced Body"]},{"damage_healed":0,"gold_gain":0,"player_choice":"Fight","damage_taken":0,"max_hp_gain":0,"max_hp_loss":0,"event_name":"MindBloom","floor":37,"gold_loss":0},{"damage_healed":0,"gold_gain":0,"player_choice":"Fight","damage_taken":0,"max_hp_gain":0,"max_hp_loss":0,"event_name":"Mysterious Sphere","floor":41,"gold_loss":0}],"is_beta":false,"boss_relics":[{"not_picked":["Runic Dome","Ectoplasm"],"picked":"Velvet Choker"},{"not_picked":["White Beast Statue","Cursed Key"],"picked":"Runic Pyramid"}],"items_purged_floors":[47],"is_endless":false,"potions_floor_spawned":[1,12,18,22,31,33,35,39,44,45],"killed_by":"Shield and Spear","ascension_level":8}