{"gold_per_floor":[363,381,381,38,53,53,87,87,87,87,105,105,133,146,146,146],"floor_reached":16,"playtime":572,"items_purged":[],"score":220,"play_id":"155b3748-f681-4c02-8b17-d59fe2a8ec5a","local_time":"20181117144208","is_ascension_mode":true,"campfire_choices":[{"data":"Neutralize","floor":6,"key":"SMITH"},{"data":"Adrenaline","floor":8,"key":"SMITH"},{"data":"Leg Sweep","floor":10,"key":"SMITH"},{"floor":12,"key":"REST"},{"floor":15,"key":"REST"}],"neow_cost":"CURSE","seed_source_timestamp":269078149061956,"circlet_count":0,"master_deck":["AscendersBane","Defend_G","Defend_G","Defend_G","Defend_G","Defend_G","Strike_G","Strike_G","Strike_G","Strike_G","Strike_G","Survivor","Neutralize+1","Shame","Dagger Spray","Pain","Leg Sweep+1","Adrenaline+1","Cloak And Dagger","Deadly Poison","PiercingWail"],"relics":["Ring of the Snake","WarpedTongs","Du-Vu Doll","Paper Crane","Kunai","Art of War"],"potions_floor_usage":[7,16],"damage_taken":[{"damage":1,"enemies":"2 Louse","floor":1,"turns":3},{"damage":20,"enemies":"Cultist","floor":2,"turns":6},{"damage":5,"enemies":"Small Slimes","floor":5,"turns":3},{"damage":12,"enemies":"Lagavulin","floor":7,"turns":9},{"damage":6,"enemies":"Exordium Thugs","floor":11,"turns":5},{"damage":30,"enemies":"3 Sentries","floor":13,"turns":5},{"damage":1,"enemies":"Exordium Wildlife","floor":14,"turns":4},{"damage":25,"enemies":"Hexaghost","floor":16,"turns":13}],"seed_played":"-8793025847217354261","potions_obtained":[{"floor":1,"key":"Strength Potion"},{"floor":2,"key":"Poison Potion"},{"floor":5,"key":"Weak Potion"},{"floor":13,"key":"SteroidPotion"}],"is_trial":false,"path_per_floor":["M","M","?","$","M","R","E","R","T","R","M","R","E","M","R","B"],"character_chosen":"THE_SILENT","items_purchased":["Du-Vu Doll"],"campfire_rested":2,"item_purchase_floors":[4],"current_hp_per_floor":[58,38,38,38,33,33,21,21,21,21,15,34,4,3,22,0],"gold":146,"neow_bonus":"TWO_FIFTY_GOLD","is_prod":false,"is_daily":false,"chose_seed":false,"campfire_upgraded":3,"win_rate":0,"timestamp":1542483728,"path_taken":["M","M","?","$","?","R","E","R","T","R","M","R","E","M","R","BOSS"],"build_version":"2018-11-15","purchased_purges":0,"victory":false,"max_hp_per_floor":[66,66,66,66,66,66,66,66,66,66,66,66,66,66,66,66],"card_choices":[{"not_picked":["Underhanded Strike","Setup","Bane"],"picked":"SKIP","floor":1},{"not_picked":["Blade Dance","Distraction"],"picked":"Dagger Spray","floor":2},{"not_picked":["Dodge and Roll","Burst"],"picked":"Leg Sweep","floor":5},{"not_picked":["Grand Finale","Well Laid Plans"],"picked":"Adrenaline","floor":7},{"not_picked":["Expertise","Slice"],"picked":"Cloak And Dagger","floor":11},{"not_picked":["Catalyst","Cloak And Dagger"],"picked":"Deadly Poison","floor":13},{"not_picked":["Flying Knee","Flechettes"],"picked":"PiercingWail","floor":14}],"player_experience":1092309,"relics_obtained":[{"floor":7,"key":"Paper Crane"},{"floor":9,"key":"Kunai"},{"floor":13,"key":"Art of War"}],"event_choices":[{"damage_healed":0,"gold_gain":0,"player_choice":"Rummage","damage_taken":0,"relics_obtained":["WarpedTongs"],"max_hp_gain":0,"max_hp_loss":0,"event_name":"Accursed Blacksmith","floor":3,"gold_loss":0,"cards_obtained":["Pain"]}],"is_beta":false,"boss_relics":[],"items_purged_floors":[],"is_endless":false,"potions_floor_spawned":[1,2,5,13],"killed_by":"Hexaghost","ascension_level":20}