{"gold_per_floor":[114,138,88,188,206,241,259,288,358,388,11,23,34,34,34,106,106,117,133,167,167,167,167,187,187,187,187,187,112,132,164,164,164],"floor_reached":33,"playtime":1612,"items_purged":["Dark Embrace"],"score":533,"play_id":"34a8806e-b251-409d-bd74-a4f6afc050cb","local_time":"20190706160638","is_ascension_mode":true,"campfire_choices":[{"floor":15,"key":"REST"},{"data":"Anger","floor":23,"key":"SMITH"},{"data":"Battle Trance","floor":25,"key":"SMITH"},{"data":"Heavy Blade","floor":27,"key":"SMITH"},{"floor":32,"key":"REST"}],"neow_cost":"NONE","seed_source_timestamp":7428003257345,"circlet_count":0,"master_deck":["AscendersBane","Strike_R","Strike_R","Defend_R","Defend_R","Defend_R","Defend_R","Bash","Disarm","Battle Trance+1","Headbutt","Havoc","Sword Boomerang","Demon Form","Heavy Blade+1","Reaper","Impervious","Anger+1","Iron Wave"],"relics":["Burning Blood","NeowsBlessing","Dream Catcher","Bronze Scales","Singing Bowl","Shuriken","Nunchaku","Kunai","Sozu","Red Mask","Meat on the Bone","StoneCalendar"],"potions_floor_usage":[8,10,10,13],"damage_taken":[{"damage":0,"enemies":"Cultist","floor":1,"turns":1},{"damage":0,"enemies":"Jaw Worm","floor":5,"turns":1},{"damage":0,"enemies":"Gremlin Nob","floor":6,"turns":1},{"damage":2,"enemies":"2 Louse","floor":7,"turns":2},{"damage":45,"enemies":"3 Sentries","floor":8,"turns":8},{"damage":30,"enemies":"Gremlin Nob","floor":10,"turns":4},{"damage":30,"enemies":"Exordium Thugs","floor":12,"turns":5},{"damage":5,"enemies":"3 Louse","floor":13,"turns":4},{"damage":35,"enemies":"Slime Boss","floor":16,"turns":9},{"damage":29,"enemies":"2 Thieves","floor":18,"turns":4},{"damage":13,"enemies":"Shell Parasite","floor":19,"turns":4},{"damage":40,"enemies":"Masked Bandits","floor":20,"turns":4},{"damage":33,"enemies":"Centurion and Healer","floor":24,"turns":6},{"damage":10,"enemies":"Shelled Parasite and Fungi","floor":30,"turns":3},{"damage":42,"enemies":"Slavers","floor":31,"turns":6},{"damage":87,"enemies":"Collector","floor":33,"turns":6}],"seed_played":"-5332292372454893272","potions_obtained":[{"floor":1,"key":"Strength Potion"},{"floor":7,"key":"GamblersBrew"},{"floor":8,"key":"Regen Potion"}],"is_trial":false,"path_per_floor":["M","T","?","?","M","E","M","E","T","E","$","M","M","$","R","B",null,"M","M","?","?","?","R","M","R","T","R","?","$","M","E","R","B"],"character_chosen":"IRONCLAD","items_purchased":["Kunai","Demon Form","Energy Potion"],"campfire_rested":2,"item_purchase_floors":[11,11,11],"current_hp_per_floor":[78,78,78,78,80,80,80,41,41,31,31,7,8,8,34,31,71,60,58,26,55,55,55,42,42,42,42,42,42,52,54,84,0],"gold":164,"neow_bonus":"THREE_ENEMY_KILL","is_prod":false,"is_daily":false,"chose_seed":false,"campfire_upgraded":3,"win_rate":0,"timestamp":1562443598,"path_taken":["M","?","?","?","M","E","M","E","T","E","$","M","M","$","R","BOSS","M","M","?","?","?","R","M","R","T","R","?","$","M","E","R","BOSS"],"build_version":"2019-07-05","purchased_purges":1,"victory":false,"max_hp_per_floor":[80,80,80,80,80,80,80,80,80,82,82,82,82,82,84,84,84,84,86,88,88,88,88,90,90,90,90,90,90,92,94,96,96],"card_choices":[{"not_picked":["Rage","Flex"],"picked":"Disarm","floor":1},{"not_picked":["Rage","Hemokinesis"],"picked":"Battle Trance","floor":5},{"not_picked":["Burning Pact","Wild Strike"],"picked":"Headbutt","floor":6},{"not_picked":["Heavy Blade","Headbutt"],"picked":"Havoc","floor":7},{"not_picked":["Wild Strike","Perfected Strike"],"picked":"Sword Boomerang","floor":8},{"not_picked":["Armaments","True Grit","Power Through"],"picked":"Singing Bowl","floor":10},{"not_picked":["Sword Boomerang","Warcry"],"picked":"Heavy Blade","floor":12},{"not_picked":["Twin Strike","Armaments"],"picked":"Reaper","floor":13},{"not_picked":["Rage","True Grit","Warcry"],"picked":"Singing Bowl","floor":15},{"not_picked":["Feed","Fiend Fire"],"picked":"Impervious","floor":16},{"not_picked":["Battle Trance","Havoc"],"picked":"Anger","floor":18},{"not_picked":["Dual Wield","Corruption","Heavy Blade"],"picked":"Singing Bowl","floor":19},{"not_picked":["Reckless Charge","Warcry","Headbutt"],"picked":"Singing Bowl","floor":20},{"not_picked":["Fire Breathing+1","Wild Strike","Intimidate"],"picked":"Singing Bowl","floor":24},{"not_picked":["Corruption","Blood for Blood","Perfected Strike"],"picked":"Singing Bowl","floor":30},{"not_picked":["Battle Trance","Second Wind+1","Corruption"],"picked":"Singing Bowl","floor":31},{"not_picked":["Perfected Strike","Clash","Immolate"],"picked":"Singing Bowl","floor":32}],"player_experience":450906,"relics_obtained":[{"floor":2,"key":"Dream Catcher"},{"floor":6,"key":"Bronze Scales"},{"floor":8,"key":"Singing Bowl"},{"floor":9,"key":"Shuriken"},{"floor":10,"key":"Nunchaku"},{"floor":20,"key":"Red Mask"},{"floor":26,"key":"Meat on the Bone"},{"floor":31,"key":"StoneCalendar"}],"event_choices":[{"cards_removed":["Strike_R"],"damage_healed":0,"gold_gain":0,"player_choice":"Card Removal","damage_taken":0,"max_hp_gain":0,"max_hp_loss":0,"event_name":"The Cleric","floor":3,"gold_loss":50},{"damage_healed":0,"gold_gain":100,"player_choice":"Pray","damage_taken":0,"max_hp_gain":0,"max_hp_loss":0,"event_name":"Golden Shrine","floor":4,"gold_loss":0},{"damage_healed":0,"gold_gain":0,"player_choice":"Fought Bandits","damage_taken":0,"max_hp_gain":0,"max_hp_loss":0,"event_name":"Masked Bandits","floor":20,"gold_loss":0},{"damage_healed":29,"gold_gain":0,"player_choice":"Heal","damage_taken":0,"max_hp_gain":0,"max_hp_loss":0,"event_name":"The Library","floor":21,"gold_loss":0},{"damage_healed":0,"gold_gain":0,"cards_transformed":["Strike_R","Strike_R"],"player_choice":"Became Test Subject","damage_taken":0,"max_hp_gain":0,"max_hp_loss":0,"event_name":"Drug Dealer","floor":22,"gold_loss":0,"cards_obtained":["Dark Embrace","Iron Wave"]},{"damage_healed":0,"gold_gain":0,"player_choice":"Ignored","damage_taken":0,"max_hp_gain":0,"max_hp_loss":0,"event_name":"Vampires","floor":28,"gold_loss":0}],"is_beta":false,"boss_relics":[{"not_picked":["Ectoplasm","Velvet Choker"],"picked":"Sozu"}],"items_purged_floors":[29],"is_endless":false,"potions_floor_spawned":[1,7,8,24,31],"killed_by":"Collector","ascension_level":13}