{"gold_per_floor":[113,126,126,149,149,149,163,201,224,224,239,239],"floor_reached":12,"playtime":471,"items_purged":[],"score":140,"play_id":"2252cd83-6d83-408f-9113-09625bc52e35","local_time":"20181209112941","is_ascension_mode":true,"campfire_choices":[{"data":"Neutralize","floor":6,"key":"SMITH"},{"floor":10,"key":"REST"}],"neow_cost":"NONE","seed_source_timestamp":165023297073380,"circlet_count":0,"master_deck":["AscendersBane","Defend_G","Defend_G","Defend_G","Defend_G","Defend_G","Strike_G","Strike_G","Strike_G","Strike_G","Survivor","Neutralize+1","Flying Knee","Heel Hook","Predator","Backstab","Bullet Time","Leg Sweep"],"relics":["Ring of the Snake","Centennial Puzzle","Golden Idol","Snake Skull","Happy Flower"],"potions_floor_usage":[7,8],"damage_taken":[{"damage":0,"enemies":"Small Slimes","floor":1,"turns":4},{"damage":1,"enemies":"Jaw Worm","floor":2,"turns":6},{"damage":5,"enemies":"Cultist","floor":4,"turns":4},{"damage":7,"enemies":"Exordium Wildlife","floor":7,"turns":4},{"damage":2,"enemies":"Gremlin Nob","floor":8,"turns":3},{"damage":0,"enemies":"Large Slime","floor":11,"turns":5},{"damage":44,"enemies":"Lagavulin","floor":12,"turns":11}],"seed_played":"-3571116790525193554","potions_obtained":[{"floor":1,"key":"AttackPotion"},{"floor":2,"key":"SteroidPotion"}],"is_trial":false,"path_per_floor":["M","M","?","M","?","R","M","E","T","R","M","E"],"character_chosen":"THE_SILENT","items_purchased":[],"campfire_rested":1,"item_purchase_floors":[],"current_hp_per_floor":[59,58,35,30,30,30,23,21,21,40,40,0],"gold":239,"neow_bonus":"RANDOM_COMMON_RELIC","is_prod":false,"is_daily":false,"chose_seed":false,"campfire_upgraded":1,"win_rate":0,"timestamp":1544372981,"path_taken":["M","M","?","M","?","R","?","E","T","R","M","E"],"build_version":"2018-12-06","purchased_purges":0,"victory":false,"max_hp_per_floor":[66,66,66,66,66,66,66,66,66,66,66,66],"card_choices":[{"not_picked":["Dagger Throw","Prepared"],"picked":"Flying Knee","floor":1},{"not_picked":["Prepared","Acrobatics"],"picked":"Heel Hook","floor":2},{"not_picked":["Underhanded Strike","Slice","Poisoned Stab"],"picked":"SKIP","floor":4},{"not_picked":["Acrobatics","Prepared"],"picked":"Backstab","floor":7},{"not_picked":["Dagger Spray","Endless Agony"],"picked":"Bullet Time","floor":8},{"not_picked":["Flying Knee","Poisoned Stab"],"picked":"Leg Sweep","floor":11}],"player_experience":1242047,"relics_obtained":[{"floor":8,"key":"Snake Skull"},{"floor":9,"key":"Happy Flower"}],"event_choices":[{"damage_healed":0,"gold_gain":0,"player_choice":"Take Damage","damage_taken":23,"relics_obtained":["Golden Idol"],"max_hp_gain":0,"max_hp_loss":0,"event_name":"Golden Idol","floor":3,"gold_loss":0},{"damage_healed":0,"gold_gain":0,"cards_transformed":["Strike_G"],"player_choice":"Transformed","damage_taken":0,"max_hp_gain":0,"max_hp_loss":0,"event_name":"Transmorgrifier","floor":5,"gold_loss":0,"cards_obtained":["Predator"]}],"is_beta":false,"boss_relics":[],"items_purged_floors":[],"is_endless":false,"potions_floor_spawned":[1,2,4],"killed_by":"Lagavulin","ascension_level":15}