{"gold_per_floor":[114,129,53,53,65,65,98,98,125,154,172,172,201,213,213,290,290,308,324,324,334,334,334,334,348,348,348,75,91,119,129,129,207,207,223,223,323,323,341,341],"floor_reached":40,"playtime":1884,"items_purged":["Strike_B"],"score":927,"play_id":"58b307c7-7330-4899-af5c-94f4454404cd","local_time":"20190603002452","is_ascension_mode":true,"campfire_choices":[{"data":"Sunder","floor":6,"key":"SMITH"},{"data":"Zap","floor":8,"key":"SMITH"},{"data":"Dualcast","floor":12,"key":"SMITH"},{"data":"Static Discharge","floor":15,"key":"SMITH"},{"floor":23,"key":"REST"},{"data":"Redo","floor":27,"key":"SMITH"},{"data":"Ghostly","floor":32,"key":"SMITH"}],"neow_cost":"NONE","seed_source_timestamp":276349162562819,"circlet_count":0,"master_deck":["AscendersBane","Strike_B","Defend_B","Defend_B","Defend_B","Defend_B","Zap+1","Dualcast+1","FTL","Compile Driver","Sunder+1","Glacier","FTL","Static Discharge+1","Compile Driver","All For One","Coolheaded+1","Undo","Self Repair","Ghostly+1","Ghostly","Ghostly","Redo+1","Core Surge","Hologram","Machine Learning","Loop","Electrodynamics","Static Discharge+1","Flash of Steel","PanicButton","Finesse","Compile Driver","Coolheaded","Hologram"],"relics":["Cracked Core","NeowsBlessing","Centennial Puzzle","Pen Nib","Ornamental Fan","Smiling Mask","Inserter","Enchiridion","Orichalcum","Vajra","Philosopher\u0027s Stone","Prayer Wheel"],"potions_floor_usage":[7,10,30,33],"damage_taken":[{"damage":0,"enemies":"Cultist","floor":1,"turns":1},{"damage":0,"enemies":"2 Louse","floor":2,"turns":1},{"damage":0,"enemies":"Small Slimes","floor":5,"turns":1},{"damage":8,"enemies":"Gremlin Nob","floor":7,"turns":3},{"damage":4,"enemies":"Lagavulin","floor":10,"turns":6},{"damage":6,"enemies":"Looter","floor":11,"turns":2},{"damage":0,"enemies":"3 Sentries","floor":13,"turns":5},{"damage":0,"enemies":"Exordium Wildlife","floor":14,"turns":2},{"damage":17,"enemies":"Slime Boss","floor":16,"turns":5},{"damage":8,"enemies":"Spheric Guardian","floor":18,"turns":5},{"damage":13,"enemies":"Shell Parasite","floor":19,"turns":8},{"damage":9,"enemies":"Snake Plant","floor":21,"turns":6},{"damage":4,"enemies":"Shelled Parasite and Fungi","floor":25,"turns":7},{"damage":0,"enemies":"Snecko","floor":29,"turns":5},{"damage":12,"enemies":"Book of Stabbing","floor":30,"turns":5},{"damage":0,"enemies":"Chosen and Byrds","floor":31,"turns":5},{"damage":15,"enemies":"Automaton","floor":33,"turns":10},{"damage":1,"enemies":"Orb Walker","floor":35,"turns":3},{"damage":19,"enemies":"Mind Bloom Boss Battle","floor":37,"turns":8},{"damage":3,"enemies":"3 Shapes","floor":39,"turns":2},{"damage":10,"enemies":"Nemesis","floor":40,"turns":10}],"seed_played":"2518090884440904652","potions_obtained":[{"floor":2,"key":"SkillPotion"},{"floor":4,"key":"Regen Potion"},{"floor":5,"key":"Fire Potion"},{"floor":11,"key":"FocusPotion"},{"floor":14,"key":"Weak Potion"},{"floor":30,"key":"Explosive Potion"},{"floor":39,"key":"Regen Potion"}],"is_trial":false,"path_per_floor":["M","M","$","?","M","R","E","R","T","E","M","R","E","M","R","B",null,"M","M","?","M","?","R","?","M","T","R","$","M","E","M","R","B",null,"M","?","?","?","M","E"],"character_chosen":"DEFECT","items_purchased":["Sunder","Orichalcum","Hologram"],"campfire_rested":1,"item_purchase_floors":[3,28,28],"current_hp_per_floor":[64,64,64,64,64,64,56,56,56,64,58,58,58,58,58,41,64,56,43,22,13,13,23,23,26,26,26,26,35,30,35,35,27,33,35,25,13,13,10,0],"gold":341,"neow_bonus":"THREE_ENEMY_KILL","is_prod":false,"is_daily":false,"chose_seed":false,"campfire_upgraded":6,"win_rate":0,"timestamp":1559535892,"path_taken":["M","M","?","?","?","R","E","R","T","E","M","R","E","M","R","BOSS","M","M","?","M","?","R","?","M","T","R","$","M","E","M","R","BOSS","M","?","?","?","M","E"],"build_version":"2019-01-23","purchased_purges":1,"victory":false,"max_hp_per_floor":[71,71,71,71,71,71,71,71,71,71,71,71,71,71,71,71,71,71,71,71,71,35,35,35,35,35,35,35,35,35,35,35,35,35,35,35,35,35,35,35],"card_choices":[{"not_picked":["Leap","Stack"],"picked":"FTL","floor":1},{"not_picked":["Tempest","Hologram"],"picked":"Compile Driver","floor":2},{"not_picked":["Barrage","Rip and Tear"],"picked":"Glacier","floor":5},{"not_picked":["Force Field","Stack","Beam Cell"],"picked":"SKIP","floor":7},{"not_picked":["Undo","Barrage"],"picked":"FTL","floor":10},{"not_picked":["Gash","Scrape","Hello World"],"picked":"SKIP","floor":11},{"not_picked":["Sunder","Steam"],"picked":"Static Discharge","floor":13},{"not_picked":["Ball Lightning","Cold Snap"],"picked":"Compile Driver","floor":14},{"not_picked":["Core Surge","Hyperbeam"],"picked":"All For One","floor":16},{"not_picked":["Stack","Cold Snap"],"picked":"Coolheaded+1","floor":18},{"not_picked":["Hello World+1","Streamline"],"picked":"Undo","floor":19},{"not_picked":["Tempest","Compile Driver"],"picked":"Self Repair","floor":21},{"not_picked":["Steam","Leap","Storm"],"picked":"SKIP","floor":25},{"not_picked":["Redo","Melter","Steam"],"picked":"SKIP","floor":29},{"not_picked":["Ball Lightning","Beam Cell"],"picked":"Machine Learning","floor":30},{"not_picked":["Hologram","Chaos"],"picked":"Loop","floor":31},{"not_picked":["Core Surge","Reboot"],"picked":"Electrodynamics","floor":33},{"not_picked":["Gash","Ball Lightning"],"picked":"Static Discharge+1","floor":35},{"not_picked":["Magnetism","Impatience"],"picked":"Flash of Steel","floor":36},{"not_picked":["Swift Strike","Dramatic Entrance"],"picked":"PanicButton","floor":36},{"not_picked":["Blind","Good Instincts"],"picked":"Finesse","floor":36},{"not_picked":["Beam Cell","Force Field"],"picked":"Compile Driver","floor":37},{"not_picked":["Turbo","Gash"],"picked":"Coolheaded","floor":39},{"not_picked":["Stack+1","Redo+1"],"picked":"Hologram","floor":39}],"player_experience":1452554,"relics_obtained":[{"floor":7,"key":"Centennial Puzzle"},{"floor":9,"key":"Pen Nib"},{"floor":10,"key":"Ornamental Fan"},{"floor":13,"key":"Smiling Mask"},{"floor":20,"key":"Enchiridion"},{"floor":30,"key":"Vajra"},{"floor":37,"key":"Prayer Wheel"}],"event_choices":[{"damage_healed":0,"gold_gain":0,"player_choice":"Got Potions","damage_taken":0,"max_hp_gain":0,"max_hp_loss":0,"event_name":"Lab","floor":4,"gold_loss":0},{"damage_healed":0,"gold_gain":0,"player_choice":"Obtained Book","damage_taken":21,"max_hp_gain":0,"max_hp_loss":0,"event_name":"Cursed Tome","floor":20,"gold_loss":0},{"damage_healed":0,"gold_gain":0,"player_choice":"Became a Ghost","damage_taken":0,"max_hp_gain":0,"max_hp_loss":36,"event_name":"Ghosts","floor":22,"gold_loss":0,"cards_obtained":["Ghostly","Ghostly","Ghostly"]},{"damage_healed":0,"gold_gain":0,"cards_transformed":["Strike_B","Strike_B"],"player_choice":"Became Test Subject","damage_taken":0,"max_hp_gain":0,"max_hp_loss":0,"event_name":"Drug Dealer","floor":24,"gold_loss":0,"cards_obtained":["Redo","Core Surge"]},{"damage_healed":0,"gold_gain":0,"player_choice":"Memory 3","damage_taken":10,"max_hp_gain":0,"max_hp_loss":0,"event_name":"SensoryStone","floor":36,"gold_loss":0},{"damage_healed":0,"gold_gain":0,"player_choice":"Fight","damage_taken":0,"max_hp_gain":0,"max_hp_loss":0,"event_name":"MindBloom","floor":37,"gold_loss":0},{"damage_healed":0,"gold_gain":0,"player_choice":"Ignored","damage_taken":0,"max_hp_gain":0,"max_hp_loss":0,"event_name":"The Moai Head","floor":38,"gold_loss":0}],"is_beta":false,"boss_relics":[{"not_picked":["Runic Dome","Eternal Feather"],"picked":"Inserter"},{"not_picked":["Black Star","Orrery"],"picked":"Philosopher\u0027s Stone"}],"items_purged_floors":[28],"is_endless":false,"potions_floor_spawned":[2,5,11,14,16,18,30,31,39],"killed_by":"Nemesis","ascension_level":20}