{"gold_per_floor":[366,383,383,393,404,404,438,438,464,484,498,498,528,528,528,607,607,587,587,27,27,27,27,44,44],"floor_reached":25,"playtime":878,"items_purged":["Strike_G"],"score":422,"play_id":"f1353e8e-3868-45d9-b08c-2cc0e21c7ba4","local_time":"20181206175132","is_ascension_mode":true,"campfire_choices":[{"data":"Neutralize","floor":6,"key":"SMITH"},{"floor":8,"key":"REST"},{"data":"Deadly Poison","floor":12,"key":"SMITH"},{"data":"Footwork","floor":15,"key":"SMITH"},{"data":"After Image","floor":23,"key":"SMITH"}],"neow_cost":"CURSE","seed_source_timestamp":26307560644002,"circlet_count":0,"master_deck":["AscendersBane","Defend_G","Defend_G","Defend_G","Defend_G","Defend_G","Strike_G","Strike_G","Strike_G","Strike_G","Survivor","Neutralize+1","Clumsy","Quick Slash","PiercingWail","Quick Slash","Infinite Blades","All Out Attack","Footwork+1","Deadly Poison+1","After Image+1","Bouncing Flask+1","Decay","Backflip"],"relics":["Ring of the Snake","Potion Belt","Oddly Smooth Stone","Bronze Scales","Runic Dome","Enchiridion","OrangePellets","Meat on the Bone"],"potions_floor_usage":[7,10,16,16,25],"damage_taken":[{"damage":6,"enemies":"Cultist","floor":1,"turns":6},{"damage":6,"enemies":"2 Louse","floor":2,"turns":3},{"damage":5,"enemies":"Small Slimes","floor":4,"turns":5},{"damage":15,"enemies":"3 Louse","floor":5,"turns":4},{"damage":26,"enemies":"Gremlin Nob","floor":7,"turns":5},{"damage":1,"enemies":"Large Slime","floor":10,"turns":5},{"damage":0,"enemies":"Blue Slaver","floor":11,"turns":4},{"damage":8,"enemies":"Lagavulin","floor":13,"turns":7},{"damage":8,"enemies":"Hexaghost","floor":16,"turns":9},{"damage":17,"enemies":"2 Thieves","floor":18,"turns":4},{"damage":0,"enemies":"Chosen","floor":24,"turns":4},{"damage":42,"enemies":"Gremlin Leader","floor":25,"turns":6}],"seed_played":"-7900367020833438324","potions_obtained":[{"floor":1,"key":"Explosive Potion"},{"floor":4,"key":"GhostInAJar"},{"floor":7,"key":"PowerPotion"},{"floor":10,"key":"LiquidBronze"},{"floor":13,"key":"Dexterity Potion"}],"is_trial":false,"path_per_floor":["M","M","?","M","M","R","E","R","T","M","M","R","E","?","R","B",null,"M","?","$","?","$","R","M","E"],"character_chosen":"THE_SILENT","items_purchased":["OrangePellets","Meat on the Bone"],"campfire_rested":1,"item_purchase_floors":[20,20],"current_hp_per_floor":[53,47,52,47,32,32,6,27,27,26,26,26,18,18,18,10,56,39,18,18,18,18,18,30,0],"gold":44,"neow_bonus":"TWO_FIFTY_GOLD","is_prod":false,"is_daily":false,"chose_seed":false,"campfire_upgraded":4,"win_rate":0,"timestamp":1544136692,"path_taken":["M","?","?","M","M","R","E","R","T","M","M","R","E","?","R","BOSS","M","?","$","?","$","R","M","E"],"build_version":"2018-11-15","purchased_purges":1,"victory":false,"max_hp_per_floor":[66,66,71,71,71,71,71,71,71,71,71,71,71,71,71,71,71,71,71,71,71,71,71,71,71],"card_choices":[{"not_picked":["Blade Dance","PiercingWail"],"picked":"Quick Slash","floor":1},{"not_picked":["Sucker Punch","Underhanded Strike"],"picked":"PiercingWail","floor":2},{"not_picked":["Acrobatics","Prepared"],"picked":"Quick Slash","floor":4},{"not_picked":["Catalyst","Sucker Punch"],"picked":"Infinite Blades","floor":5},{"not_picked":["Finisher","Distraction"],"picked":"All Out Attack","floor":7},{"not_picked":["Flying Knee","Bane"],"picked":"Footwork","floor":10},{"not_picked":["Reflex","Cloak And Dagger"],"picked":"Deadly Poison","floor":11},{"not_picked":["Escape Plan","Riddle With Holes","Distraction"],"picked":"SKIP","floor":13},{"not_picked":["Doppelganger","Venomology"],"picked":"After Image","floor":16},{"not_picked":["Choke","Acrobatics"],"picked":"Bouncing Flask+1","floor":18},{"not_picked":["Blade Dance","Setup"],"picked":"Backflip","floor":24}],"player_experience":1230069,"relics_obtained":[{"floor":7,"key":"Potion Belt"},{"floor":9,"key":"Oddly Smooth Stone"},{"floor":13,"key":"Bronze Scales"},{"floor":19,"key":"Enchiridion"}],"event_choices":[{"damage_healed":0,"gold_gain":0,"player_choice":"Donut","damage_taken":0,"max_hp_gain":5,"max_hp_loss":0,"event_name":"Big Fish","floor":3,"gold_loss":0},{"damage_healed":0,"gold_gain":0,"player_choice":"Ignored","damage_taken":0,"max_hp_gain":0,"max_hp_loss":0,"event_name":"Shining Light","floor":14,"gold_loss":0},{"damage_healed":0,"gold_gain":0,"player_choice":"Obtained Book","damage_taken":21,"max_hp_gain":0,"max_hp_loss":0,"event_name":"Cursed Tome","floor":19,"gold_loss":0},{"damage_healed":0,"gold_gain":0,"player_choice":"Smashed Altar","damage_taken":0,"max_hp_gain":0,"max_hp_loss":0,"event_name":"Forgotten Altar","floor":21,"gold_loss":0,"cards_obtained":["Decay"]}],"is_beta":false,"boss_relics":[{"not_picked":["Busted Crown","Tiny House"],"picked":"Runic Dome"}],"items_purged_floors":[20],"is_endless":false,"potions_floor_spawned":[1,4,7,10,13],"killed_by":"Gremlin Leader","ascension_level":20}