{"gold_per_floor":[113,113,74,349,363,363,391,391,391,16,33,80,99,111,111,190,190,207,407,425,436,453,478,498,529,554,554,5,5,16,26,26,102,102,116,132,7,7,25,45,45,72,125,156,168],"floor_reached":45,"playtime":2571,"items_purged":["Regret","Strike_G","Strike_G"],"score":1188,"play_id":"08c650a7-2016-43a2-a8a4-5eee9a3441ae","local_time":"20181116230516","is_ascension_mode":true,"campfire_choices":[{"data":"Neutralize","floor":6.0,"key":"SMITH"},{"data":"Footwork","floor":15.0,"key":"SMITH"},{"data":"Footwork","floor":27,"key":"SMITH"},{"data":"Footwork","floor":29,"key":"SMITH"},{"data":"Leg Sweep","floor":32,"key":"SMITH"},{"data":"Noxious Fumes","floor":41,"key":"SMITH"}],"neow_cost":"NONE","seed_source_timestamp":210753454351252,"circlet_count":0,"master_deck":["AscendersBane","Defend_G","Defend_G","Defend_G","Defend_G","Defend_G","Survivor","Neutralize+1","Dash","Footwork+1","Dodge and Roll","Blur","Footwork+1","Flash of Steel","Cloak And Dagger","Die Die Die","Accuracy+1","Predator+1","All Out Attack+1","Glass Knife","Blur","Footwork+1","Leg Sweep+1","Caltrops","Backflip","Cloak And Dagger","A Thousand Cuts","Dash+1","Backflip+1","A Thousand Cuts+1","Noxious Fumes+1","Dodge and Roll","Deflect","PiercingWail","Deflect","Crippling Poison+1"],"special_seed":0,"relics":["Ring of the Snake","NeowsBlessing","Ninja Scroll","Lantern","Anchor","Bag of Preparation","Coffee Dripper","Orichalcum","Mummified Hand","Bronze Scales","Gremlin Horn","Astrolabe","Dream Catcher","MawBank"],"potions_floor_usage":[25,25,33,33,42,45],"damage_taken":[{"damage":0.0,"enemies":"2 Louse","floor":1.0,"turns":1.0},{"damage":0.0,"enemies":"Cultist","floor":5.0,"turns":1.0},{"damage":0.0,"enemies":"Lagavulin","floor":7.0,"turns":1.0},{"damage":0.0,"enemies":"Small Slimes","floor":11.0,"turns":2.0},{"damage":0.0,"enemies":"Exordium Wildlife","floor":13.0,"turns":4.0},{"damage":0.0,"enemies":"Blue Slaver","floor":14.0,"turns":4.0},{"damage":24.0,"enemies":"The Guardian","floor":16.0,"turns":26.0},{"damage":3.0,"enemies":"Shell Parasite","floor":18.0,"turns":9.0},{"damage":2.0,"enemies":"3 Byrds","floor":20.0,"turns":7.0},{"damage":10.0,"enemies":"Snake Plant","floor":21.0,"turns":7.0},{"damage":13.0,"enemies":"Centurion and Healer","floor":22.0,"turns":7.0},{"damage":6.0,"enemies":"Shelled Parasite and Fungi","floor":24.0,"turns":7.0},{"damage":18,"enemies":"Gremlin Leader","floor":25,"turns":7},{"damage":0,"enemies":"Snecko","floor":30,"turns":6},{"damage":0,"enemies":"Snake Plant","floor":31,"turns":3},{"damage":0,"enemies":"Automaton","floor":33,"turns":18},{"damage":0,"enemies":"3 Darklings","floor":35,"turns":4},{"damage":0,"enemies":"3 Shapes","floor":36,"turns":4},{"damage":25,"enemies":"Transient","floor":39,"turns":6},{"damage":0,"enemies":"3 Darklings","floor":40,"turns":2},{"damage":0,"enemies":"Reptomancer","floor":42,"turns":7},{"damage":0,"enemies":"Maw","floor":44,"turns":9},{"damage":41,"enemies":"Transient","floor":45,"turns":6}],"seed_played":"7197277931990647648","potions_obtained":[{"floor":5.0,"key":"Energy Potion"},{"floor":7.0,"key":"Energy Potion"},{"floor":14.0,"key":"SpeedPotion"},{"floor":21.0,"key":"GamblersBrew"},{"floor":30,"key":"SteroidPotion"},{"floor":31,"key":"GhostInAJar"},{"floor":36,"key":"SpeedPotion"},{"floor":39,"key":"GamblersBrew"},{"floor":40,"key":"AttackPotion"}],"is_trial":false,"path_per_floor":["M","?","$","?","M","R","E","?","T","$","M","T","M","M","R","B",null,"M","?","M","M","M","T","M","E","T","R","$","R","M","M","R","B",null,"M","M","$","?","M","M","R","E","T","M","M"],"character_chosen":"THE_SILENT","items_purchased":["Footwork","Footwork","Flash of Steel","Anchor","Leg Sweep","Gremlin Horn","Caltrops"],"campfire_rested":0,"item_purchase_floors":[3,10,10,10,28,28,28],"current_hp_per_floor":[59,64,64,64,64,64,64,64,64,64,64,64,64,64,64,40,63,60,60,58,48,35,35,29,11,11,11,11,11,11,11,11,11,56,56,56,56,56,31,31,31,31,31,31,0],"gold":168,"neow_bonus":"THREE_ENEMY_KILL","is_prod":false,"is_daily":false,"chose_seed":false,"campfire_upgraded":6,"win_rate":0,"timestamp":1542427516,"path_taken":["M","?","$","?","?","R","E","?","T","?","M","?","?","M","R","BOSS","M","?","?","M","M","?","M","E","T","R","$","R","?","M","R","BOSS","M","M","$","?","M","?","R","E","T","M","?"],"build_version":"2018-11-15","purchased_purges":3,"victory":false,"max_hp_per_floor":[66,71,71,71,71,71,71,71,71,71,71,71,71,71,71,71,71,71,71,71,71,71,71,71,71,71,71,71,71,71,71,71,71,71,71,71,71,71,71,71,71,71,71,71,71],"card_choices":[{"not_picked":["Slice","Quick Slash"],"picked":"Dash","floor":1.0},{"not_picked":["Sucker Punch","Slice"],"picked":"Dodge and Roll","floor":5.0},{"not_picked":["Choke","Dagger Throw"],"picked":"Blur","floor":7.0},{"not_picked":["Acrobatics","Sucker Punch","Eviscerate"],"picked":"SKIP","floor":11.0},{"not_picked":["Bane","Dagger Throw"],"picked":"Crippling Poison","floor":13.0},{"not_picked":["Infinite Blades","Setup"],"picked":"Cloak And Dagger","floor":14.0},{"not_picked":["Grand Finale","Tools of the Trade"],"picked":"Die Die Die","floor":16.0},{"not_picked":["Eviscerate","Acrobatics"],"picked":"Accuracy+1","floor":18.0},{"not_picked":["Eviscerate","Deflect"],"picked":"Predator+1","floor":20.0},{"not_picked":["Deflect+1","Flying Knee"],"picked":"All Out Attack+1","floor":21.0},{"not_picked":["Backflip","Slice"],"picked":"Glass Knife","floor":22.0},{"not_picked":["Crippling Poison","Underhanded Strike"],"picked":"Blur","floor":24.0},{"not_picked":["Eviscerate","Underhanded Strike"],"picked":"Footwork","floor":25},{"not_picked":["Backstab","Endless Agony"],"picked":"Backflip","floor":30},{"not_picked":["Catalyst","Dagger Throw"],"picked":"Cloak And Dagger","floor":31},{"not_picked":["Unload","Wraith Form v2"],"picked":"A Thousand Cuts","floor":33},{"not_picked":["Escape Plan","Quick Slash"],"picked":"Noxious Fumes","floor":35},{"not_picked":["Reflex","Backflip"],"picked":"Dodge and Roll","floor":36},{"not_picked":["Outmaneuver+1","Deflect"],"picked":"PiercingWail","floor":39},{"not_picked":["Reflex+1","Dagger Spray"],"picked":"Deflect","floor":40},{"not_picked":["Underhanded Strike","Backstab+1"],"picked":"Crippling Poison+1","floor":42},{"not_picked":["Dagger Throw+1","Flechettes","Dagger Spray"],"picked":"SKIP","floor":44}],"player_experience":1078119,"relics_obtained":[{"floor":7.0,"key":"Ninja Scroll"},{"floor":9.0,"key":"Lantern"},{"floor":12.0,"key":"Bag of Preparation"},{"floor":23.0,"key":"Orichalcum"},{"floor":25,"key":"Mummified Hand"},{"floor":26,"key":"Bronze Scales"},{"floor":42,"key":"Dream Catcher"},{"floor":43,"key":"MawBank"}],"event_choices":[{"damage_healed":0.0,"max_hp_gain":5.0,"max_hp_loss":0.0,"gold_gain":0.0,"event_name":"Big Fish","player_choice":"Donut","floor":2.0,"gold_loss":0.0,"damage_taken":0.0},{"damage_healed":0.0,"max_hp_gain":0.0,"max_hp_loss":0.0,"gold_gain":275.0,"event_name":"Golden Shrine","player_choice":"Desecrate","floor":4.0,"gold_loss":0.0,"damage_taken":0.0,"cards_obtained":["Regret"]},{"damage_healed":0.0,"max_hp_gain":0.0,"max_hp_loss":0.0,"gold_gain":0.0,"event_name":"Liars Game","player_choice":"Ignored","floor":8.0,"gold_loss":0.0,"damage_taken":0.0},{"damage_healed":0.0,"max_hp_gain":0.0,"max_hp_loss":0.0,"gold_gain":200.0,"event_name":"Wheel of Change","player_choice":"Gold","floor":19.0,"gold_loss":0.0,"damage_taken":0.0},{"damage_healed":0,"gold_gain":0,"cards_transformed":["Crippling Poison"],"player_choice":"Transformed","damage_taken":0,"max_hp_gain":0,"max_hp_loss":0,"event_name":"Transmorgrifier","floor":38,"gold_loss":0,"cards_obtained":["Deflect"]}],"is_beta":false,"boss_relics":[{"not_picked":["Velvet Choker","Empty Cage"],"picked":"Coffee Dripper"},{"not_picked":["Ring of the Serpent","Tiny House"],"picked":"Astrolabe"}],"items_purged_floors":[10,28,37],"is_endless":false,"potions_floor_spawned":[5,7,14,21,22,30,31,36,39,40],"killed_by":"Transient","ascension_level":20}