{"gold_per_floor":[119,129,204,354,61,61,74,74,74,74,74,86,86,112,112,190,190,190,190,190,190,190,190,190,190,190,190,190,190,190,2,2,2,2,2,2,2,2,2,2,2,2,2,2,2,2,2,2,2,2],"floor_reached":51,"playtime":3177,"items_purged":["Doubt","Writhe"],"score":1540,"play_id":"0bc7a11a-ec5d-4f75-8432-9cc114873b8b","local_time":"20181013143205","is_ascension_mode":true,"campfire_choices":[{"data":"Neutralize","floor":6,"key":"SMITH"},{"data":"Deadly Poison","floor":8,"key":"SMITH"},{"data":"Dagger Spray","floor":11,"key":"SMITH"},{"data":"Finisher","floor":13,"key":"SMITH"},{"data":"Survivor","floor":15,"key":"SMITH"},{"data":"Noxious Fumes","floor":23,"key":"SMITH"},{"data":"Die Die Die","floor":25,"key":"SMITH"},{"data":"Footwork","floor":32,"key":"SMITH"},{"floor":41,"key":"REST"},{"floor":49,"key":"REST"}],"neow_cost":"NONE","seed_source_timestamp":254165811080380,"circlet_count":0,"master_deck":["Defend_G","Defend_G","Defend_G","Defend_G","Survivor+1","Neutralize+1","AscendersBane","Deadly Poison+1","Backflip","Dagger Spray+1","Finisher+1","Backflip","Die Die Die+1","Noxious Fumes+1","Neutralize+1","Bite","Bite","Bite","Bite","Footwork+1","Quick Slash+1","Backflip+1","Forethought+1","Burst+1","Backflip+1","Cloak And Dagger+1","Cloak And Dagger+1","PiercingWail+1","Malaise+1","Heel Hook+1","Leg Sweep+1","Well Laid Plans","Secret Technique+1","Flash of Steel","Secret Technique+1","Accuracy+1"],"relics":["Ring of the Snake","ClockworkSouvenir","Dodecahedron","Ancient Tea Set","Ectoplasm","Happy Flower","PreservedInsect","Boot","Toxic Egg 2","Singing Bowl","Empty Cage","Lantern","Ornamental Fan","Bag of Preparation","Pear","Bottled Tornado"],"potions_floor_usage":[0,12,14,22,22,29,33,33,44,50,50],"damage_taken":[{"damage":0,"enemies":"Small Slimes","floor":1,"turns":4},{"damage":2,"enemies":"Jaw Worm","floor":2,"turns":6},{"damage":0,"enemies":"2 Louse","floor":7,"turns":2},{"damage":14,"enemies":"Exordium Wildlife","floor":12,"turns":5},{"damage":22,"enemies":"3 Sentries","floor":14,"turns":8},{"damage":2,"enemies":"The Guardian","floor":16,"turns":14},{"damage":2,"enemies":"Spheric Guardian","floor":18,"turns":4},{"damage":2,"enemies":"Chosen","floor":22,"turns":3},{"damage":0,"enemies":"Gremlin Leader","floor":24,"turns":6},{"damage":10,"enemies":"Slavers","floor":27,"turns":3},{"damage":13,"enemies":"Snake Plant","floor":28,"turns":4},{"damage":22,"enemies":"Book of Stabbing","floor":29,"turns":5},{"damage":3,"enemies":"Shelled Parasite and Fungi","floor":30,"turns":6},{"damage":51,"enemies":"Automaton","floor":33,"turns":13},{"damage":2,"enemies":"Orb Walker","floor":35,"turns":4},{"damage":12,"enemies":"3 Shapes","floor":36,"turns":5},{"damage":4,"enemies":"3 Darklings","floor":37,"turns":7},{"damage":0,"enemies":"Transient","floor":38,"turns":5},{"damage":19,"enemies":"Spire Growth","floor":39,"turns":6},{"damage":36,"enemies":"Giant Head","floor":40,"turns":10},{"damage":0,"enemies":"Nemesis","floor":42,"turns":6},{"damage":6,"enemies":"2 Orb Walkers","floor":44,"turns":5},{"damage":0,"enemies":"3 Darklings","floor":46,"turns":8},{"damage":29,"enemies":"Nemesis","floor":48,"turns":9},{"damage":8,"enemies":"Donu and Deca","floor":50,"turns":13}],"seed_played":"-3765442232825225469","potions_obtained":[{"floor":0,"key":"Weak Potion"},{"floor":0,"key":"Fruit Juice"},{"floor":0,"key":"Explosive Potion"},{"floor":14,"key":"SteroidPotion"},{"floor":16,"key":"SpeedPotion"},{"floor":24,"key":"SpeedPotion"},{"floor":27,"key":"Regen Potion"},{"floor":30,"key":"GamblersBrew"},{"floor":33,"key":"Regen Potion"},{"floor":35,"key":"Block Potion"},{"floor":38,"key":"EssenceOfSteel"},{"floor":48,"key":"LiquidBronze"}],"is_trial":false,"path_per_floor":["M","M","?","?","$","R","M","R","T","?","R","M","R","E","R","B",null,"M","?","?","?","M","R","E","R","T","E","M","E","M","$","R","B",null,"M","M","M","M","M","E","R","E","T","E","?","M","$","E","R","B"],"character_chosen":"THE_SILENT","items_purchased":["ClockworkSouvenir","Dagger Spray","Forethought+1"],"campfire_rested":2,"item_purchase_floors":[5,5,31],"current_hp_per_floor":[64,62,51,51,51,51,51,51,51,44,44,30,30,8,8,6,55,53,53,53,49,49,49,49,49,49,49,46,36,45,45,45,16,41,47,45,49,49,34,12,26,38,38,50,40,50,50,37,55,61],"gold":2,"neow_bonus":"THREE_SMALL_POTIONS","is_prod":false,"is_daily":false,"chose_seed":false,"campfire_upgraded":8,"win_rate":0,"timestamp":1539455525,"path_taken":["M","M","?","?","?","R","M","R","T","?","R","M","R","E","R","BOSS","M","?","?","?","M","R","E","R","T","E","M","E","M","$","R","BOSS","M","?","M","M","M","E","R","E","T","E","?","M","?","E","R","BOSS"],"build_version":"2018-10-11","purchased_purges":2,"victory":true,"max_hp_per_floor":[71,71,71,71,71,71,71,71,71,71,71,71,71,71,71,71,71,71,71,71,49,49,49,49,49,49,49,49,49,49,49,49,49,49,49,49,49,49,49,49,49,49,49,59,59,61,61,61,61,61],"card_choices":[{"not_picked":["Backflip","Blade Dance"],"picked":"Deadly Poison","floor":1},{"not_picked":["Slice","Underhanded Strike"],"picked":"Backflip","floor":2},{"not_picked":["Deflect","Blade Dance","Reflex"],"picked":"SKIP","floor":7},{"not_picked":["Setup","Blade Dance"],"picked":"Finisher","floor":12},{"not_picked":["Choke","Slice"],"picked":"Backflip","floor":14},{"not_picked":["Adrenaline","Phantasmal Killer"],"picked":"Die Die Die","floor":16},{"not_picked":["Blur","Dodge and Roll"],"picked":"Noxious Fumes","floor":18},{"not_picked":["Deflect","Poisoned Stab","Slice"],"picked":"SKIP","floor":22},{"not_picked":["Reflex","Predator","Deadly Poison"],"picked":"SKIP","floor":24},{"not_picked":["Poisoned Stab","Predator","Sucker Punch"],"picked":"SKIP","floor":27},{"not_picked":["All Out Attack","Flying Knee+1"],"picked":"Footwork","floor":28},{"not_picked":["Choke","Bouncing Flask+1"],"picked":"Quick Slash+1","floor":29},{"not_picked":["Heel Hook","Dagger Throw+1"],"picked":"Backflip+1","floor":30},{"not_picked":["Venomology+1","Tools of the Trade"],"picked":"Burst+1","floor":33},{"not_picked":["Concentrate+1","Outmaneuver+1"],"picked":"Backflip+1","floor":35},{"not_picked":["Sucker Punch+1","PiercingWail+1"],"picked":"Cloak And Dagger+1","floor":36},{"not_picked":["Infinite Blades+1","Blade Dance+1"],"picked":"Cloak And Dagger+1","floor":37},{"not_picked":["Dagger Throw","Sucker Punch"],"picked":"PiercingWail+1","floor":38},{"not_picked":["Dash","Blade Dance+1"],"picked":"Malaise+1","floor":39},{"not_picked":["Deflect+1","Noxious Fumes"],"picked":"Heel Hook+1","floor":40},{"not_picked":["Poisoned Stab","Bouncing Flask+1"],"picked":"Leg Sweep+1","floor":42},{"not_picked":["Choke","Infinite Blades"],"picked":"Well Laid Plans","floor":44},{"not_picked":["Secret Weapon+1","PanicButton+1"],"picked":"Secret Technique+1","floor":45},{"not_picked":["Sadistic Nature","Forethought+1"],"picked":"Flash of Steel","floor":45},{"not_picked":["Deep Breath+1","Finesse+1"],"picked":"Secret Technique+1","floor":45},{"not_picked":["Bane","Poisoned Stab","Flying Knee"],"picked":"Singing Bowl","floor":46},{"not_picked":["Flechettes+1","Blade Dance+1"],"picked":"Accuracy+1","floor":48}],"player_experience":882054,"relics_obtained":[{"floor":9,"key":"Dodecahedron"},{"floor":14,"key":"Ancient Tea Set"},{"floor":24,"key":"PreservedInsect"},{"floor":26,"key":"Boot"},{"floor":27,"key":"Toxic Egg 2"},{"floor":29,"key":"Singing Bowl"},{"floor":40,"key":"Lantern"},{"floor":42,"key":"Ornamental Fan"},{"floor":43,"key":"Bag of Preparation"},{"floor":44,"key":"Pear"},{"floor":48,"key":"Bottled Tornado"}],"event_choices":[{"event_name":"World of Goop","player_choice":"Gather Gold","floor":3,"damage_taken":0},{"event_name":"Liars Game","player_choice":"agreed","floor":4,"damage_taken":0},{"event_name":"Golden Wing","player_choice":"Card Removal","floor":10,"damage_taken":0},{"event_name":"Duplicator","player_choice":"One dupe","floor":19,"damage_taken":0},{"event_name":"The Mausoleum","player_choice":"Yes","floor":20,"damage_taken":0},{"event_name":"Vampires","player_choice":"Became a vampire","floor":21,"damage_taken":0},{"event_name":"SensoryStone","player_choice":"Memory 3","floor":45,"damage_taken":0}],"is_beta":false,"boss_relics":[{"not_picked":["HoveringKite","Philosopher\u0027s Stone"],"picked":"Ectoplasm"},{"not_picked":["Calling Bell","Lizard Tail"],"picked":"Empty Cage"}],"items_purged_floors":[5,31],"is_endless":false,"potions_floor_spawned":[14,16,24,27,28,30,33,35,38,40,48],"ascension_level":15}