{"gold_per_floor":[115,128,78,38,51,84,84,84,111,124,124,139,139,41,41,171,171,171,171,171,171,171,171,171,171,171,171,171,171,171,86,86,86,86,86,86,86,86,86,86,86,86,86,86,86,86,86,16,16,16],"floor_reached":51,"playtime":2892,"items_purged":["Strike_G"],"score":628,"play_id":"0fbfd765-e753-49e9-8c10-407f586ff6f5","local_time":"20190721175134","is_ascension_mode":false,"campfire_choices":[{"data":"Noxious Fumes","floor":7,"key":"SMITH"},{"data":"Neutralize","floor":11,"key":"SMITH"},{"data":"Dagger Spray","floor":13,"key":"SMITH"},{"data":"Backflip","floor":15,"key":"SMITH"},{"data":"Malaise","floor":23,"key":"SMITH"},{"data":"Dash","floor":27,"key":"SMITH"},{"data":"Bane","floor":30,"key":"SMITH"},{"data":"Blur","floor":32,"key":"SMITH"},{"data":"Sucker Punch","floor":41,"key":"SMITH"},{"data":"Backflip","floor":47,"key":"SMITH"},{"data":"Noxious Fumes","floor":49,"key":"SMITH"}],"neow_cost":"NONE","seed_source_timestamp":924514086479654,"circlet_count":0,"master_deck":["Strike_G+1","Strike_G+1","Strike_G+1","Defend_G+1","Defend_G+1","Defend_G+1","Defend_G+1","Defend_G+1","Survivor","Neutralize+1","Slice","Sucker Punch+1","Noxious Fumes+1","Dagger Spray+1","Escape Plan","Bane+1","Outmaneuver","Backflip+1","Malaise+1","PiercingWail+1","Dash+1","Blur+1","Backflip+1","Corpse Explosion","Backstab+1","PiercingWail+1","Noxious Fumes+1"],"relics":["Ring of the Snake","PreservedInsect","Pen Nib","Golden Idol","Potion Belt","Ectoplasm","Red Mask","Smiling Mask","Gremlin Horn","Cursed Key","Bird Faced Urn"],"potions_floor_usage":[6,16,22,25,33,40,45,50,50,50,50,50],"damage_taken":[{"damage":0,"enemies":"2 Louse","floor":1,"turns":3},{"damage":0,"enemies":"Jaw Worm","floor":2,"turns":5},{"damage":0,"enemies":"Small Slimes","floor":5,"turns":3},{"damage":4,"enemies":"Gremlin Nob","floor":6,"turns":3},{"damage":0,"enemies":"2 Fungi Beasts","floor":10,"turns":3},{"damage":11,"enemies":"3 Louse","floor":12,"turns":3},{"damage":4,"enemies":"Hexaghost","floor":16,"turns":10},{"damage":4,"enemies":"Shell Parasite","floor":18,"turns":6},{"damage":0,"enemies":"Chosen","floor":20,"turns":6},{"damage":1,"enemies":"Centurion and Healer","floor":21,"turns":8},{"damage":2,"enemies":"Chosen and Byrds","floor":22,"turns":6},{"damage":3,"enemies":"Snake Plant","floor":24,"turns":6},{"damage":0,"enemies":"Masked Bandits","floor":25,"turns":2},{"damage":1,"enemies":"Centurion and Healer","floor":28,"turns":6},{"damage":0,"enemies":"Snecko","floor":29,"turns":5},{"damage":3,"enemies":"Automaton","floor":33,"turns":12},{"damage":1,"enemies":"Orb Walker","floor":35,"turns":4},{"damage":0,"enemies":"3 Darklings","floor":36,"turns":4},{"damage":0,"enemies":"Mind Bloom Boss Battle","floor":37,"turns":7},{"damage":0,"enemies":"Transient","floor":40,"turns":5},{"damage":0,"enemies":"Writhing Mass","floor":42,"turns":10},{"damage":4,"enemies":"Jaw Worm Horde","floor":44,"turns":3},{"damage":3,"enemies":"Spire Growth","floor":45,"turns":6},{"damage":0,"enemies":"Sphere and 2 Shapes","floor":46,"turns":7},{"damage":17,"enemies":"Time Eater","floor":50,"turns":14}],"seed_played":"-1873076776590563765","potions_obtained":[{"floor":1,"key":"AttackPotion"},{"floor":5,"key":"Dexterity Potion"},{"floor":6,"key":"Block Potion"},{"floor":16,"key":"AttackPotion"},{"floor":20,"key":"Explosive Potion"},{"floor":21,"key":"Swift Potion"},{"floor":24,"key":"Strength Potion"},{"floor":29,"key":"Swift Potion"},{"floor":35,"key":"Regen Potion"},{"floor":36,"key":"EssenceOfSteel"},{"floor":42,"key":"Block Potion"},{"floor":46,"key":"LiquidBronze"}],"is_trial":false,"path_per_floor":["M","M","?","$","M","E","R","?","T","M","R","M","R","$","R","B",null,"M","?","M","M","M","R","M","?","T","R","M","M","R","?","R","B",null,"M","M","?","?","?","M","R","M","T","M","M","M","R","$","R","B",null],"character_chosen":"THE_SILENT","items_purchased":["Noxious Fumes","Backflip","Noxious Fumes"],"campfire_rested":0,"item_purchase_floors":[4,14,48],"current_hp_per_floor":[70,70,70,70,70,66,66,49,49,49,49,38,38,38,38,34,70,66,66,66,65,63,63,60,60,60,60,59,59,59,59,59,56,70,69,69,69,69,69,70,70,70,70,66,65,67,67,67,67,58],"gold":16,"neow_bonus":"RANDOM_COMMON_RELIC","is_prod":false,"is_daily":false,"chose_seed":false,"campfire_upgraded":11,"win_rate":0,"timestamp":1563745894,"path_taken":["M","M","?","$","M","E","R","?","T","M","R","?","R","$","R","BOSS","M","?","M","M","M","R","M","?","T","R","M","M","R","?","R","BOSS","M","M","?","?","?","M","R","M","T","?","M","M","R","?","R","BOSS"],"build_version":"2019-07-17","purchased_purges":1,"victory":true,"max_hp_per_floor":[70,70,70,70,70,70,70,70,70,70,70,70,70,70,70,70,70,70,70,70,70,70,70,70,70,70,70,70,70,70,70,70,70,70,70,70,70,70,70,70,70,70,70,70,70,70,70,70,70,70],"card_choices":[{"not_picked":["Concentrate","Bane"],"picked":"Slice","floor":1},{"not_picked":["Backflip","PiercingWail"],"picked":"Sucker Punch","floor":2},{"not_picked":["Deflect","PiercingWail"],"picked":"Dagger Spray","floor":5},{"not_picked":["Dodge and Roll","Underhanded Strike"],"picked":"Escape Plan","floor":6},{"not_picked":["Eviscerate","Dagger Spray"],"picked":"Bane","floor":10},{"not_picked":["Burst","Acrobatics"],"picked":"Outmaneuver","floor":12},{"not_picked":["Envenom","Bullet Time"],"picked":"Malaise","floor":16},{"not_picked":["Blade Dance+1","Backflip"],"picked":"PiercingWail+1","floor":18},{"not_picked":["Blade Dance","Underhanded Strike","Poisoned Stab+1"],"picked":"SKIP","floor":20},{"not_picked":["All Out Attack+1","Prepared"],"picked":"Dash","floor":21},{"not_picked":["Cloak And Dagger","Dodge and Roll","Escape Plan"],"picked":"SKIP","floor":22},{"not_picked":["Finisher","Infinite Blades+1","Underhanded Strike"],"picked":"SKIP","floor":24},{"not_picked":["Underhanded Strike+1","Malaise"],"picked":"Blur","floor":28},{"not_picked":["Sucker Punch","Underhanded Strike+1"],"picked":"Backflip","floor":29},{"not_picked":["Storm of Steel","Tools of the Trade"],"picked":"Corpse Explosion","floor":33},{"not_picked":["Slice","Acrobatics+1"],"picked":"Backstab+1","floor":35},{"not_picked":["Poisoned Stab+1","Dodge and Roll","Cloak And Dagger+1"],"picked":"SKIP","floor":36},{"not_picked":["Reflex+1","Quick Slash+1","Escape Plan"],"picked":"SKIP","floor":40},{"not_picked":["Accuracy+1","Eviscerate+1","Heel Hook"],"picked":"SKIP","floor":42},{"not_picked":["Outmaneuver","Dagger Spray+1","Quick Slash+1"],"picked":"SKIP","floor":44},{"not_picked":["All Out Attack+1","Outmaneuver"],"picked":"PiercingWail+1","floor":45},{"not_picked":["Infinite Blades","Prepared","Eviscerate"],"picked":"SKIP","floor":46}],"player_experience":4068847,"relics_obtained":[{"floor":6,"key":"Pen Nib"},{"floor":9,"key":"Potion Belt"},{"floor":25,"key":"Red Mask"},{"floor":26,"key":"Smiling Mask"},{"floor":37,"key":"Bird Faced Urn"}],"event_choices":[{"cards_removed":["Strike_G"],"damage_healed":0,"gold_gain":0,"player_choice":"Card Removal","damage_taken":0,"max_hp_gain":0,"max_hp_loss":0,"event_name":"The Cleric","floor":3,"gold_loss":50},{"damage_healed":0,"gold_gain":0,"player_choice":"Take Damage","damage_taken":17,"relics_obtained":["Golden Idol"],"max_hp_gain":0,"max_hp_loss":0,"event_name":"Golden Idol","floor":8,"gold_loss":0},{"damage_healed":0,"gold_gain":0,"player_choice":"Simplicity","damage_taken":0,"max_hp_gain":0,"max_hp_loss":0,"event_name":"Back to Basics","floor":19,"gold_loss":0,"cards_upgraded":["Strike_G","Strike_G","Strike_G","Defend_G","Defend_G","Defend_G","Defend_G","Defend_G"]},{"damage_healed":0,"gold_gain":0,"player_choice":"Fought Bandits","damage_taken":0,"max_hp_gain":0,"max_hp_loss":0,"event_name":"Masked Bandits","floor":25,"gold_loss":0},{"damage_healed":0,"gold_gain":0,"player_choice":"Obtained Relic","damage_taken":0,"relics_obtained":["Gremlin Horn"],"max_hp_gain":0,"max_hp_loss":0,"event_name":"Addict","floor":31,"gold_loss":85},{"damage_healed":0,"gold_gain":0,"player_choice":"Fight","damage_taken":0,"max_hp_gain":0,"max_hp_loss":0,"event_name":"MindBloom","floor":37,"gold_loss":0},{"damage_healed":0,"gold_gain":0,"player_choice":"Ignored","damage_taken":0,"max_hp_gain":0,"max_hp_loss":0,"event_name":"Mysterious Sphere","floor":38,"gold_loss":0},{"damage_healed":0,"gold_gain":222,"player_choice":"Wore Mask","damage_taken":0,"max_hp_gain":0,"max_hp_loss":0,"event_name":"Tomb of Lord Red Mask","floor":39,"gold_loss":0}],"is_beta":false,"boss_relics":[{"not_picked":["HoveringKite","Pandora\u0027s Box"],"picked":"Ectoplasm"},{"not_picked":["Velvet Choker","Runic Dome"],"picked":"Cursed Key"}],"items_purged_floors":[14],"is_endless":false,"potions_floor_spawned":[1,5,6,16,20,21,24,29,35,36,42,46],"ascension_level":0}