{"gold_per_floor":[110,127,142,142,157,182,182,193,193,193,208,26,26,45,45,145,145,55,74,88,105,65,65,78,78,78,78,112,126,144,154,154,154],"floor_reached":33,"playtime":3738,"items_purged":[],"score":273,"play_id":"e58a3931-66bc-45f2-995b-a41ca8b17b1c","local_time":"20190705185902","is_ascension_mode":false,"campfire_choices":[{"floor":7,"key":"REST"},{"floor":10,"key":"REST"},{"floor":13,"key":"REST"},{"floor":15,"key":"DIG"},{"floor":23,"key":"REST"},{"floor":25,"key":"REST"},{"floor":27,"key":"DIG"},{"floor":32,"key":"REST"}],"neow_cost":"NONE","seed_source_timestamp":1137128562629416,"circlet_count":0,"master_deck":["Strike_R","Strike_R","Strike_R","Strike_R","Strike_R","Defend_R","Defend_R","Defend_R","Defend_R","Bash","Dark Embrace","Bloodletting","Flame Barrier","Anger","Uppercut","Impervious","Armaments","Seeing Red","Apotheosis+1","Impervious","Bloodletting","Rampage","Searing Blow","Flex","Carnage","Battle Trance+1","Cleave+1"],"relics":["Burning Blood","Gremlin Horn","Shovel","Ginger","White Beast Statue","Pen Nib","Torii","PreservedInsect"],"potions_floor_usage":[16,16,18,19,20,21,28,28,29,30,31,33],"damage_taken":[{"damage":2,"enemies":"Small Slimes","floor":1,"turns":4},{"damage":1,"enemies":"Cultist","floor":2,"turns":3},{"damage":6,"enemies":"Jaw Worm","floor":3,"turns":5},{"damage":23,"enemies":"Gremlin Gang","floor":5,"turns":6},{"damage":51,"enemies":"Lagavulin","floor":6,"turns":10},{"damage":11,"enemies":"Large Slime","floor":8,"turns":8},{"damage":7,"enemies":"Looter","floor":11,"turns":4},{"damage":7,"enemies":"3 Louse","floor":14,"turns":4},{"damage":12,"enemies":"Hexaghost","floor":16,"turns":9},{"damage":12,"enemies":"2 Thieves","floor":18,"turns":5},{"damage":41,"enemies":"Chosen","floor":19,"turns":8},{"damage":21,"enemies":"Snake Plant","floor":20,"turns":5},{"damage":8,"enemies":"Snecko","floor":21,"turns":6},{"damage":16,"enemies":"Chosen and Byrds","floor":24,"turns":8},{"damage":48,"enemies":"Gremlin Leader","floor":28,"turns":8},{"damage":17,"enemies":"Centurion and Healer","floor":29,"turns":7},{"damage":0,"enemies":"Snecko","floor":30,"turns":6},{"damage":5,"enemies":"Cultist and Chosen","floor":31,"turns":3},{"damage":54,"enemies":"Automaton","floor":33,"turns":6}],"seed_played":"4203378052841113233","potions_obtained":[{"floor":1,"key":"FearPotion"},{"floor":2,"key":"Ancient Potion"},{"floor":6,"key":"Block Potion"},{"floor":11,"key":"Energy Potion"},{"floor":18,"key":"PowerPotion"},{"floor":19,"key":"LiquidBronze"},{"floor":20,"key":"Strength Potion"},{"floor":21,"key":"Fire Potion"},{"floor":24,"key":"GamblersBrew"},{"floor":28,"key":"AttackPotion"},{"floor":29,"key":"EssenceOfSteel"},{"floor":30,"key":"Fire Potion"},{"floor":31,"key":"Dexterity Potion"}],"is_trial":false,"path_per_floor":["M","M","M","?","M","E","R","M","T","R","M","$","R","M","R","B",null,"M","M","M","M","?","R","M","R","T","R","E","M","M","M","R","B"],"character_chosen":"IRONCLAD","items_purchased":["Apotheosis"],"campfire_rested":6,"item_purchase_floors":[12],"current_hp_per_floor":[80,80,80,80,63,18,42,37,37,61,60,60,80,79,79,73,80,74,39,24,22,22,46,36,60,60,60,18,7,13,14,38,0],"gold":154,"neow_bonus":"ONE_RANDOM_RARE_CARD","is_prod":false,"is_daily":false,"chose_seed":false,"campfire_upgraded":0,"win_rate":0.0,"timestamp":1562378342,"path_taken":["M","M","M","?","M","E","R","M","T","R","M","?","R","?","R","BOSS","M","M","M","M","?","R","M","R","T","R","E","M","?","M","R","BOSS"],"build_version":"2019-07-05","purchased_purges":0,"victory":false,"max_hp_per_floor":[80,80,80,80,80,80,80,80,80,80,80,80,80,80,80,80,80,80,80,80,80,80,80,80,80,80,80,80,80,80,80,80,80],"card_choices":[{"not_picked":["Seeing Red","Clash"],"picked":"Bloodletting","floor":1},{"not_picked":["Twin Strike","Heavy Blade"],"picked":"Flame Barrier","floor":2},{"not_picked":["Second Wind","Perfected Strike"],"picked":"Anger","floor":3},{"not_picked":["Dropkick","Pommel Strike"],"picked":"Uppercut","floor":5},{"not_picked":["Havoc","Dropkick"],"picked":"Impervious","floor":6},{"not_picked":["Headbutt","Havoc"],"picked":"Armaments","floor":8},{"not_picked":["Clothesline","Reckless Charge"],"picked":"Seeing Red","floor":11},{"not_picked":["True Grit","Rage","Wild Strike"],"picked":"SKIP","floor":14},{"not_picked":["Berserk","Barricade"],"picked":"Impervious","floor":16},{"not_picked":["Uppercut+1","Clash"],"picked":"Bloodletting","floor":18},{"not_picked":["Thunderclap","Sword Boomerang"],"picked":"Rampage","floor":19},{"not_picked":["Twin Strike","Evolve"],"picked":"Searing Blow","floor":20},{"not_picked":["Shockwave","Second Wind","Flex"],"picked":"SKIP","floor":21},{"not_picked":["Fire Breathing+1","Thunderclap","Second Wind"],"picked":"SKIP","floor":24},{"not_picked":["Burning Pact+1","Intimidate+1"],"picked":"Flex","floor":28},{"not_picked":["Combust","Armaments"],"picked":"Carnage","floor":29},{"not_picked":["Flex","Thunderclap"],"picked":"Battle Trance+1","floor":30},{"not_picked":["Uppercut","Twin Strike"],"picked":"Cleave+1","floor":31}],"player_experience":120525,"relics_obtained":[{"floor":6,"key":"Gremlin Horn"},{"floor":9,"key":"Shovel"},{"floor":15,"key":"Ginger"},{"floor":26,"key":"Pen Nib"},{"floor":27,"key":"Torii"},{"floor":28,"key":"PreservedInsect"}],"event_choices":[{"damage_healed":0,"gold_gain":0,"player_choice":"Ignored","damage_taken":0,"max_hp_gain":0,"max_hp_loss":0,"event_name":"NoteForYourself","floor":4,"gold_loss":0},{"damage_healed":0,"gold_gain":0,"player_choice":"Upgrade","damage_taken":0,"max_hp_gain":0,"max_hp_loss":0,"event_name":"Designer","floor":22,"gold_loss":40,"cards_upgraded":["Apotheosis"]}],"is_beta":false,"boss_relics":[{"not_picked":["Ectoplasm","Astrolabe"],"picked":"White Beast Statue"}],"items_purged_floors":[],"is_endless":false,"potions_floor_spawned":[1,2,6,11,14,18,19,20,21,24,28,29,30,31],"killed_by":"Automaton","ascension_level":0}