{"gold_per_floor":[13,13,29,45,60,60,73,73,73,87,87,122,42,67,67,141,141,155,80,59,59,77,77,110,110,110,110,120,26,26,41,41,115,115,131,31,31,31,49,49,101,113,125,467,404,445,496,538,550,562,614],"floor_reached":51,"playtime":2786,"items_purged":["Warcry","Strike_R"],"score":1686,"play_id":"a48ecb80-ef1d-44c9-8803-a63d9f1fa48b","local_time":"20181127214901","is_ascension_mode":true,"campfire_choices":[{"data":"Feel No Pain","floor":6.0,"key":"SMITH"},{"data":"Bash","floor":8.0,"key":"SMITH"},{"data":"Rupture","floor":15.0,"key":"SMITH"},{"floor":23.0,"key":"REST"},{"floor":25.0,"key":"RECALL"},{"data":"Demon Form","floor":27.0,"key":"SMITH"},{"data":"Disarm","floor":32.0,"key":"SMITH"},{"data":"Demon Form","floor":40.0,"key":"SMITH"},{"data":"Pommel Strike","floor":42.0,"key":"SMITH"},{"data":"Berserk","floor":49.0,"key":"SMITH"}],"neow_cost":"NO_GOLD","seed_source_timestamp":201956138972487,"circlet_count":0,"master_deck":["AscendersBane","Strike_R","Strike_R","Defend_R","Defend_R","Defend_R","Bash+1","Shrug It Off","Pain","Shrug It Off","Anger","Feel No Pain+1","Twin Strike","Clothesline","Berserk+1","Reaper","Rupture+1","Demon Form+1","Offering","Clothesline","Disarm+1","Corruption","Shrug It Off","Writhe","Demon Form+1","Body Slam+1","Shrug It Off+1","Impervious","HandOfGreed","Pummel+1","Pommel Strike+1","Corruption+1","Headbutt","Shrug It Off","Inflame"],"special_seed":0,"relics":["Burning Blood","WarpedTongs","Blue Candle","Kunai","Red Skull","Snecko Eye","Mummified Hand","Potion Belt","Ancient Tea Set","Darkstone Periapt","Orrery","MawBank","PreservedInsect","Old Coin","Dream Catcher","Gambling Chip"],"potions_floor_usage":[51],"damage_taken":[{"damage":5.0,"enemies":"2 Louse","floor":1.0,"turns":4.0},{"damage":10.0,"enemies":"Cultist","floor":3.0,"turns":4.0},{"damage":5.0,"enemies":"Small Slimes","floor":4.0,"turns":5.0},{"damage":12.0,"enemies":"Exordium Thugs","floor":5.0,"turns":5.0},{"damage":6.0,"enemies":"Blue Slaver","floor":7.0,"turns":5.0},{"damage":11.0,"enemies":"Gremlin Gang","floor":10.0,"turns":7.0},{"damage":20.0,"enemies":"Lagavulin","floor":12.0,"turns":7.0},{"damage":31.0,"enemies":"Gremlin Nob","floor":14.0,"turns":4.0},{"damage":21.0,"enemies":"Hexaghost","floor":16.0,"turns":7.0},{"damage":23.0,"enemies":"Spheric Guardian","floor":18.0,"turns":5.0},{"damage":24.0,"enemies":"2 Thieves","floor":20.0,"turns":4.0},{"damage":29.0,"enemies":"Centurion and Healer","floor":22.0,"turns":4.0},{"damage":15.0,"enemies":"Book of Stabbing","floor":24.0,"turns":5.0},{"damage":22.0,"enemies":"Shelled Parasite and Fungi","floor":28.0,"turns":4.0},{"damage":3.0,"enemies":"Cultist and Chosen","floor":31.0,"turns":7.0},{"damage":55.0,"enemies":"Collector","floor":33.0,"turns":8.0},{"damage":4.0,"enemies":"Orb Walker","floor":35.0,"turns":4.0},{"damage":44.0,"enemies":"3 Darklings","floor":39.0,"turns":7.0},{"damage":10.0,"enemies":"Giant Head","floor":41.0,"turns":5.0},{"damage":1.0,"enemies":"Nemesis","floor":44.0,"turns":3.0},{"damage":18.0,"enemies":"Giant Head","floor":46.0,"turns":4.0},{"damage":35.0,"enemies":"Spire Growth","floor":47.0,"turns":4.0},{"damage":9.0,"enemies":"Reptomancer","floor":48.0,"turns":6.0},{"damage":12.0,"enemies":"Donu and Deca","floor":50.0,"turns":7.0},{"damage":140,"enemies":"Awakened One","floor":51,"turns":7}],"seed_played":"2589161982256287664","potions_obtained":[{"floor":1.0,"key":"PowerPotion"},{"floor":5.0,"key":"EssenceOfSteel"},{"floor":14.0,"key":"FairyPotion"},{"floor":16.0,"key":"BloodPotion"},{"floor":18.0,"key":"LiquidBronze"},{"floor":22.0,"key":"Fire Potion"},{"floor":28.0,"key":"Ancient Potion"},{"floor":35.0,"key":"Swift Potion"},{"floor":41.0,"key":"SteroidPotion"}],"is_trial":false,"path_per_floor":["M","?","M","M","M","R","M","R","T","M","?","E","$","E","R","B",null,"M","$","M","?","M","R","E","R","T","R","M","$","?","M","R","B",null,"M","$","?","?","M","R","E","R","T","E","?","E","M","E","R","B","B"],"character_chosen":"IRONCLAD","items_purchased":["Rupture","Corruption","Shrug It Off"],"campfire_rested":1,"item_purchase_floors":[13,29,29],"current_hp_per_floor":[83,83,79,80,74,74,74,74,74,69,69,55,55,35,35,41,77,60,60,60,60,55,81,76,76,76,76,60,60,66,77,77,81,92,94,94,94,84,95,95,91,91,91,95,95,95,75,95,95,95,0],"gold":614,"neow_bonus":"TWENTY_PERCENT_HP_BONUS","is_prod":false,"is_daily":false,"chose_seed":false,"campfire_upgraded":8,"win_rate":0,"timestamp":1543373341,"path_taken":["M","?","M","M","?","R","M","R","T","M","?","E","?","E","R","BOSS","M","$","M","?","?","R","E","R","T","R","M","$","?","M","R","BOSS","M","$","?","?","M","R","E","R","T","E","?","E","?","E","R","BOSS","BOSS"],"build_version":"2018-11-15","purchased_purges":2,"victory":false,"max_hp_per_floor":[89,89,89,89,89,89,89,89,89,89,89,89,89,89,89,89,89,89,89,89,89,89,89,89,89,89,89,89,89,95,95,95,95,95,95,95,95,95,95,95,95,95,95,95,95,95,95,95,95,95,95],"card_choices":[{"not_picked":["Sever Soul","Headbutt"],"picked":"Shrug It Off","floor":1.0},{"not_picked":["Cleave","Heavy Blade"],"picked":"Shrug It Off","floor":3.0},{"not_picked":["Havoc","Warcry"],"picked":"Anger","floor":4.0},{"not_picked":["Fire Breathing","Reckless Charge"],"picked":"Feel No Pain","floor":5.0},{"not_picked":["Thunderclap","Sword Boomerang"],"picked":"Twin Strike","floor":7.0},{"not_picked":["Armaments","Fire Breathing"],"picked":"Clothesline","floor":10.0},{"not_picked":["Entrench","Flex"],"picked":"Reaper","floor":12.0},{"not_picked":["Body Slam","Heavy Blade"],"picked":"Demon Form","floor":14.0},{"not_picked":["Feed","Impervious"],"picked":"Offering","floor":16.0},{"not_picked":["Perfected Strike","Iron Wave"],"picked":"Warcry","floor":18.0},{"not_picked":["Anger","Cleave"],"picked":"Clothesline","floor":20.0},{"not_picked":["Sever Soul","Reckless Charge","Armaments"],"picked":"SKIP","floor":22.0},{"not_picked":["Seeing Red","Hemokinesis","Twin Strike+1"],"picked":"SKIP","floor":24.0},{"not_picked":["Clothesline","Shockwave"],"picked":"Disarm","floor":28.0},{"not_picked":["Cleave","Ghostly Armor","Dropkick"],"picked":"SKIP","floor":31.0},{"not_picked":["Double Tap","Feed"],"picked":"Demon Form","floor":33.0},{"not_picked":["Wild Strike","Flex"],"picked":"Body Slam+1","floor":34.0},{"not_picked":["Thunderclap","Intimidate"],"picked":"Shrug It Off+1","floor":34.0},{"not_picked":["Twin Strike","Iron Wave"],"picked":"Impervious","floor":35.0},{"not_picked":["PanicButton","Secret Technique"],"picked":"HandOfGreed","floor":38.0},{"not_picked":["True Grit","Clothesline+1"],"picked":"Pummel+1","floor":39.0},{"not_picked":["Reckless Charge","Uppercut"],"picked":"Pommel Strike","floor":41.0},{"not_picked":["Twin Strike+1","True Grit+1"],"picked":"Corruption+1","floor":44.0},{"not_picked":["Flex+1","Sword Boomerang"],"picked":"Headbutt","floor":46.0},{"not_picked":["Clothesline+1","Metallicize"],"picked":"Shrug It Off","floor":47.0},{"not_picked":["Twin Strike","Carnage+1"],"picked":"Inflame","floor":48.0}],"player_experience":1175803,"relics_obtained":[{"floor":9.0,"key":"Blue Candle"},{"floor":12.0,"key":"Kunai"},{"floor":14.0,"key":"Red Skull"},{"floor":21.0,"key":"Mummified Hand"},{"floor":24.0,"key":"Potion Belt"},{"floor":26.0,"key":"Ancient Tea Set"},{"floor":41.0,"key":"MawBank"},{"floor":43.0,"key":"PreservedInsect"},{"floor":44.0,"key":"Old Coin"},{"floor":46.0,"key":"Dream Catcher"},{"floor":48.0,"key":"Gambling Chip"}],"event_choices":[{"damage_healed":0.0,"max_hp_gain":0.0,"max_hp_loss":0.0,"gold_gain":0.0,"event_name":"Accursed Blacksmith","player_choice":"Rummage","floor":2.0,"gold_loss":0.0,"damage_taken":0.0,"relics_obtained":["WarpedTongs"],"cards_obtained":["Pain"]},{"damage_healed":0.0,"max_hp_gain":0.0,"max_hp_loss":0.0,"gold_gain":0.0,"cards_transformed":["Strike_R"],"event_name":"Transmorgrifier","player_choice":"Transformed","floor":11.0,"gold_loss":0.0,"damage_taken":0.0,"cards_obtained":["Berserk"]},{"damage_healed":0.0,"max_hp_gain":0.0,"max_hp_loss":0.0,"gold_gain":0.0,"event_name":"Wheel of Change","player_choice":"Relic","floor":21.0,"gold_loss":0.0,"damage_taken":0.0},{"damage_healed":0.0,"max_hp_gain":0.0,"max_hp_loss":0.0,"gold_gain":0.0,"event_name":"The Mausoleum","player_choice":"Opened","floor":30.0,"gold_loss":0.0,"damage_taken":0.0,"relics_obtained":["Darkstone Periapt"],"cards_obtained":["Writhe"]},{"cards_removed":["Defend_R"],"damage_healed":0.0,"max_hp_gain":0.0,"max_hp_loss":0.0,"gold_gain":0.0,"event_name":"Falling","player_choice":"Removed Skill","floor":37.0,"gold_loss":0.0,"damage_taken":0.0},{"damage_healed":0.0,"max_hp_gain":0.0,"max_hp_loss":0.0,"gold_gain":0.0,"event_name":"SensoryStone","player_choice":"Memory 3","floor":38.0,"gold_loss":0.0,"damage_taken":10.0},{"cards_removed":["Strike_R"],"damage_healed":0.0,"max_hp_gain":0.0,"max_hp_loss":0.0,"gold_gain":0.0,"event_name":"Designer","player_choice":"Single Remove","floor":45.0,"gold_loss":75.0,"damage_taken":0.0}],"is_beta":false,"boss_relics":[{"not_picked":["Lizard Tail","Mark of Pain"],"picked":"Snecko Eye"},{"not_picked":["Black Blood","Pandora\u0027s Box"],"picked":"Orrery"}],"items_purged_floors":[19,36],"is_endless":false,"potions_floor_spawned":[1,5,7,14,16,18,22,28,35,41,47],"killed_by":"Awakened One","ascension_level":20}