{"gold_per_floor":[112,128,188,188,203,203,218,218,218,249,259,259,285,2,2,104,104,123,123,139,152,152],"floor_reached":22,"playtime":1934,"items_purged":[],"score":196,"play_id":"d9142409-1cc3-42fd-b10c-f12fc54946e8","local_time":"20190702024339","is_ascension_mode":false,"campfire_choices":[{"data":"Armaments","floor":6,"key":"SMITH"},{"data":"Seeing Red","floor":8,"key":"SMITH"},{"data":"Iron Wave","floor":12,"key":"SMITH"},{"floor":15,"key":"REST"}],"neow_cost":"NONE","seed_source_timestamp":821205803278510,"circlet_count":0,"master_deck":["Strike_R","Strike_R","Strike_R","Strike_R","Strike_R","Defend_R","Defend_R","Defend_R+1","Defend_R+1","Bash","Carnage","Armaments+1","Seeing Red+1","Carnage","Iron Wave+1","Anger","Corruption","Good Instincts","Double Tap","Ghostly Armor","Feed","Infernal Blade","Cleave","Infernal Blade","Pommel Strike","Uppercut","Rage","Barricade","Offering","Flex"],"relics":["Burning Blood","Mercury Hourglass","Vajra","Boot","Orrery"],"potions_floor_usage":[13,13,16],"damage_taken":[{"damage":6,"enemies":"Jaw Worm","floor":1,"turns":5},{"damage":2,"enemies":"Small Slimes","floor":2,"turns":3},{"damage":2,"enemies":"2 Louse","floor":5,"turns":3},{"damage":9,"enemies":"Large Slime","floor":7,"turns":5},{"damage":9,"enemies":"3 Sentries","floor":10,"turns":6},{"damage":5,"enemies":"Lots of Slimes","floor":11,"turns":3},{"damage":26,"enemies":"Lagavulin","floor":13,"turns":4},{"damage":62,"enemies":"The Guardian","floor":16,"turns":10},{"damage":10,"enemies":"Shell Parasite","floor":18,"turns":4},{"damage":16,"enemies":"2 Thieves","floor":20,"turns":5},{"damage":25,"enemies":"3 Cultists","floor":21,"turns":6},{"damage":62,"enemies":"Cultist and Chosen","floor":22,"turns":8}],"seed_played":"-78436062418454738","potions_obtained":[{"floor":1,"key":"Ancient Potion"},{"floor":5,"key":"Regen Potion"},{"floor":10,"key":"SpeedPotion"},{"floor":13,"key":"SteroidPotion"}],"is_trial":false,"path_per_floor":["M","M","?","?","M","R","M","R","T","E","M","R","E","$","R","B",null,"M","?","M","M","M"],"character_chosen":"IRONCLAD","items_purchased":["Good Instincts","Double Tap","Ghostly Armor"],"campfire_rested":1,"item_purchase_floors":[14,14,14],"current_hp_per_floor":[88,88,88,70,74,74,71,71,71,68,69,69,61,61,87,31,88,87,87,77,61,0],"gold":152,"neow_bonus":"TEN_PERCENT_HP_BONUS","is_prod":false,"is_daily":false,"chose_seed":false,"campfire_upgraded":3,"win_rate":0.0,"timestamp":1562060619,"path_taken":["M","M","?","?","M","R","M","R","T","E","M","R","E","$","R","BOSS","M","?","M","M","M"],"build_version":"2019-07-01","purchased_purges":0,"victory":false,"max_hp_per_floor":[88,88,88,88,88,88,88,88,88,88,88,88,88,88,88,88,88,91,91,91,94,94],"card_choices":[{"not_picked":["Second Wind","Shrug It Off"],"picked":"Carnage","floor":1},{"not_picked":["Fire Breathing","Rupture"],"picked":"Armaments","floor":2},{"not_picked":["Clothesline","Body Slam"],"picked":"Seeing Red","floor":5},{"not_picked":["Pommel Strike","Thunderclap"],"picked":"Carnage","floor":7},{"not_picked":["Offering","Hemokinesis"],"picked":"Iron Wave","floor":10},{"not_picked":["Twin Strike","Blood for Blood"],"picked":"Anger","floor":11},{"not_picked":["Evolve","Twin Strike"],"picked":"Corruption","floor":13},{"not_picked":["Double Tap","Dark Embrace"],"picked":"Feed","floor":16},{"not_picked":["Shrug It Off","Warcry"],"picked":"Infernal Blade","floor":17},{"not_picked":["Combust","Clothesline"],"picked":"Cleave","floor":17},{"not_picked":["Fire Breathing","Hemokinesis"],"picked":"Infernal Blade","floor":17},{"not_picked":["Clothesline","Burning Pact"],"picked":"Pommel Strike","floor":17},{"not_picked":["Sword Boomerang","Warcry"],"picked":"Uppercut","floor":17},{"not_picked":["Corruption","Inflame"],"picked":"Rage","floor":18},{"not_picked":["True Grit","Havoc+1"],"picked":"Offering","floor":20},{"not_picked":["Body Slam+1","Shrug It Off"],"picked":"Flex","floor":21}],"player_experience":75814,"relics_obtained":[{"floor":9,"key":"Mercury Hourglass"},{"floor":10,"key":"Vajra"},{"floor":13,"key":"Boot"}],"event_choices":[{"damage_healed":0,"gold_gain":60,"player_choice":"Gained Gold","damage_taken":0,"max_hp_gain":0,"max_hp_loss":0,"event_name":"Golden Wing","floor":3,"gold_loss":0},{"damage_healed":0,"gold_gain":0,"player_choice":"Entered Light","damage_taken":18,"max_hp_gain":0,"max_hp_loss":0,"event_name":"Shining Light","floor":4,"gold_loss":0,"cards_upgraded":["Defend_R","Defend_R"]},{"damage_healed":0,"gold_gain":0,"player_choice":"Read","damage_taken":0,"max_hp_gain":0,"max_hp_loss":0,"event_name":"The Library","floor":19,"gold_loss":0,"cards_obtained":["Barricade"]}],"is_beta":false,"boss_relics":[{"not_picked":["Velvet Choker","Runic Dome"],"picked":"Orrery"}],"items_purged_floors":[],"is_endless":false,"potions_floor_spawned":[1,5,10,13],"killed_by":"Cultist and Chosen","ascension_level":0}