{"gold_per_floor":[111,121,16,16,16,46,58,92,92,103,103,134,134,154,154,232,232,250,550,124,95,95,127,127,127],"floor_reached":25,"playtime":1391,"items_purged":["Writhe"],"score":528,"play_id":"83cfb9e2-20b2-46e8-bda9-552c11b3eb6c","local_time":"20181024172644","is_ascension_mode":true,"campfire_choices":[{"data":"Neutralize","floor":11,"key":"SMITH"},{"floor":13,"key":"REST"},{"data":"Deadly Poison","floor":15,"key":"SMITH"},{"data":"Leg Sweep","floor":24,"key":"SMITH"}],"neow_cost":"NONE","seed_source_timestamp":507972803073104,"circlet_count":0,"master_deck":["Defend_G","Defend_G","Defend_G","Defend_G","Defend_G","Strike_G","Strike_G","Strike_G","Survivor","Neutralize+1","AscendersBane","Skewer+1","Dodge and Roll","Finesse","Well Laid Plans","Leg Sweep+1","Deadly Poison+1","Flechettes","Quick Slash+1","Adrenaline","Crippling Poison","Backstab","Finisher"],"relics":["Ring of the Snake","NeowsBlessing","Smiling Mask","Incense Burner","Ninja Scroll","Singing Bowl","Coffee Dripper","Old Coin","Whetstone","Medical Kit","Centennial Puzzle"],"potions_floor_usage":[8,8,21,21,23,23],"damage_taken":[{"damage":0,"enemies":"Cultist","floor":1,"turns":1},{"damage":0,"enemies":"Small Slimes","floor":2,"turns":1},{"damage":0,"enemies":"Gremlin Nob","floor":6,"turns":1},{"damage":0,"enemies":"Jaw Worm","floor":7,"turns":7},{"damage":39,"enemies":"3 Sentries","floor":8,"turns":13},{"damage":0,"enemies":"3 Louse","floor":10,"turns":3},{"damage":18,"enemies":"Lagavulin","floor":12,"turns":8},{"damage":0,"enemies":"2 Fungi Beasts","floor":14,"turns":2},{"damage":4,"enemies":"The Guardian","floor":16,"turns":13},{"damage":3,"enemies":"Shell Parasite","floor":18,"turns":6},{"damage":3,"enemies":"2 Thieves","floor":21,"turns":4},{"damage":46,"enemies":"Book of Stabbing","floor":23,"turns":5},{"damage":7,"enemies":"Chosen and Byrds","floor":25,"turns":4}],"seed_played":"-9137180387830586521","potions_obtained":[{"floor":1,"key":"LiquidBronze"},{"floor":2,"key":"LiquidBronze"},{"floor":8,"key":"Weak Potion"},{"floor":10,"key":"SmokeBomb"},{"floor":16,"key":"Explosive Potion"},{"floor":18,"key":"Weak Potion"},{"floor":21,"key":"SpeedPotion"},{"floor":22,"key":"LiquidBronze"}],"is_trial":false,"path_per_floor":["M","M","$","?","?","E","M","E","T","M","R","E","R","M","R","B",null,"M","?","$","M","?","E","R"],"character_chosen":"THE_SILENT","items_purchased":["Finesse","Whetstone","Medical Kit"],"campfire_rested":1,"item_purchase_floors":[3,20,20],"current_hp_per_floor":[59,59,59,59,59,59,59,20,20,20,20,4,24,26,26,22,58,55,55,55,52,52,6,6,0],"gold":127,"neow_bonus":"THREE_ENEMY_KILL","is_prod":false,"is_daily":false,"chose_seed":false,"campfire_upgraded":3,"win_rate":0,"timestamp":1540416404,"path_taken":["M","?","$","?","?","E","M","E","T","M","R","E","R","M","R","BOSS","M","?","$","M","?","E","R","M"],"build_version":"2018-10-18","purchased_purges":1,"victory":false,"max_hp_per_floor":[66,66,66,66,66,66,66,66,66,66,66,68,68,70,70,70,70,70,70,70,70,70,70,70,70],"card_choices":[{"not_picked":["Outmaneuver","Blade Dance"],"picked":"Skewer","floor":1},{"not_picked":["Dagger Spray","Prepared"],"picked":"Dodge and Roll","floor":2},{"not_picked":["Well Laid Plans","Bullet Time"],"picked":"Leg Sweep","floor":6},{"not_picked":["Flying Knee","Leg Sweep"],"picked":"Deadly Poison","floor":7},{"not_picked":["Backflip","Predator"],"picked":"Flechettes","floor":8},{"not_picked":["Accuracy","PiercingWail"],"picked":"Quick Slash","floor":10},{"not_picked":["Tools of the Trade","Outmaneuver","Flying Knee"],"picked":"Singing Bowl","floor":12},{"not_picked":["Dodge and Roll","Dagger Throw","Prepared"],"picked":"Singing Bowl","floor":14},{"not_picked":["Storm of Steel","Tools of the Trade"],"picked":"Adrenaline","floor":16},{"not_picked":["Escape Plan","Reflex"],"picked":"Crippling Poison","floor":18},{"not_picked":["Dagger Throw","Quick Slash"],"picked":"Backstab","floor":21},{"not_picked":["Terror","Riddle With Holes+1"],"picked":"Finisher","floor":23}],"player_experience":968614,"relics_obtained":[{"floor":6,"key":"Smiling Mask"},{"floor":8,"key":"Incense Burner"},{"floor":9,"key":"Ninja Scroll"},{"floor":12,"key":"Singing Bowl"},{"floor":23,"key":"Centennial Puzzle"}],"event_choices":[{"damage_healed":0,"gold_gain":0,"cards_transformed":["Strike_G"],"player_choice":"Transformed","damage_taken":0,"max_hp_gain":0,"max_hp_loss":0,"event_name":"Transmorgrifier","floor":4,"gold_loss":0,"cards_obtained":["Well Laid Plans"]},{"cards_removed":["Strike_G"],"damage_healed":0,"gold_gain":0,"player_choice":"Forget","damage_taken":0,"max_hp_gain":0,"max_hp_loss":0,"event_name":"Living Wall","floor":5,"gold_loss":0},{"damage_healed":0,"gold_gain":0,"player_choice":"Opened","damage_taken":0,"relics_obtained":["Old Coin"],"max_hp_gain":0,"max_hp_loss":0,"event_name":"The Mausoleum","floor":19,"gold_loss":0,"cards_obtained":["Writhe"]},{"damage_healed":0,"gold_gain":0,"player_choice":"Got Potions","damage_taken":0,"max_hp_gain":0,"max_hp_loss":0,"event_name":"The Lab","floor":22,"gold_loss":0}],"is_beta":false,"boss_relics":[{"not_picked":["Lizard Tail","Runic Pyramid"],"picked":"Coffee Dripper"}],"items_purged_floors":[20],"is_endless":false,"potions_floor_spawned":[1,2,8,10,16,18,21],"killed_by":"Chosen and Byrds","ascension_level":20}