{"gold_per_floor":[119,139,151,151,165,165,196,196,223,6,6,21,32,64,64,160,160,175,175,175,185,199,199,227,227],"floor_reached":25,"playtime":1513,"items_purged":[],"score":295,"play_id":"421834a0-0974-4cd1-92c0-4a4fab14b805","local_time":"20190709152347","is_ascension_mode":true,"campfire_choices":[{"data":"Bash","floor":6,"key":"SMITH"},{"data":"Metallicize","floor":11,"key":"SMITH"},{"data":"Inflame","floor":15,"key":"SMITH"},{"data":"Metallicize","floor":23,"key":"SMITH"}],"neow_cost":"PERCENT_DAMAGE","seed_source_timestamp":298508862205720,"circlet_count":0,"master_deck":["Strike_R","Strike_R","Strike_R","Strike_R","Strike_R","Defend_R","Defend_R","Defend_R","Defend_R","Bash+1","Pommel Strike","Flex","Anger","Inflame+1","Metallicize+1","Entrench","Body Slam","Feed","Limit Break","Fire Breathing+1","Metallicize+1","Disarm","Whirlwind"],"relics":["Black Blood","Omamori","Strawberry","PreservedInsect","Ginger"],"potions_floor_usage":[7,7,14,18,21,22,22,25],"damage_taken":[{"damage":4,"enemies":"2 Louse","floor":1,"turns":3},{"damage":9,"enemies":"Cultist","floor":2,"turns":4},{"damage":6,"enemies":"Jaw Worm","floor":3,"turns":3},{"damage":11,"enemies":"2 Fungi Beasts","floor":5,"turns":4},{"damage":36,"enemies":"Lagavulin","floor":7,"turns":4},{"damage":6,"enemies":"Exordium Thugs","floor":12,"turns":4},{"damage":7,"enemies":"Looter","floor":13,"turns":3},{"damage":12,"enemies":"Gremlin Nob","floor":14,"turns":4},{"damage":55,"enemies":"Hexaghost","floor":16,"turns":9},{"damage":3,"enemies":"Chosen","floor":18,"turns":6},{"damage":21,"enemies":"Spheric Guardian","floor":21,"turns":5},{"damage":31,"enemies":"Centurion and Healer","floor":22,"turns":5},{"damage":53,"enemies":"Book of Stabbing","floor":24,"turns":8},{"damage":41,"enemies":"3 Cultists","floor":25,"turns":4}],"seed_played":"-6423409342760209960","potions_obtained":[{"floor":3,"key":"PowerPotion"},{"floor":5,"key":"Fruit Juice"},{"floor":7,"key":"Regen Potion"},{"floor":16,"key":"EssenceOfSteel"},{"floor":20,"key":"Weak Potion"},{"floor":20,"key":"SteroidPotion"},{"floor":20,"key":"SneckoOil"},{"floor":21,"key":"Block Potion"},{"floor":24,"key":"SpeedPotion"}],"is_trial":false,"path_per_floor":["M","M","M","?","M","R","E","$","T","$","R","M","M","E","R","B",null,"M","?","?","M","M","R","E","M"],"character_chosen":"IRONCLAD","items_purchased":["Strawberry","Metallicize"],"campfire_rested":0,"item_purchase_floors":[10,10],"current_hp_per_floor":[74,71,71,96,91,91,66,66,66,73,73,73,72,78,78,29,108,108,108,108,97,79,79,36,0],"gold":227,"neow_bonus":"TWENTY_PERCENT_HP_BONUS","is_prod":false,"is_daily":false,"chose_seed":false,"campfire_upgraded":4,"win_rate":0,"timestamp":1562711027,"path_taken":["M","M","M","?","M","R","E","$","T","$","R","M","?","E","R","BOSS","M","?","?","M","M","R","E","M"],"build_version":"2019-07-05","purchased_purges":0,"victory":false,"max_hp_per_floor":[96,96,96,96,96,96,101,101,101,108,108,108,108,108,108,108,108,108,108,108,108,111,111,111,111],"card_choices":[{"not_picked":["Warcry","Sword Boomerang"],"picked":"Pommel Strike","floor":1},{"not_picked":["Entrench","Shrug It Off"],"picked":"Flex","floor":2},{"not_picked":["Thunderclap","Uppercut"],"picked":"Fire Breathing","floor":3},{"not_picked":["Headbutt","Corruption"],"picked":"Anger","floor":5},{"not_picked":["Uppercut","Headbutt"],"picked":"Inflame","floor":7},{"not_picked":["Shockwave","Headbutt"],"picked":"Entrench","floor":12},{"not_picked":["Heavy Blade","Anger"],"picked":"Body Slam","floor":13},{"not_picked":["Flex","Pommel Strike"],"picked":"Feed","floor":14},{"not_picked":["Impervious","Bludgeon"],"picked":"Limit Break","floor":16},{"not_picked":["Wild Strike","True Grit"],"picked":"Fire Breathing+1","floor":18},{"not_picked":["Havoc+1","Shrug It Off","Headbutt+1"],"picked":"SKIP","floor":21},{"not_picked":["Clothesline+1","Dual Wield"],"picked":"Disarm","floor":22},{"not_picked":["Carnage","Sword Boomerang+1"],"picked":"Whirlwind","floor":24}],"player_experience":240884,"relics_obtained":[{"floor":7,"key":"Omamori"},{"floor":14,"key":"PreservedInsect"},{"floor":24,"key":"Ginger"}],"event_choices":[{"cards_removed":["Fire Breathing"],"damage_healed":25,"gold_gain":0,"player_choice":"Offered Uncommon","damage_taken":0,"max_hp_gain":0,"max_hp_loss":0,"event_name":"Bonfire Elementals","floor":4,"gold_loss":0},{"damage_healed":0,"gold_gain":0,"player_choice":"Read","damage_taken":0,"max_hp_gain":0,"max_hp_loss":0,"event_name":"The Library","floor":19,"gold_loss":0,"cards_obtained":["Metallicize"]},{"damage_healed":0,"gold_gain":0,"player_choice":"Got Potions","damage_taken":0,"max_hp_gain":0,"max_hp_loss":0,"event_name":"Lab","floor":20,"gold_loss":0}],"is_beta":false,"boss_relics":[{"not_picked":["Sozu","Tiny House"],"picked":"Black Blood"}],"items_purged_floors":[],"is_endless":false,"potions_floor_spawned":[3,5,7,16,21,24],"killed_by":"3 Cultists","ascension_level":1}