{"gold_per_floor":[110,110,127,202,220,254,264,264,264,299,314,314],"floor_reached":12,"playtime":376,"items_purged":[],"score":108,"play_id":"0c08dd95-b135-420f-bb41-bac05808041b","local_time":"20190719010620","is_ascension_mode":true,"campfire_choices":[{"floor":8,"key":"REST"}],"neow_cost":"PERCENT_DAMAGE","seed_source_timestamp":458715748409912,"circlet_count":0,"master_deck":["Strike_R","Strike_R","Strike_R","Strike_R","Strike_R","Defend_R","Defend_R","Bash+1","Twin Strike","Warcry","Second Wind","Headbutt","Flex","Clash","Cleave","Clash","Carnage"],"relics":["Burning Blood","Bag of Preparation","The Courier"],"potions_floor_usage":[5,12,12],"damage_taken":[{"damage":7,"enemies":"Jaw Worm","floor":1,"turns":3},{"damage":2,"enemies":"2 Louse","floor":3,"turns":2},{"damage":6,"enemies":"Small Slimes","floor":5,"turns":3},{"damage":50,"enemies":"3 Sentries","floor":6,"turns":9},{"damage":9,"enemies":"3 Louse","floor":7,"turns":2},{"damage":16,"enemies":"Gremlin Nob","floor":10,"turns":3},{"damage":11,"enemies":"Looter","floor":11,"turns":2},{"damage":34,"enemies":"Lagavulin","floor":12,"turns":3}],"seed_played":"7244016233299034361","potions_obtained":[{"floor":1,"key":"SpeedPotion"},{"floor":3,"key":"BloodPotion"},{"floor":6,"key":"PowerPotion"},{"floor":11,"key":"SkillPotion"}],"is_trial":false,"path_per_floor":["M","?","M","?","M","E","M","R","T","E","M","E"],"character_chosen":"IRONCLAD","items_purchased":[],"campfire_rested":1,"item_purchase_floors":[],"current_hp_per_floor":[55,55,59,48,68,24,21,45,45,35,30,0],"gold":314,"neow_bonus":"TRANSFORM_TWO_CARDS","is_prod":false,"is_daily":false,"chose_seed":false,"campfire_upgraded":0,"win_rate":0,"timestamp":1563491180,"path_taken":["M","?","M","?","M","E","M","R","T","E","M","E"],"build_version":"2019-07-17","purchased_purges":0,"victory":false,"max_hp_per_floor":[80,80,80,80,80,80,80,80,80,80,80,80],"card_choices":[{"not_picked":["Sentinel","Shrug It Off"],"picked":"Second Wind","floor":1},{"not_picked":["Disarm","Combust"],"picked":"Headbutt","floor":3},{"not_picked":["Corruption","Bloodletting"],"picked":"Flex","floor":5},{"not_picked":["Second Wind","Fire Breathing"],"picked":"Clash","floor":6},{"not_picked":["Whirlwind","Armaments"],"picked":"Cleave","floor":7},{"not_picked":["Twin Strike","Burning Pact"],"picked":"Clash","floor":10},{"not_picked":["Wild Strike","Thunderclap"],"picked":"Carnage","floor":11}],"player_experience":223823,"relics_obtained":[{"floor":6,"key":"Bag of Preparation"},{"floor":10,"key":"The Courier"}],"event_choices":[{"damage_healed":0,"gold_gain":0,"player_choice":"Grow","damage_taken":0,"max_hp_gain":0,"max_hp_loss":0,"event_name":"Living Wall","floor":2,"gold_loss":0,"cards_upgraded":["Bash"]},{"damage_healed":0,"gold_gain":75,"player_choice":"Gather Gold","damage_taken":11,"max_hp_gain":0,"max_hp_loss":0,"event_name":"World of Goop","floor":4,"gold_loss":0}],"is_beta":false,"boss_relics":[],"items_purged_floors":[],"is_endless":false,"potions_floor_spawned":[1,3,6,11],"killed_by":"Lagavulin","ascension_level":4}