{"gold_per_floor":[113,113,46,46,99,130,130,163,188,188,207,221,221,238,238,339,339,279,297,116,130,130,130,146,146,146,146,180,199,212,83,83,185,185,198,54,54,72,86,86,102,114,137,137,137,62,62,80,80,80],"floor_reached":51,"playtime":3294,"items_purged":["Strike_G"],"score":832,"play_id":"5aa0c4b7-6705-45c4-96b5-f141af8ba794","local_time":"20190718094944","is_ascension_mode":true,"campfire_choices":[{"data":"Footwork","floor":7,"key":"SMITH"},{"data":"Neutralize","floor":10,"key":"SMITH"},{"data":"Dodge and Roll","floor":15,"key":"SMITH"},{"floor":23,"key":"REST"},{"data":"Malaise","floor":25,"key":"SMITH"},{"floor":27,"key":"REST"},{"floor":32,"key":"REST"},{"data":"Noxious Fumes","floor":40,"key":"SMITH"},{"data":"A Thousand Cuts","floor":45,"key":"SMITH"},{"floor":49,"key":"REST"}],"neow_cost":"NONE","seed_source_timestamp":30935498146054,"circlet_count":0,"master_deck":["Strike_G","Strike_G","Defend_G","Defend_G","Defend_G","Defend_G","Defend_G","Survivor","Neutralize+1","Footwork+1","Dodge and Roll+1","Escape Plan","Dodge and Roll+1","Finisher","Noxious Fumes+1","Malaise+1","Footwork","Noxious Fumes+1","PiercingWail","A Thousand Cuts","Caltrops","A Thousand Cuts+1","Footwork+1","Backflip+1","Corpse Explosion","Cloak And Dagger+1"],"relics":["Ring of the Snake","NeowsBlessing","Tiny Chest","Omamori","Ancient Tea Set","Blood Vial","Empty Cage","Bottled Tornado","Oddly Smooth Stone","Cursed Key","Bronze Scales","Bag of Marbles"],"potions_floor_usage":[16,16,22,30,35,39,42,50],"damage_taken":[{"damage":0,"enemies":"Small Slimes","floor":1,"turns":1},{"damage":0,"enemies":"3 Sentries","floor":6,"turns":2},{"damage":0,"enemies":"Gremlin Nob","floor":8,"turns":1},{"damage":0,"enemies":"2 Louse","floor":11,"turns":2},{"damage":9,"enemies":"Jaw Worm","floor":12,"turns":3},{"damage":5,"enemies":"Red Slaver","floor":14,"turns":6},{"damage":58,"enemies":"Slime Boss","floor":16,"turns":22},{"damage":5,"enemies":"2 Thieves","floor":18,"turns":4},{"damage":14,"enemies":"Shell Parasite","floor":19,"turns":20},{"damage":23,"enemies":"Snecko","floor":21,"turns":11},{"damage":11,"enemies":"Snake Plant","floor":22,"turns":8},{"damage":3,"enemies":"Centurion and Healer","floor":24,"turns":9},{"damage":38,"enemies":"Gremlin Leader","floor":28,"turns":10},{"damage":0,"enemies":"Shelled Parasite and Fungi","floor":29,"turns":8},{"damage":19,"enemies":"Cultist and Chosen","floor":30,"turns":10},{"damage":15,"enemies":"Automaton","floor":33,"turns":12},{"damage":19,"enemies":"3 Darklings","floor":35,"turns":6},{"damage":9,"enemies":"Orb Walker","floor":38,"turns":5},{"damage":0,"enemies":"3 Darklings","floor":39,"turns":5},{"damage":17,"enemies":"Maw","floor":41,"turns":9},{"damage":0,"enemies":"Spire Growth","floor":42,"turns":7},{"damage":24,"enemies":"Jaw Worm Horde","floor":48,"turns":5},{"damage":39,"enemies":"Donu and Deca","floor":50,"turns":9}],"seed_played":"-8244832500616117548","potions_obtained":[{"floor":1,"key":"FearPotion"},{"floor":11,"key":"AttackPotion"},{"floor":12,"key":"AttackPotion"},{"floor":19,"key":"SpeedPotion"},{"floor":28,"key":"Fruit Juice"},{"floor":29,"key":"Weak Potion"},{"floor":38,"key":"SpeedPotion"},{"floor":39,"key":"GhostInAJar"}],"is_trial":false,"path_per_floor":["M","?","$","?","T","E","R","E","T","R","M","M","?","M","R","B",null,"M","M","$","M","M","R","M","R","T","R","E","M","M","$","R","B",null,"M","$","?","M","M","R","M","M","T","?","R","$","?","M","R","B",null],"character_chosen":"THE_SILENT","items_purchased":["Footwork","Malaise","Footwork","Caltrops","Strength Potion","Bronze Scales"],"campfire_rested":4,"item_purchase_floors":[3,20,20,31,31,36],"current_hp_per_floor":[70,70,70,70,70,70,70,70,70,70,70,61,61,58,58,2,70,65,53,53,32,23,44,43,43,43,64,28,30,18,18,40,27,75,56,56,75,66,68,68,53,55,55,55,55,55,55,33,55,18],"gold":80,"neow_bonus":"THREE_ENEMY_KILL","is_prod":false,"is_daily":false,"chose_seed":false,"campfire_upgraded":6,"win_rate":0,"timestamp":1563461384,"path_taken":["M","?","$","?","?","E","R","E","T","R","?","?","?","?","R","BOSS","M","M","$","M","M","R","M","R","T","R","E","M","M","$","R","BOSS","M","$","?","M","M","R","M","M","T","?","R","$","?","?","R","BOSS"],"build_version":"2019-07-17","purchased_purges":1,"victory":true,"max_hp_per_floor":[70,70,70,70,70,70,70,70,70,70,70,70,70,70,70,70,70,70,70,70,70,70,70,70,70,70,70,70,70,75,75,75,75,75,75,75,75,75,75,75,75,75,75,75,75,75,75,75,75,75],"card_choices":[{"not_picked":["Endless Agony","Acrobatics","Slice"],"picked":"SKIP","floor":1},{"not_picked":["Heel Hook","All Out Attack","Concentrate"],"picked":"SKIP","floor":6},{"not_picked":["Expertise","Reflex"],"picked":"Dodge and Roll","floor":8},{"not_picked":["Accuracy","Reflex"],"picked":"Escape Plan","floor":11},{"not_picked":["Bane","Underhanded Strike","Setup"],"picked":"SKIP","floor":12},{"not_picked":["Doppelganger","Masterful Stab"],"picked":"Dodge and Roll","floor":14},{"not_picked":["Storm of Steel","Corpse Explosion"],"picked":"Die Die Die","floor":16},{"not_picked":["Prepared+1","Slice"],"picked":"Finisher","floor":18},{"not_picked":["Outmaneuver","Finisher"],"picked":"Noxious Fumes+1","floor":19},{"not_picked":["Dagger Spray","Concentrate"],"picked":"Noxious Fumes","floor":21},{"not_picked":["Calculated Gamble","Deflect","Choke"],"picked":"SKIP","floor":22},{"not_picked":["Flying Knee","All Out Attack"],"picked":"PiercingWail","floor":24},{"not_picked":["Heel Hook","Dagger Spray"],"picked":"A Thousand Cuts","floor":28},{"not_picked":["Reflex","Deflect","Tactician"],"picked":"SKIP","floor":29},{"not_picked":["Accuracy+1","Poisoned Stab","Expertise"],"picked":"SKIP","floor":30},{"not_picked":["Grand Finale","Glass Knife"],"picked":"A Thousand Cuts","floor":33},{"not_picked":["Dagger Throw","Bane+1","Outmaneuver+1"],"picked":"SKIP","floor":35},{"not_picked":["Quick Slash+1","Prepared"],"picked":"Footwork+1","floor":38},{"not_picked":["Underhanded Strike+1","Dash+1","Accuracy"],"picked":"SKIP","floor":39},{"not_picked":["Catalyst+1","Crippling Poison"],"picked":"Backflip+1","floor":41},{"not_picked":["Dash+1","Bane"],"picked":"Corpse Explosion","floor":42},{"not_picked":["Leg Sweep+1","Masterful Stab"],"picked":"Cloak And Dagger+1","floor":48}],"player_experience":155009,"relics_obtained":[{"floor":5,"key":"Tiny Chest"},{"floor":6,"key":"Omamori"},{"floor":8,"key":"Ancient Tea Set"},{"floor":9,"key":"Blood Vial"},{"floor":26,"key":"Bottled Tornado"},{"floor":28,"key":"Oddly Smooth Stone"},{"floor":43,"key":"Bag of Marbles"}],"event_choices":[{"damage_healed":0,"gold_gain":0,"player_choice":"Ignored","damage_taken":0,"max_hp_gain":0,"max_hp_loss":0,"event_name":"Liars Game","floor":2,"gold_loss":0},{"damage_healed":0,"gold_gain":0,"player_choice":"Ignored","damage_taken":0,"max_hp_gain":0,"max_hp_loss":0,"event_name":"Golden Idol","floor":4,"gold_loss":0},{"damage_healed":0,"gold_gain":0,"player_choice":"Forge","damage_taken":0,"max_hp_gain":0,"max_hp_loss":0,"event_name":"Accursed Blacksmith","floor":13,"gold_loss":0,"cards_upgraded":["Dodge and Roll"]},{"damage_healed":19,"gold_gain":0,"player_choice":"Writhe","damage_taken":0,"max_hp_gain":0,"max_hp_loss":0,"event_name":"Winding Halls","floor":37,"gold_loss":0,"cards_obtained":["Writhe"]},{"cards_removed":["Die Die Die"],"damage_healed":0,"gold_gain":0,"player_choice":"Removed Attack","damage_taken":0,"max_hp_gain":0,"max_hp_loss":0,"event_name":"Falling","floor":44,"gold_loss":0},{"damage_healed":0,"gold_gain":0,"player_choice":"0 cards matched","damage_taken":0,"max_hp_gain":0,"max_hp_loss":0,"event_name":"Match and Keep!","floor":47,"gold_loss":0,"cards_obtained":[]}],"is_beta":false,"boss_relics":[{"not_picked":["Runic Pyramid","WristBlade"],"picked":"Empty Cage"},{"not_picked":["Astrolabe","Pandora\u0027s Box"],"picked":"Cursed Key"}],"items_purged_floors":[46],"is_endless":false,"potions_floor_spawned":[1,11,12,19,28,29,38,39],"ascension_level":3}