{"gold_per_floor":[110,2,2,18,31,31,31,31,58,98,98,113,113,182,182,281,281,300,12,28,28,53,53,53,0,49,49,84,84,6,29,29,118,118,134,134,148,167,186,186,111,111,111,132,132,145,180,194,194,194],"floor_reached":50,"playtime":2062,"items_purged":["Parasite"],"score":978,"play_id":"da1d9229-0b35-43ee-af44-0cb16b0ea948","local_time":"20190707150622","is_ascension_mode":true,"campfire_choices":[{"data":"Body Slam","floor":6,"key":"SMITH"},{"data":"Sword Boomerang","floor":8,"key":"SMITH"},{"floor":11,"key":"REST"},{"floor":15,"key":"REST"},{"data":"Berserk","floor":23,"key":"SMITH"},{"data":"Shrug It Off","floor":27,"key":"SMITH"},{"data":"RitualDagger","floor":29,"key":"SMITH"},{"floor":32,"key":"REST"},{"floor":40,"key":"REST"},{"data":"Spot Weakness","floor":42,"key":"SMITH"},{"floor":49,"key":"RECALL"}],"neow_cost":"NONE","seed_source_timestamp":8161168668498,"circlet_count":0,"master_deck":["AscendersBane","Defend_R+1","Defend_R","Defend_R+1","Defend_R","Bash","Clothesline","Dark Shackles","Sword Boomerang+1","Body Slam+1","Warcry","Berserk+1","Shrug It Off+1","Immolate+1","Offering+1","RitualDagger+1","Shrug It Off+1","Metallicize","Sever Soul","Spot Weakness+1","Impervious","Shrug It Off+1","Shrug It Off"],"relics":["Burning Blood","Art of War","Golden Idol","Boot","Anchor","Astrolabe","Bottled Tornado","Bronze Scales","Kunai","Busted Crown","Gremlin Horn","Prayer Wheel"],"potions_floor_usage":[16,22,31,33,38,44,47,50],"damage_taken":[{"damage":10,"enemies":"Small Slimes","floor":1,"turns":3},{"damage":0,"enemies":"2 Louse","floor":4,"turns":2},{"damage":0,"enemies":"Cultist","floor":5,"turns":3},{"damage":34,"enemies":"Gremlin Nob","floor":10,"turns":5},{"damage":0,"enemies":"2 Fungi Beasts","floor":12,"turns":3},{"damage":40,"enemies":"Hexaghost","floor":16,"turns":12},{"damage":6,"enemies":"Chosen","floor":18,"turns":4},{"damage":6,"enemies":"3 Byrds","floor":20,"turns":3},{"damage":6,"enemies":"Centurion and Healer","floor":22,"turns":3},{"damage":6,"enemies":"Gremlin Leader","floor":28,"turns":5},{"damage":16,"enemies":"Chosen and Byrds","floor":31,"turns":7},{"damage":41,"enemies":"Collector","floor":33,"turns":9},{"damage":6,"enemies":"3 Shapes","floor":35,"turns":9},{"damage":6,"enemies":"Orb Walker","floor":37,"turns":3},{"damage":32,"enemies":"Maw","floor":38,"turns":7},{"damage":14,"enemies":"Writhing Mass","floor":39,"turns":4},{"damage":6,"enemies":"Spire Growth","floor":44,"turns":4},{"damage":14,"enemies":"Jaw Worm Horde","floor":46,"turns":3},{"damage":9,"enemies":"Reptomancer","floor":47,"turns":6},{"damage":6,"enemies":"4 Shapes","floor":48,"turns":2},{"damage":58,"enemies":"Time Eater","floor":50,"turns":11}],"seed_played":"-5731903441789256695","potions_obtained":[{"floor":5,"key":"LiquidBronze"},{"floor":10,"key":"Swift Potion"},{"floor":18,"key":"Energy Potion"},{"floor":22,"key":"LiquidBronze"},{"floor":35,"key":"Ancient Potion"},{"floor":37,"key":"PowerPotion"},{"floor":44,"key":"GamblersBrew"},{"floor":48,"key":"PowerPotion"}],"is_trial":false,"path_per_floor":["M","$","?","M","M","R","?","R","T","E","R","M","?","T","R","B",null,"M","$","M","?","M","R","?","?","T","R","E","R","$","M","R","B",null,"M","?","M","M","M","R","$","R","T","M","?","M","E","M","R","B"],"character_chosen":"IRONCLAD","items_purchased":["Dark Shackles","Bottled Tornado","Spot Weakness"],"campfire_rested":4,"item_purchase_floors":[2,19,30],"current_hp_per_floor":[64,64,41,47,53,53,53,53,53,25,47,53,46,46,68,34,65,65,65,65,59,59,59,59,59,59,59,59,59,59,49,71,36,65,65,75,75,49,41,63,63,63,63,63,63,55,52,52,52,0],"gold":194,"neow_bonus":"RANDOM_COMMON_RELIC","is_prod":false,"is_daily":false,"chose_seed":false,"campfire_upgraded":6,"win_rate":0,"timestamp":1562526382,"path_taken":["M","$","?","M","M","R","?","R","T","E","R","M","?","?","R","BOSS","M","$","M","?","M","R","?","?","T","R","E","R","?","?","R","BOSS","M","?","M","M","?","R","$","R","T","M","?","M","E","?","R","BOSS"],"build_version":"2019-07-05","purchased_purges":1,"victory":false,"max_hp_per_floor":[75,75,75,75,75,75,75,75,75,75,75,75,75,75,75,75,75,75,75,75,75,75,75,75,75,75,75,75,75,75,75,75,75,75,75,75,75,75,75,75,72,72,72,72,72,72,72,72,72,72],"card_choices":[{"not_picked":["True Grit","Sentinel"],"picked":"Clothesline","floor":1},{"not_picked":["Iron Wave","Heavy Blade"],"picked":"Sword Boomerang","floor":4},{"not_picked":["Sever Soul","Wild Strike"],"picked":"Body Slam","floor":5},{"not_picked":["Reckless Charge","Evolve","Havoc"],"picked":"SKIP","floor":10},{"not_picked":["Body Slam","Carnage"],"picked":"Warcry","floor":12},{"not_picked":["Double Tap","Juggernaut"],"picked":"Berserk","floor":16},{"not_picked":["Sever Soul","Rampage+1","Warcry"],"picked":"SKIP","floor":18},{"not_picked":["Rampage","Body Slam","Havoc"],"picked":"SKIP","floor":20},{"not_picked":["Dropkick","Power Through"],"picked":"Shrug It Off","floor":22},{"not_picked":["Corruption","Iron Wave","Evolve"],"picked":"SKIP","floor":28},{"not_picked":["True Grit","Spot Weakness","Havoc"],"picked":"SKIP","floor":31},{"not_picked":["Immolate","Offering"],"picked":"Impervious","floor":33},{"not_picked":[],"picked":"Shrug It Off+1","floor":35},{"not_picked":["Battle Trance"],"picked":"SKIP","floor":37},{"not_picked":["Sword Boomerang"],"picked":"SKIP","floor":38},{"not_picked":["Warcry"],"picked":"SKIP","floor":39},{"not_picked":["Warcry"],"picked":"SKIP","floor":39},{"not_picked":["Warcry"],"picked":"SKIP","floor":39},{"not_picked":[],"picked":"Shrug It Off","floor":44},{"not_picked":["Seeing Red"],"picked":"SKIP","floor":46},{"not_picked":["Heavy Blade"],"picked":"SKIP","floor":47},{"not_picked":["Anger"],"picked":"SKIP","floor":48},{"not_picked":["Entrench"],"picked":"SKIP","floor":48}],"player_experience":471112,"relics_obtained":[{"floor":9,"key":"Boot"},{"floor":10,"key":"Anchor"},{"floor":26,"key":"Bronze Scales"},{"floor":28,"key":"Kunai"},{"floor":43,"key":"Gremlin Horn"},{"floor":47,"key":"Prayer Wheel"}],"event_choices":[{"damage_healed":0,"gold_gain":0,"player_choice":"Entered Light","damage_taken":23,"max_hp_gain":0,"max_hp_loss":0,"event_name":"Shining Light","floor":3,"gold_loss":0,"cards_upgraded":["Defend_R","Defend_R"]},{"damage_healed":0,"gold_gain":0,"player_choice":"Take Wound","damage_taken":0,"relics_obtained":["Golden Idol"],"max_hp_gain":0,"max_hp_loss":0,"event_name":"Golden Idol","floor":7,"gold_loss":0,"cards_obtained":["Injury"]},{"cards_removed":["Injury"],"damage_healed":0,"gold_gain":0,"player_choice":"Card Removal","damage_taken":7,"max_hp_gain":0,"max_hp_loss":0,"event_name":"Golden Wing","floor":13,"gold_loss":0},{"damage_healed":0,"gold_gain":0,"player_choice":"Joined the Cult","damage_taken":6,"max_hp_gain":0,"max_hp_loss":0,"event_name":"Nest","floor":21,"gold_loss":0,"cards_obtained":["RitualDagger"]},{"damage_healed":0,"gold_gain":0,"cards_transformed":["Strike_R","Strike_R"],"player_choice":"Became Test Subject","damage_taken":0,"max_hp_gain":0,"max_hp_loss":0,"event_name":"Drug Dealer","floor":24,"gold_loss":0,"cards_obtained":["Metallicize","Sever Soul"]},{"damage_healed":0,"gold_gain":0,"player_choice":"Paid Fearfully","damage_taken":0,"max_hp_gain":0,"max_hp_loss":0,"event_name":"Masked Bandits","floor":25,"gold_loss":53},{"damage_healed":10,"gold_gain":0,"player_choice":"Full Heal","damage_taken":0,"max_hp_gain":0,"max_hp_loss":0,"event_name":"Wheel of Change","floor":36,"gold_loss":0},{"damage_healed":0,"gold_gain":0,"player_choice":"0 cards matched","damage_taken":0,"max_hp_gain":0,"max_hp_loss":0,"event_name":"Match and Keep!","floor":45,"gold_loss":0,"cards_obtained":[]}],"is_beta":false,"boss_relics":[{"not_picked":["Empty Cage","Eternal Feather"],"picked":"Astrolabe"},{"not_picked":["Lizard Tail","Calling Bell"],"picked":"Busted Crown"}],"items_purged_floors":[41],"is_endless":false,"potions_floor_spawned":[5,10,18,22,28,35,37,44,48],"killed_by":"Time Eater","ascension_level":17}