{"gold_per_floor":[365,375,33,43,8,8,43,55,55,66,82,82,100,135,135,212,212,225,96,96,146,146,146],"floor_reached":23,"playtime":1056,"items_purged":["Strike_R"],"score":427,"play_id":"eaae8464-7160-4125-9854-050e1d3b2bfa","local_time":"20181205155420","is_ascension_mode":true,"campfire_choices":[{"data":"Havoc","floor":6,"key":"SMITH"},{"data":"True Grit","floor":12,"key":"SMITH"},{"data":"Disarm","floor":15,"key":"SMITH"}],"neow_cost":"PERCENT_DAMAGE","seed_source_timestamp":80607854729770,"circlet_count":0,"master_deck":["AscendersBane","Defend_R","Defend_R","Defend_R","Defend_R","Bash","Havoc+1","Clothesline","Headbutt","Feel No Pain","True Grit+1","Juggernaut","Shockwave","Disarm+1","Juggernaut","True Grit","Shrug It Off","Bite","Bite","Bite","Bite","Bite"],"relics":["Burning Blood","Dead Branch","Letter Opener","Singing Bowl","Dream Catcher","Black Star","Meat on the Bone"],"potions_floor_usage":[7,8,14,16,23],"damage_taken":[{"damage":16,"enemies":"Jaw Worm","floor":1,"turns":7},{"damage":4,"enemies":"Small Slimes","floor":2,"turns":4},{"damage":8,"enemies":"2 Louse","floor":4,"turns":2},{"damage":20,"enemies":"Lagavulin","floor":7,"turns":6},{"damage":0,"enemies":"Red Slaver","floor":8,"turns":5},{"damage":10,"enemies":"Blue Slaver","floor":10,"turns":4},{"damage":0,"enemies":"2 Fungi Beasts","floor":11,"turns":4},{"damage":0,"enemies":"Looter","floor":13,"turns":2},{"damage":8,"enemies":"3 Sentries","floor":14,"turns":8},{"damage":4,"enemies":"The Guardian","floor":16,"turns":11},{"damage":0,"enemies":"3 Byrds","floor":18,"turns":4},{"damage":64,"enemies":"Gremlin Leader","floor":23,"turns":3}],"seed_played":"7097916010644523444","potions_obtained":[{"floor":1,"key":"Fire Potion"},{"floor":4,"key":"Dexterity Potion"},{"floor":7,"key":"SkillPotion"},{"floor":8,"key":"Fruit Juice"},{"floor":14,"key":"Poison Potion"},{"floor":16,"key":"Regen Potion"}],"is_trial":false,"path_per_floor":["M","M","$","M","?","R","E","M","T","M","M","R","M","E","R","B",null,"M","$","?","?","?","E"],"character_chosen":"IRONCLAD","items_purchased":["Dead Branch","Shrug It Off"],"campfire_rested":0,"item_purchase_floors":[3,19],"current_hp_per_floor":[40,42,42,40,58,58,44,50,50,48,54,54,60,63,63,65,78,82,82,57,57,57,0],"gold":146,"neow_bonus":"TWO_FIFTY_GOLD","is_prod":false,"is_daily":false,"chose_seed":false,"campfire_upgraded":3,"win_rate":0,"timestamp":1544043260,"path_taken":["M","M","$","M","?","R","E","M","T","M","M","R","M","E","R","BOSS","M","$","?","?","?","E"],"build_version":"2018-11-15","purchased_purges":1,"victory":false,"max_hp_per_floor":[75,75,75,75,75,75,75,75,75,77,77,77,77,82,82,82,82,82,82,57,57,57,57],"card_choices":[{"not_picked":["Intimidate","Warcry"],"picked":"Havoc","floor":1},{"not_picked":["Dropkick","Corruption"],"picked":"Clothesline","floor":2},{"not_picked":["Iron Wave","Perfected Strike"],"picked":"Headbutt","floor":4},{"not_picked":["Impervious","Dual Wield"],"picked":"Feel No Pain","floor":7},{"not_picked":["Cleave","Anger"],"picked":"True Grit","floor":8},{"not_picked":["Thunderclap","Anger","Iron Wave"],"picked":"Singing Bowl","floor":10},{"not_picked":["Wild Strike","Burning Pact"],"picked":"Juggernaut","floor":11},{"not_picked":["Perfected Strike","Ghostly Armor"],"picked":"Shockwave","floor":13},{"not_picked":["Power Through","Havoc"],"picked":"Disarm","floor":14},{"not_picked":["Limit Break","Berserk"],"picked":"Juggernaut","floor":16},{"not_picked":["Twin Strike","Warcry"],"picked":"True Grit","floor":18}],"player_experience":1225773,"relics_obtained":[{"floor":7,"key":"Letter Opener"},{"floor":9,"key":"Singing Bowl"},{"floor":14,"key":"Dream Catcher"}],"event_choices":[{"damage_healed":18,"gold_gain":0,"player_choice":"Healed","damage_taken":0,"max_hp_gain":0,"max_hp_loss":0,"event_name":"The Cleric","floor":5,"gold_loss":35},{"damage_healed":0,"gold_gain":0,"player_choice":"Became a vampire","damage_taken":0,"max_hp_gain":0,"max_hp_loss":25,"event_name":"Vampires","floor":20,"gold_loss":0,"cards_obtained":["Bite","Bite","Bite","Bite","Bite"]},{"damage_healed":0,"gold_gain":50,"player_choice":"Stole From Cult","damage_taken":0,"max_hp_gain":0,"max_hp_loss":0,"event_name":"Nest","floor":21,"gold_loss":0},{"damage_healed":0,"gold_gain":0,"player_choice":"Gave Potion","damage_taken":0,"relics_obtained":["Meat on the Bone"],"max_hp_gain":0,"max_hp_loss":0,"event_name":"WeMeetAgain","floor":22,"gold_loss":0}],"is_beta":false,"boss_relics":[{"not_picked":["Ectoplasm","Calling Bell"],"picked":"Black Star"}],"items_purged_floors":[19],"is_endless":false,"potions_floor_spawned":[1,4,7,8,14,16],"killed_by":"Gremlin Leader","ascension_level":20}