{"gold_per_floor":[116,130,145,220,51,51,82,82,109,127,157,157,167,179,179,275,275,295,310,116,41,41,41,0,15,15,15,25,42,53,64,64,167,167,182,82,82,95,105,105,133,147,219,219,234,7,7,23,23,23],"floor_reached":51,"playtime":3988,"items_purged":["Strike_B","Defend_B","Dualcast"],"score":668,"play_id":"cdf26997-4c71-41d3-bf62-5a143b39de8f","local_time":"20180626222707","is_ascension_mode":false,"campfire_choices":[{"data":"Zap","floor":6,"key":"SMITH"},{"data":"Redo","floor":8,"key":"SMITH"},{"floor":12,"key":"REST"},{"data":"Beam Cell","floor":15,"key":"SMITH"},{"data":"Fusion","floor":23,"key":"SMITH"},{"data":"Multi-Cast","floor":27,"key":"SMITH"},{"floor":32,"key":"REST"},{"floor":40,"key":"REST"},{"floor":44,"key":"REST"},{"data":"Hologram","floor":47,"key":"SMITH"},{"floor":49,"key":"REST"}],"neow_cost":"TEN_PERCENT_HP_LOSS","seed_source_timestamp":10256308946754,"circlet_count":0,"master_deck":["Strike_B","Strike_B","Strike_B","Defend_B","Defend_B","Zap+1","Hologram+1","Fusion+1","Swift Strike","Redo+1","Turbo","Beam Cell+1","Reboot","Multi-Cast+1","Beam Cell","Defragment","Hologram","Go for the Eyes","Conserve Battery","Flash of Steel","Gash+1","All For One","Coolheaded+1","Purity","Madness","Madness","Gash+1","Streamline+1","Flash of Steel+1"],"relics":["Cracked Core","Unceasing Top","Vajra","Bag of Marbles","Regal Pillow","Orrery","Question Card","Black Star","Molten Egg 2","Cables","Bottled Tornado"],"potions_floor_usage":[7,11,16,28,31,33,33,39,48,50,50],"damage_taken":[{"damage":10,"enemies":"Cultist","floor":1,"turns":4},{"damage":0,"enemies":"2 Louse","floor":2,"turns":2},{"damage":0,"enemies":"Small Slimes","floor":3,"turns":4},{"damage":13,"enemies":"Lagavulin","floor":7,"turns":5},{"damage":0,"enemies":"Blue Slaver","floor":10,"turns":3},{"damage":8,"enemies":"Gremlin Nob","floor":11,"turns":3},{"damage":0,"enemies":"Exordium Wildlife","floor":13,"turns":1},{"damage":0,"enemies":"2 Fungi Beasts","floor":14,"turns":2},{"damage":36,"enemies":"Hexaghost","floor":16,"turns":9},{"damage":7,"enemies":"Shell Parasite","floor":18,"turns":4},{"damage":0,"enemies":"3 Byrds","floor":19,"turns":4},{"damage":13,"enemies":"Snake Plant","floor":25,"turns":3},{"damage":0,"enemies":"Chosen and Byrds","floor":28,"turns":2},{"damage":6,"enemies":"Snecko","floor":29,"turns":3},{"damage":0,"enemies":"3 Cultists","floor":30,"turns":2},{"damage":2,"enemies":"Cultist and Chosen","floor":31,"turns":4},{"damage":57,"enemies":"Champ","floor":33,"turns":7},{"damage":15,"enemies":"Orb Walker","floor":35,"turns":3},{"damage":0,"enemies":"3 Darklings","floor":38,"turns":4},{"damage":26,"enemies":"4 Shapes","floor":39,"turns":6},{"damage":5,"enemies":"Giant Head","floor":41,"turns":4},{"damage":24,"enemies":"Maw","floor":42,"turns":5},{"damage":6,"enemies":"3 Darklings","floor":45,"turns":3},{"damage":8,"enemies":"4 Shapes","floor":48,"turns":5},{"damage":50,"enemies":"Awakened One","floor":50,"turns":7}],"seed_played":"-2004265789090819082","potions_obtained":[{"floor":1,"key":"Strength Potion"},{"floor":10,"key":"AttackPotion"},{"floor":13,"key":"EssenceOfSteel"},{"floor":16,"key":"LiquidBronze"},{"floor":18,"key":"Poison Potion"},{"floor":25,"key":"Fire Potion"},{"floor":30,"key":"SteroidPotion"},{"floor":35,"key":"SkillPotion"},{"floor":38,"key":"Strength Potion"},{"floor":42,"key":"Ancient Potion"},{"floor":45,"key":"SkillPotion"}],"is_trial":false,"path_per_floor":["M","M","M","?","$","R","E","R","T","M","E","R","M","M","R","B",null,"M","M","$","?","?","R","?","M","T","R","M","M","M","M","R","B",null,"M","$","?","M","M","R","E","M","T","R","M","$","R","M","R","B"],"character_chosen":"DEFECT","items_purchased":["Swift Strike","Flash of Steel","Purity","Flash of Steel+1"],"campfire_rested":5,"item_purchase_floors":[5,20,36,46],"current_hp_per_floor":[58,58,58,47,47,47,34,34,34,34,26,61,61,61,61,25,68,61,61,61,61,61,61,61,48,48,48,48,42,42,40,68,11,68,53,53,44,44,18,53,48,24,24,59,53,53,53,45,68,18],"gold":23,"neow_bonus":"ONE_RARE_RELIC","is_prod":false,"is_daily":false,"chose_seed":false,"campfire_upgraded":6,"win_rate":0,"timestamp":1530066427,"path_taken":["M","M","M","?","$","R","E","R","T","M","E","R","M","M","R","BOSS","M","M","$","?","?","R","?","M","T","R","M","M","M","M","R","BOSS","M","$","?","M","?","R","E","M","T","R","M","$","R","M","R","BOSS"],"build_version":"2018-06-21v2","purchased_purges":3,"victory":true,"max_hp_per_floor":[68,68,68,68,68,68,68,68,68,68,68,68,68,68,68,68,68,68,68,68,68,68,68,68,68,68,68,68,68,68,68,68,68,68,68,68,68,68,68,68,68,68,68,68,68,68,68,68,68,68],"card_choices":[{"not_picked":["Darkness","Hello World","Consume"],"picked":"SKIP","floor":1},{"not_picked":["Loop","Leap"],"picked":"Hologram","floor":2},{"not_picked":["Rebound","Compile Driver"],"picked":"Fusion","floor":3},{"not_picked":["Steam","Chaos"],"picked":"Redo","floor":7},{"not_picked":["Barrage","Leap"],"picked":"Turbo","floor":10},{"not_picked":["Turbo","Sweeping Beam"],"picked":"Beam Cell","floor":11},{"not_picked":["Hologram","Loop"],"picked":"Reboot","floor":13},{"not_picked":["Turbo","Compile Driver","Self Repair"],"picked":"SKIP","floor":14},{"not_picked":["Fission","Amplify"],"picked":"Multi-Cast","floor":16},{"not_picked":["Leap","Rebound"],"picked":"Beam Cell","floor":17},{"not_picked":["Redo","Storm"],"picked":"Defragment","floor":17},{"not_picked":["Coolheaded","Sweeping Beam"],"picked":"Hologram","floor":17},{"not_picked":["Stack","Hologram"],"picked":"Go for the Eyes","floor":17},{"not_picked":["Rebound","Chaos"],"picked":"Conserve Battery","floor":17},{"not_picked":["Doom and Gloom","Genetic Algorithm","Fission"],"picked":"SKIP","floor":18},{"not_picked":["Blizzard","Redo","White Noise"],"picked":"SKIP","floor":19},{"not_picked":["Ball Lightning+1","Beam Cell"],"picked":"Gash+1","floor":25},{"not_picked":["Redo","Double Energy","Static Discharge"],"picked":"All For One","floor":28},{"not_picked":["Fusion","Sweeping Beam","Auto Shields","Undo"],"picked":"SKIP","floor":29},{"not_picked":["Barrage","Leap","Static Discharge","Cold Snap"],"picked":"SKIP","floor":30},{"not_picked":["Capacitor","Turbo","Auto Shields","Leap+1"],"picked":"SKIP","floor":31},{"not_picked":["Stack+1","Steam+1","Cold Snap"],"picked":"Coolheaded+1","floor":35},{"not_picked":["Darkness+1","Barrage","Rebound+1","Coolheaded+1"],"picked":"SKIP","floor":38},{"not_picked":["Melter+1","Static Discharge","Beam Cell+1"],"picked":"Gash+1","floor":39},{"not_picked":["Chill","Barrage","Undo+1","Compile Driver+1"],"picked":"SKIP","floor":41},{"not_picked":["Storm","Sweeping Beam+1","Hologram+1"],"picked":"Streamline+1","floor":42},{"not_picked":["Compile Driver+1","Coolheaded+1","Ball Lightning+1","Streamline+1"],"picked":"SKIP","floor":45},{"not_picked":["Compile Driver+1","Coolheaded+1","Ball Lightning+1","Streamline+1"],"picked":"SKIP","floor":45},{"not_picked":["Self Repair","Compile Driver+1","Cold Snap+1","Stack"],"picked":"SKIP","floor":48}],"player_experience":90078,"relics_obtained":[{"floor":7,"key":"Vajra"},{"floor":9,"key":"Bag of Marbles"},{"floor":11,"key":"Regal Pillow"},{"floor":26,"key":"Question Card"},{"floor":41,"key":"Molten Egg 2"},{"floor":41,"key":"Cables"},{"floor":43,"key":"Bottled Tornado"}],"event_choices":[{"event_name":"World of Goop","player_choice":"Gather Gold","floor":4,"damage_taken":0},{"event_name":"Beggar","player_choice":"Gave Gold","floor":21,"damage_taken":0},{"event_name":"Ghosts","player_choice":"Ignored","floor":22,"damage_taken":0},{"event_name":"Masked Bandits","player_choice":"Paid Bandits 41 gold","floor":24,"damage_taken":0},{"event_name":"Winding Halls","player_choice":"Embrace Madness","floor":37,"damage_taken":0}],"boss_relics":[{"not_picked":["Runic Pyramid","Snecko Eye"],"picked":"Orrery"},{"not_picked":["Inserter","Fusion Hammer"],"picked":"Black Star"}],"items_purged_floors":[5,20,46],"is_endless":false,"potions_floor_spawned":[1,10,13,16,18,25,30,35,38,42,45],"ascension_level":0}