{"gold_per_floor":[210,210,32,51,51,51,91,91,91,91,91,115,190,228,228,228],"floor_reached":16,"playtime":451,"items_purged":[],"score":212,"play_id":"b97c1947-0076-4274-b0f7-397ebdd2284a","local_time":"20181116113807","is_ascension_mode":true,"campfire_choices":[{"data":"Dualcast","floor":6,"key":"SMITH"},{"floor":8,"key":"REST"},{"data":"Conserve Battery","floor":10,"key":"SMITH"},{"floor":15,"key":"REST"}],"neow_cost":"NONE","seed_source_timestamp":171754028571636,"circlet_count":0,"master_deck":["AscendersBane","Strike_B","Strike_B+1","Strike_B","Strike_B","Defend_B","Defend_B","Defend_B","Defend_B","Zap+1","Dualcast+1","Conserve Battery+1","Meteor Strike","Ball Lightning","Hologram","Undo","Meteor Strike+1"],"relics":["Cracked Core","Golden Idol","Boot","Thread and Needle","NlothsMask","Whetstone"],"potions_floor_usage":[7,16],"damage_taken":[{"damage":0,"enemies":"2 Louse","floor":1,"turns":2},{"damage":1,"enemies":"Small Slimes","floor":4,"turns":3},{"damage":25,"enemies":"3 Sentries","floor":7,"turns":7},{"damage":0,"enemies":"Cultist","floor":12,"turns":3},{"damage":6,"enemies":"Lagavulin","floor":14,"turns":7},{"damage":43,"enemies":"Hexaghost","floor":16,"turns":9}],"seed_played":"7577624898756671797","potions_obtained":[{"floor":4,"key":"SteroidPotion"},{"floor":12,"key":"Explosive Potion"}],"is_trial":false,"path_per_floor":["M","?","$","M","?","R","E","R","T","R","?","M","?","E","R","B"],"character_chosen":"DEFECT","items_purchased":["Meteor Strike"],"campfire_rested":2,"item_purchase_floors":[3],"current_hp_per_floor":[64,64,64,63,39,39,14,35,35,35,35,35,24,18,39,0],"gold":228,"neow_bonus":"HUNDRED_GOLD","is_prod":false,"is_daily":false,"chose_seed":false,"campfire_upgraded":2,"win_rate":0,"timestamp":1542386287,"path_taken":["M","?","$","M","?","R","E","R","T","R","?","?","?","E","R","BOSS"],"build_version":"2018-11-15","purchased_purges":0,"victory":false,"max_hp_per_floor":[71,71,71,71,71,71,71,71,71,71,71,71,71,71,71,71],"card_choices":[{"not_picked":["Barrage","Rebound"],"picked":"Conserve Battery","floor":1},{"not_picked":["Scrape","Gash"],"picked":"Ball Lightning","floor":4},{"not_picked":["Chill","Darkness"],"picked":"Hologram","floor":7},{"not_picked":["Fusion","Consume"],"picked":"Undo","floor":12},{"not_picked":["Turbo","Coolheaded"],"picked":"Meteor Strike","floor":14}],"player_experience":1063790,"relics_obtained":[{"floor":7,"key":"Boot"},{"floor":9,"key":"Thread and Needle"},{"floor":14,"key":"Whetstone"}],"event_choices":[{"damage_healed":0,"gold_gain":0,"player_choice":"Grow","damage_taken":0,"max_hp_gain":0,"max_hp_loss":0,"event_name":"Living Wall","floor":2,"gold_loss":0,"cards_upgraded":["Zap"]},{"damage_healed":0,"gold_gain":0,"player_choice":"Take Damage","damage_taken":24,"relics_obtained":["Golden Idol"],"max_hp_gain":0,"max_hp_loss":0,"event_name":"Golden Idol","floor":5,"gold_loss":0},{"damage_healed":0,"gold_gain":0,"player_choice":"Trade","damage_taken":0,"relics_obtained":["NlothsMask"],"max_hp_gain":0,"max_hp_loss":0,"event_name":"FaceTrader","floor":11,"gold_loss":0},{"damage_healed":0,"gold_gain":75,"player_choice":"Gather Gold","damage_taken":11,"max_hp_gain":0,"max_hp_loss":0,"event_name":"World of Goop","floor":13,"gold_loss":0}],"is_beta":false,"boss_relics":[],"items_purged_floors":[],"is_endless":false,"potions_floor_spawned":[4,12],"killed_by":"Hexaghost","ascension_level":20}