{"gold_per_floor":[118,118,118,141,154,189,189,223,223,223,242,242,259,27,27,122,172,190,200,200,45,45,45],"floor_reached":23,"playtime":952,"items_purged":["Strike_B"],"score":300,"play_id":"0269e853-c02a-4974-932f-192ad005c961","local_time":"20190512095704","is_ascension_mode":true,"campfire_choices":[{"data":"Hologram","floor":7,"key":"SMITH"},{"floor":10,"key":"REST"},{"floor":12,"key":"REST"},{"data":"Streamline","floor":15,"key":"SMITH"}],"neow_cost":"NONE","seed_source_timestamp":87250925811262,"circlet_count":0,"master_deck":["Strike_B+1","Strike_B+1","Strike_B","Defend_B","Defend_B+1","Defend_B","Defend_B+1","Zap","Dualcast","Hologram+1","Sweeping Beam+1","Rebound","Glacier","Streamline+1","All For One","Steam","Steam+1"],"relics":["Cracked Core","NeowsBlessing","StoneCalendar","Orichalcum","Dodecahedron","Lantern","Tiny House","Enchiridion","Whetstone"],"potions_floor_usage":[],"damage_taken":[{"damage":0,"enemies":"Jaw Worm","floor":1,"turns":1},{"damage":0,"enemies":"2 Louse","floor":5,"turns":1},{"damage":0,"enemies":"Lagavulin","floor":6,"turns":1},{"damage":32,"enemies":"Gremlin Nob","floor":8,"turns":4},{"damage":0,"enemies":"Cultist","floor":11,"turns":3},{"damage":13,"enemies":"Lots of Slimes","floor":13,"turns":3},{"damage":20,"enemies":"The Guardian","floor":16,"turns":10},{"damage":8,"enemies":"Chosen","floor":18,"turns":5},{"damage":14,"enemies":"3 Byrds","floor":19,"turns":6},{"damage":49,"enemies":"Slavers","floor":23,"turns":5}],"seed_played":"1720113745593421635","potions_obtained":[{"floor":5,"key":"SpeedPotion"},{"floor":11,"key":"SpeedPotion"},{"floor":17,"key":"Dexterity Potion"}],"is_trial":false,"path_per_floor":["M","?","?","T","M","E","R","E","T","R","M","R","M","$","R","B",null,"M","M","?","$","?","E"],"character_chosen":"DEFECT","items_purchased":["Lantern","Whetstone"],"campfire_rested":2,"item_purchase_floors":[14,21],"current_hp_per_floor":[68,73,57,57,57,57,57,25,25,49,49,73,60,60,60,40,75,67,53,37,37,37,0],"gold":45,"neow_bonus":"THREE_ENEMY_KILL","is_prod":false,"is_daily":false,"chose_seed":false,"campfire_upgraded":2,"win_rate":0,"timestamp":1557669424,"path_taken":["M","?","?","?","?","E","R","E","T","R","?","R","M","$","R","BOSS","M","M","?","$","?","E"],"build_version":"2019-01-23","purchased_purges":1,"victory":false,"max_hp_per_floor":[75,80,80,80,80,80,80,80,80,80,80,80,80,80,80,80,85,85,85,85,85,85,85],"card_choices":[{"not_picked":["Turbo","Barrage"],"picked":"Hologram","floor":1},{"not_picked":["Stack","Turbo"],"picked":"Sweeping Beam","floor":5},{"not_picked":["Reprogram","Beam Cell"],"picked":"Rebound","floor":6},{"not_picked":["Loop","Hello World"],"picked":"Glacier","floor":8},{"not_picked":["Go for the Eyes","Melter"],"picked":"Streamline","floor":11},{"not_picked":["Static Discharge","Cold Snap","Rip and Tear"],"picked":"SKIP","floor":13},{"not_picked":["Creative AI","Core Surge"],"picked":"All For One","floor":16},{"not_picked":["Barrage","Ball Lightning"],"picked":"Steam","floor":17},{"not_picked":["Hologram","Darkness"],"picked":"Steam+1","floor":18},{"not_picked":["Streamline","Sweeping Beam+1","Storm"],"picked":"SKIP","floor":19}],"player_experience":284986,"relics_obtained":[{"floor":6,"key":"StoneCalendar"},{"floor":8,"key":"Orichalcum"},{"floor":9,"key":"Dodecahedron"},{"floor":20,"key":"Enchiridion"}],"event_choices":[{"damage_healed":0,"gold_gain":0,"player_choice":"Donut","damage_taken":0,"max_hp_gain":5,"max_hp_loss":0,"event_name":"Big Fish","floor":2,"gold_loss":0},{"damage_healed":0,"gold_gain":0,"player_choice":"Entered Light","damage_taken":16,"max_hp_gain":0,"max_hp_loss":0,"event_name":"Shining Light","floor":3,"gold_loss":0,"cards_upgraded":["Defend_B","Defend_B"]},{"damage_healed":0,"gold_gain":0,"player_choice":"Obtained Book","damage_taken":16,"max_hp_gain":0,"max_hp_loss":0,"event_name":"Cursed Tome","floor":20,"gold_loss":0},{"damage_healed":0,"gold_gain":0,"player_choice":"Ignored","damage_taken":0,"max_hp_gain":0,"max_hp_loss":0,"event_name":"Vampires","floor":22,"gold_loss":0}],"is_beta":false,"boss_relics":[{"not_picked":["Snecko Eye","FrozenCore"],"picked":"Tiny House"}],"items_purged_floors":[14],"is_endless":false,"potions_floor_spawned":[5,11,19],"killed_by":"Slavers","ascension_level":7}