{"gold_per_floor":[114,124,124,140,150,150,180,200,200,223,242,242,267,287,287,287],"floor_reached":16,"playtime":768,"items_purged":[],"score":243,"play_id":"0d129409-dbd4-4a9b-a5e1-3ae113946d5b","local_time":"20181016121915","is_ascension_mode":true,"campfire_choices":[{"data":"Body Slam","floor":6.0,"key":"SMITH"},{"data":"True Grit","floor":12.0,"key":"SMITH"},{"data":"True Grit","floor":15.0,"key":"SMITH"}],"neow_cost":"NONE","seed_source_timestamp":507767768451800,"circlet_count":0,"master_deck":["Strike_R","Strike_R","Strike_R","Strike_R","Strike_R","Defend_R","Defend_R","Defend_R","Defend_R","Bash","AscendersBane","Body Slam+1","Clothesline","True Grit+1","Offering","True Grit+1","Havoc","Shrug It Off","Body Slam","Anger"],"special_seed":0,"relics":["Burning Blood","CultistMask","Pen Nib","Vajra","Strawberry","Lantern"],"potions_floor_usage":[16],"damage_taken":[{"damage":0.0,"enemies":"2 Louse","floor":1.0,"turns":4.0},{"damage":6.0,"enemies":"Cultist","floor":2.0,"turns":3.0},{"damage":13.0,"enemies":"Small Slimes","floor":4.0,"turns":4.0},{"damage":9.0,"enemies":"Gremlin Gang","floor":5.0,"turns":9.0},{"damage":49.0,"enemies":"3 Sentries","floor":7.0,"turns":11.0},{"damage":15.0,"enemies":"Lots of Slimes","floor":8.0,"turns":5.0},{"damage":10.0,"enemies":"Exordium Thugs","floor":11.0,"turns":6.0},{"damage":6.0,"enemies":"Gremlin Nob","floor":13.0,"turns":3.0},{"damage":4.0,"enemies":"2 Fungi Beasts","floor":14.0,"turns":4.0},{"damage":19,"enemies":"The Guardian","floor":16,"turns":8}],"seed_played":"-4505581595693863730","potions_obtained":[{"floor":0.0,"key":"Block Potion"},{"floor":0.0,"key":"Strength Potion"},{"floor":1.0,"key":"Strength Potion"},{"floor":14.0,"key":"SteroidPotion"}],"is_trial":false,"path_per_floor":["M","M","?","M","M","R","E","M","T","T","M","R","E","M","R"],"character_chosen":"IRONCLAD","items_purchased":[],"campfire_rested":0,"item_purchase_floors":[],"current_hp_per_floor":[74,74,74,67,64,64,21,12,12,19,15,15,15,17,17,0],"gold":287,"neow_bonus":"THREE_SMALL_POTIONS","is_prod":false,"is_daily":false,"chose_seed":false,"campfire_upgraded":3,"win_rate":0,"timestamp":1539706755,"path_taken":["M","M","?","?","?","R","E","M","T","?","M","R","E","M","R","BOSS"],"build_version":"2018-10-11","purchased_purges":0,"victory":false,"max_hp_per_floor":[75,75,75,75,75,75,75,75,75,82,82,82,82,82,82,82],"card_choices":[{"not_picked":["Rupture","Wild Strike"],"picked":"Body Slam","floor":1.0},{"not_picked":["Armaments","Flex"],"picked":"Clothesline","floor":2.0},{"not_picked":["Armaments","Havoc"],"picked":"True Grit","floor":4.0},{"not_picked":["Sentinel","Cleave"],"picked":"Offering","floor":5.0},{"not_picked":["Clash","Wild Strike"],"picked":"True Grit","floor":7.0},{"not_picked":["Heavy Blade","Perfected Strike"],"picked":"Havoc","floor":8.0},{"not_picked":["Ghostly Armor","Rampage"],"picked":"Shrug It Off","floor":11.0},{"not_picked":["Sentinel","Thunderclap"],"picked":"Body Slam","floor":13.0},{"not_picked":["Clash","Hemokinesis"],"picked":"Anger","floor":14.0}],"player_experience":900989,"relics_obtained":[{"floor":7.0,"key":"Pen Nib"},{"floor":9.0,"key":"Vajra"},{"floor":10.0,"key":"Strawberry"},{"floor":13.0,"key":"Lantern"}],"event_choices":[{"event_name":"FaceTrader","player_choice":"Trade","floor":3.0,"damage_taken":0.0}],"is_beta":false,"boss_relics":[],"items_purged_floors":[],"is_endless":false,"potions_floor_spawned":[1,5,14],"killed_by":"The Guardian","ascension_level":15}