{"gold_per_floor":[19,19,19,98,98,98,124,124,176,188,198,198,52,63,63,164,164,183,3,0,18,36,36,36,36,36,48,72,72,72,92,92,196,196,209,16,36,36,382,382,395,395,395,395,100,112,112,126,126,126],"floor_reached":50,"playtime":3471,"items_purged":["Strike_B","Defend_B","All For One","Writhe"],"score":438,"play_id":"a2be22a9-cd87-4b30-90bb-bca1414fe188","local_time":"20180626063451","is_ascension_mode":false,"campfire_choices":[{"data":"Machine Learning","floor":6,"key":"SMITH"},{"data":"Zap","floor":8,"key":"SMITH"},{"data":"Reinforced Body","floor":12,"key":"SMITH"},{"data":"Static Discharge","floor":15,"key":"SMITH"},{"data":"Seek","floor":23,"key":"SMITH"},{"data":"Creative AI","floor":25,"key":"SMITH"},{"floor":30,"key":"REST"},{"floor":32,"key":"REST"},{"data":"Storm","floor":40,"key":"SMITH"},{"floor":42,"key":"REST"},{"floor":44,"key":"REST"},{"floor":49,"key":"REST"}],"neow_cost":"NO_GOLD","seed_source_timestamp":675993249965773,"circlet_count":0,"master_deck":["Defend_B","Defend_B","Zap+1","Dualcast","Machine Learning+1","Lockon","Reinforced Body+1","Creative AI+1","Static Discharge+1","Seek+1","Tempest","Skim","Capacitor","Seek","Storm+1","Redo+1","Redo+1","Deep Breath+1","Chaos+1"],"relics":["Cracked Core","Letter Opener","Mercury Hourglass","Pen Nib","Inserter","Darkstone Periapt","Oddly Smooth Stone","Busted Crown","Old Coin","Toxic Egg 2","Art of War"],"potions_floor_usage":[14,16,31,37,39,50,50],"damage_taken":[{"damage":1,"enemies":"Jaw Worm","floor":1,"turns":4},{"damage":33,"enemies":"Gremlin Nob","floor":7,"turns":4},{"damage":0,"enemies":"Cultist","floor":10,"turns":3},{"damage":0,"enemies":"2 Louse","floor":11,"turns":2},{"damage":5,"enemies":"Exordium Thugs","floor":14,"turns":4},{"damage":8,"enemies":"Slime Boss","floor":16,"turns":6},{"damage":9,"enemies":"Chosen","floor":18,"turns":6},{"damage":15,"enemies":"2 Thieves","floor":21,"turns":4},{"damage":17,"enemies":"Centurion and Healer","floor":22,"turns":6},{"damage":3,"enemies":"Snecko","floor":27,"turns":5},{"damage":25,"enemies":"Cultist and Chosen","floor":31,"turns":4},{"damage":27,"enemies":"Champ","floor":33,"turns":14},{"damage":10,"enemies":"3 Darklings","floor":35,"turns":6},{"damage":10,"enemies":"3 Shapes","floor":37,"turns":4},{"damage":40,"floor":39,"turns":4},{"damage":35,"enemies":"3 Darklings","floor":41,"turns":3},{"damage":21,"enemies":"Sphere and 2 Shapes","floor":46,"turns":4},{"damage":3,"enemies":"4 Shapes","floor":48,"turns":4},{"damage":53,"enemies":"Time Eater","floor":50,"turns":3}],"seed_played":"-566304379585425373","potions_obtained":[{"floor":1,"key":"SneckoOil"},{"floor":7,"key":"PowerPotion"},{"floor":10,"key":"Regen Potion"},{"floor":18,"key":"AttackPotion"},{"floor":27,"key":"Ancient Potion"},{"floor":31,"key":"SteroidPotion"},{"floor":35,"key":"GamblersBrew"},{"floor":37,"key":"FocusPotion"},{"floor":41,"key":"Poison Potion"}],"is_trial":false,"path_per_floor":["M","?","?","T","?","R","E","R","T","M","M","R","$","M","R","B",null,"M","$","?","M","M","R","?","R","T","M","T","$","R","M","R","B",null,"M","$","M","?","?","R","M","R","T","R","$","M","?","M","R"],"character_chosen":"DEFECT","items_purchased":["Creative AI","Tempest","Storm","Art of War"],"campfire_rested":5,"item_purchase_floors":[13,19,36,45],"current_hp_per_floor":[74,74,74,74,74,74,41,41,41,41,41,41,41,36,36,43,75,66,66,66,51,34,34,34,34,34,31,31,31,53,28,50,23,75,65,65,55,80,40,40,5,29,29,53,53,32,32,29,53,0],"gold":126,"neow_bonus":"REMOVE_TWO","is_prod":false,"is_daily":false,"chose_seed":false,"campfire_upgraded":7,"win_rate":0,"timestamp":1530009291,"path_taken":["M","?","?","?","?","R","E","R","T","?","M","R","$","M","R","BOSS","M","$","?","M","M","R","?","R","T","?","?","$","R","M","R","BOSS","M","$","M","?","?","R","M","R","T","R","?","M","?","M","R","BOSS"],"build_version":"2018-06-21v2","purchased_purges":4,"victory":false,"max_hp_per_floor":[75,75,75,75,75,75,75,75,75,75,75,75,75,75,75,75,75,75,75,75,75,75,75,75,75,75,75,75,75,75,75,75,75,75,75,75,75,81,81,81,81,81,81,81,81,81,81,81,81,81],"card_choices":[{"not_picked":["Stack","Glacier","Gash"],"picked":"SKIP","floor":1},{"not_picked":["Turbo","Redo"],"picked":"Lockon","floor":7},{"not_picked":["Rebound","Ball Lightning"],"picked":"Reinforced Body","floor":10},{"not_picked":["Streamline","Compile Driver","Go for the Eyes"],"picked":"SKIP","floor":11},{"not_picked":["Biased Cognition","Self Repair"],"picked":"Static Discharge","floor":14},{"not_picked":["Multi-Cast","Biased Cognition"],"picked":"Seek","floor":16},{"not_picked":["Steam","Ball Lightning","Gash"],"picked":"SKIP","floor":18},{"not_picked":["Double Energy","Streamline+1"],"picked":"Skim","floor":21},{"not_picked":["Leap","Sweeping Beam","Conserve Battery"],"picked":"SKIP","floor":22},{"not_picked":["Steam","Streamline","Tempest"],"picked":"SKIP","floor":27},{"not_picked":["Meteor Strike","Doom and Gloom","Rip and Tear"],"picked":"SKIP","floor":31},{"not_picked":["Reboot","Thunder Strike"],"picked":"Seek","floor":33},{"not_picked":["Gash+1"],"picked":"SKIP","floor":35},{"not_picked":[],"picked":"Redo+1","floor":37},{"not_picked":[],"picked":"Redo+1","floor":41},{"not_picked":["Steam+1"],"picked":"SKIP","floor":46},{"not_picked":[],"picked":"Deep Breath+1","floor":47},{"not_picked":[],"picked":"Chaos+1","floor":48}],"player_experience":71733,"relics_obtained":[{"floor":4,"key":"Letter Opener"},{"floor":7,"key":"Mercury Hourglass"},{"floor":9,"key":"Pen Nib"},{"floor":26,"key":"Darkstone Periapt"},{"floor":28,"key":"Oddly Smooth Stone"},{"floor":39,"key":"Old Coin"},{"floor":43,"key":"Toxic Egg 2"}],"event_choices":[{"event_name":"Bonfire Elementals","player_choice":"BASIC","floor":2,"damage_taken":0},{"event_name":"Match and Keep!","player_choice":"1 cards matched","floor":3,"damage_taken":0},{"event_name":"Match and Keep!","player_choice":"1 cards matched","floor":3,"damage_taken":0},{"event_name":"Purifier","player_choice":"One Purge","floor":5,"damage_taken":0},{"event_name":"Masked Bandits","player_choice":"Paid Bandits 3 gold","floor":20,"damage_taken":0},{"event_name":"Match and Keep!","player_choice":"2 cards matched","floor":24,"damage_taken":0},{"event_name":"Match and Keep!","player_choice":"2 cards matched","floor":24,"damage_taken":0},{"event_name":"Winding Halls","player_choice":"Writhe","floor":38,"damage_taken":0},{"event_name":"Mysterious Sphere","player_choice":"Fight","floor":39,"damage_taken":0},{"event_name":"SensoryStone","player_choice":"Memory 1","floor":47,"damage_taken":0}],"boss_relics":[{"not_picked":["White Beast Statue","Velvet Choker"],"picked":"Inserter"},{"not_picked":["Fusion Hammer","Snecko Eye"],"picked":"Busted Crown"}],"items_purged_floors":[13,19,36,45],"is_endless":false,"potions_floor_spawned":[1,7,10,18,27,31,35,37,41],"killed_by":"Time Eater","ascension_level":0}