{"gold_per_floor":[116,126,88,88,101,132,147,162,162,162,8,26,26,37,37,137,137,149,162,174,174,193,193],"floor_reached":23,"playtime":2603,"items_purged":[],"score":197,"play_id":"24a02c1d-96ff-4a4b-93d4-c7b6ad9eb296","local_time":"20190722190757","is_ascension_mode":false,"campfire_choices":[{"floor":10,"key":"REST"},{"floor":15,"key":"REST"}],"neow_cost":"NONE","seed_source_timestamp":15522873485018,"circlet_count":0,"master_deck":["Strike_R","Strike_R","Strike_R","Strike_R","Strike_R","Defend_R","Defend_R","Defend_R","Defend_R","Bash","Demon Form","Shrug It Off","Inflame","Twin Strike","Sever Soul","Armaments","Shrug It Off","Sword Boomerang","Intimidate","Double Tap","Cleave+1","Twin Strike","Twin Strike","Sword Boomerang"],"relics":["Burning Blood","Unceasing Top","Sundial","Bag of Preparation","Snecko Eye"],"potions_floor_usage":[6,8,12,20,23],"damage_taken":[{"damage":5,"enemies":"Small Slimes","floor":1,"turns":5},{"damage":7,"enemies":"2 Louse","floor":2,"turns":4},{"damage":13,"enemies":"Cultist","floor":5,"turns":5},{"damage":20,"enemies":"Gremlin Nob","floor":6,"turns":4},{"damage":27,"enemies":"2 Fungi Beasts","floor":7,"turns":4},{"damage":34,"enemies":"Lots of Slimes","floor":8,"turns":6},{"damage":4,"enemies":"Red Slaver","floor":12,"turns":6},{"damage":9,"enemies":"Looter","floor":14,"turns":4},{"damage":38,"enemies":"The Guardian","floor":16,"turns":12},{"damage":17,"enemies":"2 Thieves","floor":18,"turns":4},{"damage":17,"enemies":"Shell Parasite","floor":19,"turns":4},{"damage":21,"enemies":"Snake Plant","floor":20,"turns":4},{"damage":10,"enemies":"Centurion and Healer","floor":22,"turns":5},{"damage":42,"enemies":"Gremlin Leader","floor":23,"turns":3}],"seed_played":"5433452720817566008","potions_obtained":[{"floor":2,"key":"Poison Potion"},{"floor":5,"key":"GamblersBrew"},{"floor":6,"key":"Regen Potion"},{"floor":12,"key":"Ancient Potion"},{"floor":16,"key":"GamblersBrew"},{"floor":19,"key":"PowerPotion"}],"is_trial":false,"path_per_floor":["M","M","$","?","M","E","M","M","T","R","$","M","?","M","R","B",null,"M","M","M","?","M","E"],"character_chosen":"IRONCLAD","items_purchased":["Inflame","Bag of Preparation"],"campfire_rested":2,"item_purchase_floors":[3,11],"current_hp_per_floor":[80,79,79,79,72,58,37,24,24,48,48,50,50,47,71,39,80,69,58,43,43,39,0],"gold":193,"neow_bonus":"ONE_RANDOM_RARE_CARD","is_prod":false,"is_daily":false,"chose_seed":false,"campfire_upgraded":0,"win_rate":0,"timestamp":1563836877,"path_taken":["M","M","$","?","M","E","M","M","T","R","$","M","?","M","R","BOSS","M","M","M","?","M","E"],"build_version":"2019-07-17","purchased_purges":0,"victory":false,"max_hp_per_floor":[80,80,80,80,80,80,80,80,80,80,80,80,80,80,80,80,80,80,80,80,80,80,80],"card_choices":[{"not_picked":["Cleave","Havoc","Rage"],"picked":"SKIP","floor":1},{"not_picked":["Clash","Headbutt"],"picked":"Shrug It Off","floor":2},{"not_picked":["Cleave","Havoc"],"picked":"Twin Strike","floor":5},{"not_picked":["Havoc","Clothesline"],"picked":"Sever Soul","floor":6},{"not_picked":["Ghostly Armor","Clash"],"picked":"Armaments","floor":7},{"not_picked":["Iron Wave","Armaments"],"picked":"Shrug It Off","floor":8},{"not_picked":["Exhume","Bloodletting"],"picked":"Sword Boomerang","floor":12},{"not_picked":["Rupture","Spot Weakness"],"picked":"Intimidate","floor":14},{"not_picked":["Impervious","Reaper"],"picked":"Double Tap","floor":16},{"not_picked":["Clothesline","Perfected Strike"],"picked":"Cleave+1","floor":18},{"not_picked":["Cleave","Dark Embrace"],"picked":"Twin Strike","floor":19},{"not_picked":["Reckless Charge","True Grit"],"picked":"Twin Strike","floor":20},{"not_picked":["Thunderclap","Body Slam"],"picked":"Sword Boomerang","floor":22}],"player_experience":581578,"relics_obtained":[{"floor":6,"key":"Unceasing Top"},{"floor":9,"key":"Sundial"}],"event_choices":[{"damage_healed":0,"gold_gain":0,"player_choice":"Ignored","damage_taken":0,"max_hp_gain":0,"max_hp_loss":0,"event_name":"Shining Light","floor":4,"gold_loss":0},{"damage_healed":0,"gold_gain":0,"player_choice":"Searched \u00270\u0027 times","damage_taken":0,"max_hp_gain":0,"max_hp_loss":0,"event_name":"Dead Adventurer","floor":13,"gold_loss":0},{"damage_healed":0,"gold_gain":0,"player_choice":"Ignored","damage_taken":0,"max_hp_gain":0,"max_hp_loss":0,"event_name":"Ghosts","floor":21,"gold_loss":0}],"is_beta":false,"boss_relics":[{"not_picked":["Eternal Feather","Orrery"],"picked":"Snecko Eye"}],"items_purged_floors":[],"is_endless":false,"potions_floor_spawned":[2,5,6,12,16,19],"killed_by":"Gremlin Leader","ascension_level":0}