{"gold_per_floor":[109,122,122,47,61,61,91,91,91,117,117,150,168,184,184,261,261,280,380,147,159,59,92,92,121,121,121,150,150,181,181,181,257,257,276,276,376,428,120,120,153,153,177,195,213,213,163,213,213,213,213,213,36,61,61],"floor_reached":56,"playtime":3157,"items_purged":["Strike_R","Strike_R","Strike_R","Twin Strike","True Grit","Bite"],"score":2216,"play_id":"a20e4beb-a9c4-4859-8b70-0ce7d0e1abeb","local_time":"20181211151017","is_ascension_mode":true,"campfire_choices":[{"data":"Clothesline","floor":6,"key":"SMITH"},{"data":"Shockwave","floor":8,"key":"SMITH"},{"data":"Pommel Strike","floor":11,"key":"SMITH"},{"data":"Feel No Pain","floor":15,"key":"SMITH"},{"floor":24,"key":"REST"},{"data":"Evolve","floor":27,"key":"SMITH"},{"data":"Corruption","floor":32,"key":"SMITH"},{"floor":40,"key":"REST"},{"floor":46,"key":"RECALL"},{"data":"Juggernaut","floor":49,"key":"SMITH"},{"data":"Demon Form","floor":52,"key":"SMITH"}],"neow_cost":"NONE","seed_source_timestamp":347910403053717,"circlet_count":0,"master_deck":["AscendersBane","Defend_R+1","Defend_R+1","Defend_R+1","Defend_R+1","Bash+1","Clothesline+1","Pommel Strike+1","Shockwave+1","Feel No Pain+1","Power Through","Second Wind","Corruption+1","Feed","Inflame","Headbutt+1","Burning Pact","Evolve+1","Bite","Bite","Bite","Juggernaut+1","Demon Form+1","Body Slam+1","Burning Pact","Battle Trance","Exhume","True Grit+1","Wild Strike+1","Battle Trance","Offering","Battle Trance+1"],"relics":["Black Blood","Omamori","Question Card","Pantograph","Pear","The Courier","Cursed Key","Pocketwatch","Sundial","OrangePellets","Centennial Puzzle","Champion Belt","Letter Opener","Self Forming Clay","Smiling Mask","Dead Branch","FossilizedHelix","Molten Egg 2","Red Skull","Mercury Hourglass"],"potions_floor_usage":[7,16,16,19,23,30,33,55,55],"damage_taken":[{"damage":1,"enemies":"2 Louse","floor":1,"turns":5},{"damage":6,"enemies":"Cultist","floor":2,"turns":3},{"damage":4,"enemies":"Small Slimes","floor":5,"turns":3},{"damage":40,"enemies":"3 Sentries","floor":7,"turns":11},{"damage":15,"enemies":"Gremlin Nob","floor":10,"turns":4},{"damage":23,"enemies":"3 Sentries","floor":12,"turns":10},{"damage":0,"enemies":"Looter","floor":13,"turns":3},{"damage":5,"enemies":"2 Fungi Beasts","floor":14,"turns":3},{"damage":29,"enemies":"Hexaghost","floor":16,"turns":11},{"damage":1,"enemies":"3 Byrds","floor":18,"turns":8},{"damage":4,"enemies":"Colosseum Slavers","floor":19,"turns":5},{"damage":52,"enemies":"Colosseum Nobs","floor":19,"turns":7},{"damage":19,"enemies":"2 Thieves","floor":21,"turns":4},{"damage":22,"enemies":"Slavers","floor":23,"turns":6},{"damage":6,"enemies":"Book of Stabbing","floor":25,"turns":4},{"damage":16,"enemies":"Slavers","floor":28,"turns":5},{"damage":26,"enemies":"Book of Stabbing","floor":30,"turns":7},{"damage":35,"enemies":"Collector","floor":33,"turns":9},{"damage":4,"enemies":"Orb Walker","floor":35,"turns":5},{"damage":23,"enemies":"Mind Bloom Boss Battle","floor":37,"turns":8},{"damage":41,"enemies":"2 Orb Walkers","floor":38,"turns":6},{"damage":0,"enemies":"Giant Head","floor":41,"turns":8},{"damage":9,"enemies":"3 Shapes","floor":44,"turns":10},{"damage":6,"enemies":"Transient","floor":45,"turns":5},{"damage":0,"enemies":"Time Eater","floor":50,"turns":9},{"damage":48,"enemies":"Shield and Spear","floor":54,"turns":6},{"damage":26,"enemies":"The Heart","floor":55,"turns":7}],"seed_played":"5426660053724962143","potions_obtained":[{"floor":1,"key":"SteroidPotion"},{"floor":5,"key":"SteroidPotion"},{"floor":13,"key":"Poison Potion"},{"floor":14,"key":"Strength Potion"},{"floor":16,"key":"Block Potion"},{"floor":18,"key":"LiquidBronze"},{"floor":21,"key":"EssenceOfSteel"},{"floor":23,"key":"Strength Potion"},{"floor":30,"key":"SmokeBomb"},{"floor":35,"key":"SteroidPotion"},{"floor":44,"key":"Dexterity Potion"},{"floor":54,"key":"Fire Potion"}],"is_trial":false,"path_per_floor":["M","M","?","$","M","R","E","R","T","E","R","E","M","M","R","B",null,"M","?","$","M","$","E","R","E","T","R","E","?","E","?","R","B",null,"M","?","?","?","$","R","E","?","T","M","M","R","$","?","R","B",null,"R","$","E","B",null],"character_chosen":"IRONCLAD","items_purchased":["OrangePellets","Exhume","Molten Egg 2","Offering"],"campfire_rested":2,"item_purchase_floors":[20,39,39,53],"current_hp_per_floor":[73,73,73,73,75,75,41,41,41,42,42,25,31,32,32,34,72,80,39,39,29,29,16,45,45,45,45,38,38,41,41,41,64,73,76,76,79,53,53,77,85,81,81,84,84,84,84,84,84,84,84,84,84,48,63],"gold":61,"neow_bonus":"RANDOM_COMMON_RELIC","is_prod":false,"is_daily":false,"chose_seed":false,"campfire_upgraded":8,"win_rate":0,"timestamp":1544559017,"path_taken":["M","M","?","$","M","R","E","R","T","E","R","E","?","M","R","BOSS","M","?","$","M","$","E","R","E","T","R","E","?","E","?","R","BOSS","M","?","?","?","$","R","E","?","T","M","M","R","$","?","R","BOSS","R","$","E","BOSS"],"build_version":"2018-12-06","purchased_purges":6,"victory":true,"max_hp_per_floor":[75,75,75,75,75,75,75,75,75,85,85,85,85,85,85,85,85,88,91,91,94,94,97,97,97,97,97,100,70,73,73,73,76,76,76,76,79,82,82,82,85,81,81,84,84,84,84,84,84,84,84,84,84,84,84],"card_choices":[{"not_picked":["Hemokinesis","Sword Boomerang"],"picked":"Twin Strike","floor":1},{"not_picked":["Headbutt","Dropkick"],"picked":"Clothesline","floor":2},{"not_picked":["Perfected Strike","Heavy Blade"],"picked":"Pommel Strike","floor":5},{"not_picked":["Pummel","Entrench"],"picked":"Shockwave","floor":7},{"not_picked":["Sever Soul","Sword Boomerang","Wild Strike"],"picked":"Feel No Pain","floor":10},{"not_picked":["Pommel Strike","Reckless Charge","Twin Strike"],"picked":"Power Through","floor":12},{"not_picked":["Blood for Blood","Carnage","Pommel Strike"],"picked":"Second Wind","floor":13},{"not_picked":["Rage","Heavy Blade","Thunderclap"],"picked":"Corruption","floor":14},{"not_picked":["Reaper","Impervious","Brutality"],"picked":"Feed","floor":16},{"not_picked":["Rage","Cleave","Perfected Strike"],"picked":"Inflame","floor":18},{"not_picked":["Perfected Strike","Rampage","Sever Soul"],"picked":"Headbutt+1","floor":19},{"not_picked":["Whirlwind","Thunderclap","Shockwave+1"],"picked":"Burning Pact","floor":21},{"not_picked":["Inflame","Heavy Blade","Intimidate"],"picked":"True Grit","floor":23},{"not_picked":["Burning Pact","Iron Wave","Impervious"],"picked":"Evolve","floor":25},{"not_picked":["Rampage","Blood for Blood","Sever Soul","Headbutt"],"picked":"SKIP","floor":28},{"not_picked":["Pommel Strike","Disarm","Fiend Fire"],"picked":"Juggernaut","floor":30},{"not_picked":["Berserk","Barricade","Feed"],"picked":"Demon Form","floor":33},{"not_picked":["Havoc","Anger+1","Hemokinesis"],"picked":"Body Slam+1","floor":35},{"not_picked":["Iron Wave","Second Wind","Impervious"],"picked":"Burning Pact","floor":37},{"not_picked":["Clash","Pommel Strike+1","Intimidate"],"picked":"Battle Trance","floor":38},{"not_picked":["Sword Boomerang+1","Wild Strike+1","Pommel Strike+1"],"picked":"True Grit+1","floor":41},{"not_picked":["Twin Strike+1","Pommel Strike+1","Heavy Blade+1"],"picked":"Wild Strike+1","floor":44},{"not_picked":["Clothesline+1","Flame Barrier+1","Corruption"],"picked":"Battle Trance","floor":45},{"not_picked":["Infernal Blade","Evolve","Pummel+1"],"picked":"Battle Trance+1","floor":54}],"player_experience":1258088,"relics_obtained":[{"floor":7,"key":"Question Card"},{"floor":9,"key":"Pantograph"},{"floor":10,"key":"Pear"},{"floor":12,"key":"The Courier"},{"floor":19,"key":"Pocketwatch"},{"floor":19,"key":"Sundial"},{"floor":23,"key":"Centennial Puzzle"},{"floor":25,"key":"Champion Belt"},{"floor":26,"key":"Letter Opener"},{"floor":28,"key":"Self Forming Clay"},{"floor":30,"key":"Smiling Mask"},{"floor":37,"key":"Dead Branch"},{"floor":38,"key":"FossilizedHelix"},{"floor":41,"key":"Red Skull"},{"floor":54,"key":"Mercury Hourglass"}],"event_choices":[{"damage_healed":0,"gold_gain":0,"player_choice":"Upgraded","damage_taken":0,"max_hp_gain":0,"max_hp_loss":0,"event_name":"Upgrade Shrine","floor":3,"gold_loss":0,"cards_upgraded":["Bash"]},{"damage_healed":0,"gold_gain":0,"player_choice":"Fight","damage_taken":0,"max_hp_gain":0,"max_hp_loss":0,"event_name":"Colosseum","floor":19,"gold_loss":0},{"damage_healed":0,"gold_gain":0,"player_choice":"Fought Nobs","damage_taken":0,"max_hp_gain":0,"max_hp_loss":0,"event_name":"Colosseum","floor":19,"gold_loss":0},{"damage_healed":0,"gold_gain":0,"player_choice":"Became a vampire","damage_taken":0,"max_hp_gain":0,"max_hp_loss":30,"event_name":"Vampires","floor":29,"gold_loss":0,"cards_obtained":["Bite","Bite","Bite","Bite","Bite"]},{"damage_healed":0,"gold_gain":0,"player_choice":"Simplicity","damage_taken":0,"max_hp_gain":0,"max_hp_loss":0,"event_name":"Back to Basics","floor":31,"gold_loss":0,"cards_upgraded":["Defend_R","Defend_R","Defend_R","Defend_R"]},{"cards_removed":["Bite"],"damage_healed":0,"gold_gain":0,"player_choice":"Removed Attack","damage_taken":0,"max_hp_gain":0,"max_hp_loss":0,"event_name":"Falling","floor":36,"gold_loss":0},{"damage_healed":0,"gold_gain":0,"player_choice":"Fight","damage_taken":0,"max_hp_gain":0,"max_hp_loss":0,"event_name":"MindBloom","floor":37,"gold_loss":0},{"damage_healed":0,"gold_gain":0,"player_choice":"Fight","damage_taken":0,"max_hp_gain":0,"max_hp_loss":0,"event_name":"Mysterious Sphere","floor":38,"gold_loss":0},{"damage_healed":0,"gold_gain":0,"player_choice":"Max HP","damage_taken":0,"max_hp_gain":0,"max_hp_loss":4,"event_name":"Winding Halls","floor":42,"gold_loss":0},{"damage_healed":0,"gold_gain":50,"player_choice":"Pray","damage_taken":0,"max_hp_gain":0,"max_hp_loss":0,"event_name":"Golden Shrine","floor":48,"gold_loss":0}],"is_beta":false,"boss_relics":[{"not_picked":["Eternal Feather","Runic Pyramid"],"picked":"Cursed Key"},{"not_picked":["Lizard Tail","White Beast Statue"],"picked":"Black Blood"}],"items_purged_floors":[4,20,22,39,47,53],"is_endless":false,"potions_floor_spawned":[1,5,13,14,16,18,21,23,28,30,35,44,54],"ascension_level":15}