{"gold_per_floor":[114,133,146,158,178,178,208,208,208,258,279,279,303,326,326,420,420,439,457,121,121,145,185,185,185,485,485,505,505,525,126,126,222,222,237,237,112,127,141,141,141,141,141,141,156,76,101,119,119,119],"floor_reached":51,"playtime":1922,"items_purged":["Strike_B","Strike_B","Defend_B"],"score":1374,"play_id":"16cdfc76-0868-4431-868e-5cae13bb9f1f","local_time":"20190721185314","is_ascension_mode":true,"campfire_choices":[{"data":"Zap","floor":6,"key":"SMITH"},{"floor":12,"key":"REST"},{"floor":15,"key":"REST"},{"floor":24,"key":"REST"},{"data":"Loop","floor":27,"key":"SMITH"},{"data":"Biased Cognition","floor":29,"key":"SMITH"},{"floor":32,"key":"REST"},{"data":"Fission","floor":40,"key":"SMITH"},{"data":"Defragment","floor":42,"key":"SMITH"},{"floor":49,"key":"REST"}],"neow_cost":"NONE","seed_source_timestamp":957076989840,"circlet_count":0,"master_deck":["AscendersBane","Defend_B","Defend_B","Defend_B","Zap+1","Dualcast","Electrodynamics","Reinforced Body","Storm","Undo","Loop+1","Glacier","Hologram","Storm","Static Discharge","Biased Cognition+1","White Noise","Storm","Steam Power","Heatsinks","Defragment+1","Fission+1","Coolheaded+1","Defragment","Force Field+1"],"relics":["Cracked Core","Ornamental Fan","Golden Idol","Snecko Eye","Centennial Puzzle","Art of War","Old Coin","ClockworkSouvenir","Nuclear Battery","Du-Vu Doll"],"potions_floor_usage":[7,16,19,21,33,44,44,50],"damage_taken":[{"damage":0,"enemies":"Small Slimes","floor":1,"turns":2},{"damage":7,"enemies":"Jaw Worm","floor":2,"turns":3},{"damage":1,"enemies":"Cultist","floor":3,"turns":3},{"damage":10,"enemies":"Looter","floor":4,"turns":4},{"damage":2,"enemies":"2 Fungi Beasts","floor":5,"turns":3},{"damage":24,"enemies":"Gremlin Nob","floor":7,"turns":4},{"damage":12,"enemies":"3 Louse","floor":11,"turns":3},{"damage":24,"enemies":"Gremlin Gang","floor":13,"turns":4},{"damage":0,"enemies":"Large Slime","floor":14,"turns":4},{"damage":0,"enemies":"Slime Boss","floor":16,"turns":5},{"damage":0,"enemies":"Spheric Guardian","floor":18,"turns":3},{"damage":9,"enemies":"2 Thieves","floor":19,"turns":2},{"damage":0,"enemies":"Chosen and Byrds","floor":21,"turns":2},{"damage":14,"enemies":"Shelled Parasite and Fungi","floor":22,"turns":6},{"damage":0,"enemies":"Gremlin Leader","floor":23,"turns":4},{"damage":0,"enemies":"Snake Plant","floor":28,"turns":4},{"damage":2,"enemies":"Cultist and Chosen","floor":30,"turns":4},{"damage":9,"enemies":"Champ","floor":33,"turns":6},{"damage":6,"enemies":"3 Shapes","floor":35,"turns":2},{"damage":0,"enemies":"3 Darklings","floor":38,"turns":2},{"damage":1,"enemies":"4 Shapes","floor":39,"turns":2},{"damage":30,"enemies":"Transient","floor":44,"turns":6},{"damage":0,"enemies":"3 Darklings","floor":45,"turns":2},{"damage":0,"enemies":"Jaw Worm Horde","floor":47,"turns":1},{"damage":0,"enemies":"Sphere and 2 Shapes","floor":48,"turns":3},{"damage":22,"enemies":"Time Eater","floor":50,"turns":3}],"seed_played":"857535960075676535","potions_obtained":[{"floor":2,"key":"SkillPotion"},{"floor":3,"key":"Fire Potion"},{"floor":13,"key":"SmokeBomb"},{"floor":18,"key":"Energy Potion"},{"floor":23,"key":"SpeedPotion"},{"floor":28,"key":"SkillPotion"},{"floor":38,"key":"Regen Potion"},{"floor":41,"key":"SmokeBomb"},{"floor":45,"key":"Fire Potion"},{"floor":47,"key":"Ancient Potion"}],"is_trial":false,"path_per_floor":["M","M","M","M","M","R","E","?","T","?","M","R","M","M","R","B",null,"M","M","$","M","M","E","R","?","T","R","M","R","M","$","R","B",null,"M","?","$","M","M","R","?","R","T","M","M","$","M","M","R","B",null],"character_chosen":"DEFECT","items_purchased":["Storm","Centennial Puzzle","ClockworkSouvenir","Defragment","Defragment"],"campfire_rested":5,"item_purchase_floors":[20,20,31,31,46],"current_hp_per_floor":[64,57,56,46,44,44,20,20,20,20,8,27,3,3,22,22,54,54,45,45,45,31,31,50,50,50,50,50,50,48,48,64,55,62,56,56,56,56,55,55,55,55,55,39,39,39,39,39,58,36],"gold":119,"neow_bonus":"ONE_RANDOM_RARE_CARD","is_prod":false,"is_daily":false,"chose_seed":false,"campfire_upgraded":5,"win_rate":0,"timestamp":1563749594,"path_taken":["M","M","M","M","M","R","E","?","T","?","M","R","M","?","R","BOSS","M","M","$","M","M","E","R","?","T","R","M","R","M","$","R","BOSS","M","?","$","M","M","R","?","R","T","M","M","$","M","?","R","BOSS"],"build_version":"2019-07-17","purchased_purges":3,"victory":true,"max_hp_per_floor":[71,71,71,71,71,71,71,64,64,64,64,64,64,64,64,64,64,64,64,64,64,64,64,64,64,64,64,64,64,64,64,64,64,64,64,64,64,64,64,64,64,64,64,64,64,64,64,64,64,64],"card_choices":[{"not_picked":["Rebound","Static Discharge"],"picked":"Sweeping Beam","floor":1},{"not_picked":["Conserve Battery","Stack"],"picked":"Reinforced Body","floor":2},{"not_picked":["Stack","Hologram"],"picked":"Storm","floor":3},{"not_picked":["Barrage","Stack"],"picked":"Undo","floor":4},{"not_picked":["Seek","Auto Shields"],"picked":"Loop","floor":5},{"not_picked":["Storm","Melter"],"picked":"Glacier","floor":7},{"not_picked":["Conserve Battery","Sweeping Beam"],"picked":"Hologram","floor":11},{"not_picked":["Go for the Eyes","Cold Snap"],"picked":"Storm","floor":13},{"not_picked":["Steam","Barrage"],"picked":"Static Discharge","floor":14},{"not_picked":["All For One","Rainbow"],"picked":"Biased Cognition","floor":16},{"not_picked":["Redo","Double Energy"],"picked":"White Noise","floor":18},{"not_picked":["Barrage","Hologram","Coolheaded"],"picked":"SKIP","floor":19},{"not_picked":["Sweeping Beam+1","Blizzard","Barrage"],"picked":"SKIP","floor":22},{"not_picked":["Aggregate","Blizzard","Cold Snap"],"picked":"SKIP","floor":23},{"not_picked":["Cold Snap","Compile Driver","Skim"],"picked":"SKIP","floor":28},{"not_picked":["Conserve Battery","Meteor Strike","Barrage"],"picked":"SKIP","floor":30},{"not_picked":["Rainbow","All For One"],"picked":"Fission","floor":33},{"not_picked":["FTL","Beam Cell","Tempest"],"picked":"SKIP","floor":35},{"not_picked":["Rebound","Stack+1","Aggregate+1"],"picked":"SKIP","floor":38},{"not_picked":["Compile Driver","Gash","Steam"],"picked":"SKIP","floor":39},{"not_picked":["Compile Driver+1","Genetic Algorithm"],"picked":"Coolheaded+1","floor":45},{"not_picked":["Rebound","Hello World+1"],"picked":"Force Field+1","floor":47},{"not_picked":["Leap","Rebound","Sunder"],"picked":"SKIP","floor":48}],"player_experience":573309,"relics_obtained":[{"floor":7,"key":"Ornamental Fan"},{"floor":23,"key":"Art of War"},{"floor":26,"key":"Old Coin"},{"floor":43,"key":"Du-Vu Doll"}],"event_choices":[{"damage_healed":0,"gold_gain":0,"player_choice":"Lose Max HP","damage_taken":0,"relics_obtained":["Golden Idol"],"max_hp_gain":0,"max_hp_loss":7,"event_name":"Golden Idol","floor":8,"gold_loss":0},{"damage_healed":0,"gold_gain":50,"player_choice":"Pray","damage_taken":0,"max_hp_gain":0,"max_hp_loss":0,"event_name":"Golden Shrine","floor":10,"gold_loss":0},{"damage_healed":0,"gold_gain":0,"cards_transformed":["Strike_B","Strike_B"],"player_choice":"Became Test Subject","damage_taken":0,"max_hp_gain":0,"max_hp_loss":0,"event_name":"Drug Dealer","floor":25,"gold_loss":0,"cards_obtained":["Steam Power","Heatsinks"]},{"cards_removed":["Sweeping Beam"],"damage_healed":0,"gold_gain":0,"player_choice":"Removed Attack","damage_taken":0,"max_hp_gain":0,"max_hp_loss":0,"event_name":"Falling","floor":36,"gold_loss":0},{"damage_healed":0,"gold_gain":0,"player_choice":"Got Potions","damage_taken":0,"max_hp_gain":0,"max_hp_loss":0,"event_name":"Lab","floor":41,"gold_loss":0}],"is_beta":false,"boss_relics":[{"not_picked":["FrozenCore","Philosopher\u0027s Stone"],"picked":"Snecko Eye"},{"not_picked":["Cursed Key","White Beast Statue"],"picked":"Nuclear Battery"}],"items_purged_floors":[20,31,37],"is_endless":false,"potions_floor_spawned":[2,3,4,13,18,21,23,28,30,38,45,47],"ascension_level":17}