{"gold_per_floor":[113,113,38,38,38,38,49,80,106,106,126,159,159,185,185,262,262,281,224,239,254,269,302,302,227,227,254,354,382,382,411,411,486,486,498,550,566,196,196,196,196,223,223,255,267,279,291,314,326,338,350,362,374,37,63,63],"floor_reached":57,"playtime":4067,"items_purged":["Strike_R"],"score":3000,"play_id":"dd2d97da-ac08-4b62-b627-5e1d1f32b3a7","local_time":"20190512001450","is_ascension_mode":true,"campfire_choices":[{"floor":6,"key":"REST"},{"data":"Immolate","floor":10,"key":"SMITH"},{"data":"Corruption","floor":13,"key":"SMITH"},{"data":"Shrug It Off","floor":15,"key":"SMITH"},{"data":"Offering","floor":32,"key":"SMITH"},{"floor":40,"key":"RECALL"},{"data":"Armaments","floor":46,"key":"SMITH"},{"data":"Corruption","floor":49,"key":"SMITH"},{"data":"Barricade","floor":53,"key":"SMITH"}],"neow_cost":"PERCENT_DAMAGE","seed_source_timestamp":0,"circlet_count":0,"master_deck":["AscendersBane","Strike_R+1","Defend_R+1","Defend_R+1","Defend_R+1","Bash","Immolate+1","Shrug It Off+1","Corruption+1","Body Slam","Shrug It Off","Barricade+1","Limit Break","Burning Pact","Shrug It Off","Dual Wield+1","Headbutt","Exhume","Warcry","Offering+1","Evolve+1","Reaper","Warcry+1","Corruption+1","Impervious","Chrysalis","Purity","Purity","Armaments+1","Pommel Strike+1","Spot Weakness","Offering"],"special_seed":0,"relics":["Burning Blood","Dead Branch","Blood Vial","Potion Belt","Bottled Lightning","Incense Burner","Empty Cage","Juzu Bracelet","Art of War","Boot","Ice Cream","Question Card","The Courier","Regal Pillow","Philosopher\u0027s Stone","Turnip","Medical Kit","Self Forming Clay","PreservedInsect","MawBank","Letter Opener","Centennial Puzzle"],"potions_floor_usage":[16,27,28,28,33,33,33],"damage_taken":[{"damage":13,"enemies":"Jaw Worm","floor":1,"turns":4},{"damage":4,"enemies":"Small Slimes","floor":7,"turns":2},{"damage":9,"enemies":"3 Sentries","floor":8,"turns":6},{"damage":1,"enemies":"Cultist","floor":11,"turns":3},{"damage":3,"enemies":"Gremlin Nob","floor":12,"turns":4},{"damage":6,"enemies":"Lagavulin","floor":14,"turns":5},{"damage":19,"enemies":"Hexaghost","floor":16,"turns":5},{"damage":11,"enemies":"Chosen","floor":18,"turns":5},{"damage":0,"enemies":"Spheric Guardian","floor":20,"turns":3},{"damage":6,"enemies":"Snecko","floor":21,"turns":3},{"damage":22,"enemies":"Sentry and Sphere","floor":22,"turns":5},{"damage":9,"enemies":"Gremlin Leader","floor":23,"turns":6},{"damage":29,"enemies":"Book of Stabbing","floor":27,"turns":5},{"damage":0,"enemies":"Colosseum Slavers","floor":28,"turns":3},{"damage":11,"enemies":"Colosseum Nobs","floor":28,"turns":5},{"damage":16,"enemies":"Slavers","floor":29,"turns":6},{"damage":6,"enemies":"Gremlin Leader","floor":31,"turns":4},{"damage":38,"enemies":"Automaton","floor":33,"turns":8},{"damage":1,"enemies":"3 Shapes","floor":35,"turns":5},{"damage":26,"enemies":"2 Orb Walkers","floor":36,"turns":4},{"damage":17,"enemies":"Orb Walker","floor":37,"turns":4},{"damage":8,"enemies":"Nemesis","floor":42,"turns":5},{"damage":0,"enemies":"Giant Head","floor":44,"turns":2},{"damage":0,"enemies":"Maw","floor":48,"turns":6},{"damage":13,"enemies":"Awakened One","floor":50,"turns":6},{"damage":13,"enemies":"Donu and Deca","floor":51,"turns":10},{"damage":0,"enemies":"Shield and Spear","floor":55,"turns":6},{"damage":11,"enemies":"The Heart","floor":56,"turns":9}],"seed_played":"-4878848458778095883","potions_obtained":[{"floor":7,"key":"Poison Potion"},{"floor":8,"key":"PowerPotion"},{"floor":14,"key":"FearPotion"},{"floor":16,"key":"Swift Potion"},{"floor":27,"key":"Poison Potion"},{"floor":28,"key":"Block Potion"},{"floor":29,"key":"BloodPotion"},{"floor":31,"key":"BloodPotion"},{"floor":37,"key":"GamblersBrew"},{"floor":48,"key":"SkillPotion"}],"is_trial":false,"path_per_floor":["M","?","$","?","?","R","M","E","T","R","M","E","R","E","R","B",null,"M","$","M","M","M","E","?","?","T","E","?","E","?","E","R","B",null,"M","?","M","$","?","R","?","E","T","E","?","R","?","M","R","B","B",null,"R","$","E","B",null],"character_chosen":"IRONCLAD","items_purchased":["Shrug It Off","Medical Kit","Self Forming Clay","Letter Opener","Centennial Puzzle"],"campfire_rested":1,"item_purchase_floors":[19,38,38,54,54],"current_hp_per_floor":[43,32,32,9,9,31,33,30,30,30,37,42,42,44,44,33,65,62,62,70,72,58,57,57,57,57,36,41,33,33,35,35,19,61,75,55,55,55,45,45,45,75,75,75,75,75,71,71,71,71,71,71,71,71,71,71],"gold":63,"neow_bonus":"THREE_RARE_CARDS","is_prod":false,"is_daily":false,"chose_seed":false,"campfire_upgraded":7,"win_rate":0,"timestamp":1557634490,"path_taken":["M","?","$","?","?","R","M","E","T","R","M","E","R","E","R","BOSS","M","$","M","M","?","E","?","?","T","E","?","E","?","E","R","BOSS","M","?","M","$","?","R","?","E","T","E","?","R","?","M","R","BOSS","BOSS","R","$","E","BOSS"],"build_version":"2019-01-23","purchased_purges":1,"victory":true,"max_hp_per_floor":[75,75,75,75,75,75,75,75,75,75,75,75,75,75,75,75,75,75,75,75,75,75,75,75,75,75,75,75,75,75,75,75,75,75,75,75,75,75,75,75,75,75,75,75,75,75,71,71,71,71,71,71,71,71,71,71],"card_choices":[{"not_picked":["Limit Break","Barricade"],"picked":"Immolate","floor":0},{"not_picked":["Heavy Blade","Rage"],"picked":"Shrug It Off","floor":1},{"not_picked":["Twin Strike","Anger"],"picked":"Corruption","floor":7},{"not_picked":["Clash","Clothesline"],"picked":"Body Slam","floor":8},{"not_picked":["Wild Strike","Uppercut"],"picked":"Shrug It Off","floor":11},{"not_picked":["Power Through","Wild Strike","Anger"],"picked":"SKIP","floor":12},{"not_picked":["Power Through","Wild Strike","Anger"],"picked":"SKIP","floor":12},{"not_picked":["Headbutt","Sword Boomerang"],"picked":"Barricade","floor":14},{"not_picked":["Berserk","Brutality"],"picked":"Limit Break","floor":16},{"not_picked":["Warcry","Reckless Charge"],"picked":"Burning Pact","floor":18},{"not_picked":["Havoc","Anger","Fire Breathing"],"picked":"SKIP","floor":20},{"not_picked":["Sword Boomerang","Thunderclap","Intimidate"],"picked":"SKIP","floor":21},{"not_picked":["Uppercut","Twin Strike"],"picked":"Dual Wield+1","floor":22},{"not_picked":["Wild Strike+1","Intimidate"],"picked":"Headbutt","floor":23},{"not_picked":["Searing Blow","True Grit"],"picked":"Exhume","floor":27},{"not_picked":["Blood for Blood","Sword Boomerang"],"picked":"Warcry","floor":28},{"not_picked":["Whirlwind","Clash","Ghostly Armor","Clothesline"],"picked":"SKIP","floor":29},{"not_picked":["Barricade","Pommel Strike","Ghostly Armor"],"picked":"Evolve+1","floor":31},{"not_picked":["Berserk","Demon Form","Impervious"],"picked":"Reaper","floor":33},{"not_picked":["Twin Strike","Sword Boomerang","Entrench"],"picked":"Warcry+1","floor":35},{"not_picked":["Pummel","Body Slam","Cleave"],"picked":"Corruption","floor":36},{"not_picked":["Iron Wave+1","Perfected Strike","Armaments"],"picked":"Impervious","floor":37},{"not_picked":["Sadistic Nature","Enlightenment","Impatience"],"picked":"Chrysalis","floor":39},{"not_picked":["Violence","Sadistic Nature","The Bomb"],"picked":"Purity","floor":39},{"not_picked":["Flash of Steel","Chrysalis","Enlightenment"],"picked":"Purity","floor":39},{"not_picked":["Sever Soul","Pommel Strike","Perfected Strike"],"picked":"Armaments","floor":42},{"not_picked":["Hemokinesis+1","Berserk","Havoc"],"picked":"Pommel Strike+1","floor":44},{"not_picked":["True Grit","Heavy Blade","Headbutt+1"],"picked":"Spot Weakness","floor":48},{"not_picked":["Clothesline","Whirlwind","Sword Boomerang+1"],"picked":"Offering","floor":55}],"player_experience":1390841,"relics_obtained":[{"floor":8,"key":"Blood Vial"},{"floor":9,"key":"Potion Belt"},{"floor":12,"key":"Bottled Lightning"},{"floor":14,"key":"Incense Burner"},{"floor":23,"key":"Juzu Bracelet"},{"floor":26,"key":"Art of War"},{"floor":27,"key":"Boot"},{"floor":28,"key":"Ice Cream"},{"floor":28,"key":"Question Card"},{"floor":29,"key":"The Courier"},{"floor":31,"key":"Regal Pillow"},{"floor":36,"key":"Turnip"},{"floor":42,"key":"PreservedInsect"},{"floor":44,"key":"MawBank"}],"event_choices":[{"damage_healed":0,"gold_gain":0,"player_choice":"Success","damage_taken":11,"relics_obtained":["Dead Branch"],"max_hp_gain":0,"max_hp_loss":0,"event_name":"Scrap Ooze","floor":2,"gold_loss":0},{"damage_healed":0,"gold_gain":0,"player_choice":"Entered Light","damage_taken":23,"max_hp_gain":0,"max_hp_loss":0,"event_name":"Shining Light","floor":4,"gold_loss":0,"cards_upgraded":["Strike_R","Strike_R"]},{"damage_healed":0,"gold_gain":0,"cards_transformed":["Strike_R"],"player_choice":"Transformed","damage_taken":0,"max_hp_gain":0,"max_hp_loss":0,"event_name":"Transmorgrifier","floor":5,"gold_loss":0,"cards_obtained":["Rupture"]},{"damage_healed":0,"gold_gain":0,"player_choice":"Simplicity","damage_taken":0,"max_hp_gain":0,"max_hp_loss":0,"event_name":"Back to Basics","floor":24,"gold_loss":0,"cards_upgraded":["Defend_R","Defend_R","Defend_R","Defend_R"]},{"cards_removed":["Strike_R"],"damage_healed":0,"gold_gain":0,"player_choice":"Gave Gold","damage_taken":0,"max_hp_gain":0,"max_hp_loss":0,"event_name":"Beggar","floor":25,"gold_loss":75},{"damage_healed":0,"gold_gain":0,"player_choice":"Fight","damage_taken":0,"max_hp_gain":0,"max_hp_loss":0,"event_name":"Colosseum","floor":28,"gold_loss":0},{"damage_healed":0,"gold_gain":0,"player_choice":"Fought Nobs","damage_taken":0,"max_hp_gain":0,"max_hp_loss":0,"event_name":"Colosseum","floor":28,"gold_loss":0},{"damage_healed":0,"gold_gain":0,"player_choice":"1 cards matched","damage_taken":0,"max_hp_gain":0,"max_hp_loss":0,"event_name":"Match and Keep!","floor":30,"gold_loss":0,"cards_obtained":["Offering"]},{"damage_healed":0,"gold_gain":0,"player_choice":"Fight","damage_taken":0,"max_hp_gain":0,"max_hp_loss":0,"event_name":"Mysterious Sphere","floor":36,"gold_loss":0},{"damage_healed":0,"gold_gain":0,"player_choice":"Memory 3","damage_taken":10,"max_hp_gain":0,"max_hp_loss":0,"event_name":"SensoryStone","floor":39,"gold_loss":0},{"damage_healed":0,"gold_gain":0,"player_choice":"Ignored","damage_taken":0,"max_hp_gain":0,"max_hp_loss":0,"event_name":"Tomb of Lord Red Mask","floor":41,"gold_loss":0},{"cards_removed":["Defend_R"],"damage_healed":0,"gold_gain":0,"player_choice":"Removed Skill","damage_taken":0,"max_hp_gain":0,"max_hp_loss":0,"event_name":"Falling","floor":45,"gold_loss":0},{"damage_healed":0,"gold_gain":0,"player_choice":"Max HP","damage_taken":0,"max_hp_gain":0,"max_hp_loss":4,"event_name":"Winding Halls","floor":47,"gold_loss":0}],"is_beta":false,"boss_relics":[{"not_picked":["Sozu","Pandora\u0027s Box"],"picked":"Empty Cage"},{"not_picked":["Runic Dome","Runic Cube"],"picked":"Philosopher\u0027s Stone"}],"items_purged_floors":[3],"is_endless":false,"potions_floor_spawned":[7,8,14,16,27,28,28,29,31,37,48],"ascension_level":20}