{"gold_per_floor":[210,260,272,290,308,337,337,89,89,89,118,138,138,138,138,138],"floor_reached":16,"playtime":731,"items_purged":["Strike_R"],"score":220,"play_id":"d3f2894b-ecc2-4a5f-be1d-57d4720f1697","local_time":"20190711011638","is_ascension_mode":true,"campfire_choices":[{"data":"Uppercut","floor":7,"key":"SMITH"},{"data":"Bash","floor":10,"key":"SMITH"},{"floor":13,"key":"REST"},{"data":"Headbutt","floor":15,"key":"SMITH"}],"neow_cost":"NONE","seed_source_timestamp":112719125797430,"circlet_count":0,"master_deck":["AscendersBane","Strike_R","Strike_R","Strike_R","Defend_R+1","Defend_R","Defend_R","Defend_R","Bash+1","Infernal Blade","Disarm+1","Headbutt+1","Uppercut+1","Burning Pact"],"relics":["Burning Blood","War Paint","Oddly Smooth Stone","Smiling Mask","Pantograph"],"potions_floor_usage":[5,11,16],"damage_taken":[{"damage":4,"enemies":"Small Slimes","floor":1,"turns":5},{"damage":0,"enemies":"Cultist","floor":3,"turns":3},{"damage":1,"enemies":"2 Louse","floor":4,"turns":3},{"damage":7,"enemies":"2 Fungi Beasts","floor":5,"turns":3},{"damage":37,"enemies":"Lagavulin","floor":6,"turns":6},{"damage":32,"enemies":"3 Sentries","floor":11,"turns":11},{"damage":15,"enemies":"Large Slime","floor":12,"turns":6},{"damage":57,"enemies":"Slime Boss","floor":16,"turns":11}],"seed_played":"-8609030727127063543","potions_obtained":[{"floor":3,"key":"SteroidPotion"},{"floor":6,"key":"Fire Potion"},{"floor":12,"key":"SkillPotion"}],"is_trial":false,"path_per_floor":["M","?","M","M","M","E","R","$","T","R","E","M","R","?","R","B"],"character_chosen":"IRONCLAD","items_purchased":["Oddly Smooth Stone"],"campfire_rested":1,"item_purchase_floors":[8],"current_hp_per_floor":[70,70,75,75,74,43,43,43,43,43,17,8,30,23,23,0],"gold":138,"neow_bonus":"HUNDRED_GOLD","is_prod":false,"is_daily":false,"chose_seed":false,"campfire_upgraded":3,"win_rate":0,"timestamp":1562822198,"path_taken":["M","?","M","M","?","E","R","$","T","R","E","M","R","?","R","BOSS"],"build_version":"2019-07-05","purchased_purges":1,"victory":false,"max_hp_per_floor":[75,75,75,75,75,75,75,75,75,75,75,75,75,75,75,75],"card_choices":[{"not_picked":["Iron Wave","Seeing Red"],"picked":"Infernal Blade","floor":1},{"not_picked":["Metallicize","Whirlwind"],"picked":"Disarm","floor":3},{"not_picked":["Entrench","Heavy Blade"],"picked":"Headbutt","floor":4},{"not_picked":["Wild Strike","Clash"],"picked":"Uppercut","floor":5},{"not_picked":["Searing Blow","Perfected Strike"],"picked":"Burning Pact","floor":6},{"not_picked":["Perfected Strike","Sentinel","Bloodletting"],"picked":"SKIP","floor":11},{"not_picked":["Seeing Red","Iron Wave","Intimidate"],"picked":"SKIP","floor":12}],"player_experience":1463040,"relics_obtained":[{"floor":6,"key":"War Paint"},{"floor":9,"key":"Smiling Mask"},{"floor":11,"key":"Pantograph"}],"event_choices":[{"damage_healed":0,"gold_gain":50,"player_choice":"Pray","damage_taken":0,"max_hp_gain":0,"max_hp_loss":0,"event_name":"Golden Shrine","floor":2,"gold_loss":0},{"cards_removed":["Strike_R"],"damage_healed":0,"gold_gain":0,"player_choice":"Card Removal","damage_taken":7,"max_hp_gain":0,"max_hp_loss":0,"event_name":"Golden Wing","floor":14,"gold_loss":0}],"is_beta":false,"boss_relics":[],"items_purged_floors":[8],"is_endless":false,"potions_floor_spawned":[3,6,12],"killed_by":"Slime Boss","ascension_level":20}