{"gold_per_floor":[112,112,174,190,67,67,95,95,148,211,238,288,316,366,366,366],"floor_reached":16,"playtime":531,"items_purged":["Strike_G"],"score":207,"play_id":"87ffbaca-cb7d-426c-ae34-e97a144a002f","local_time":"20190722164245","is_ascension_mode":true,"campfire_choices":[{"data":"Neutralize","floor":6,"key":"SMITH"},{"data":"Dash","floor":8,"key":"SMITH"},{"data":"Deadly Poison","floor":15,"key":"SMITH"}],"neow_cost":"NONE","seed_source_timestamp":418977534050273,"circlet_count":0,"master_deck":["AscendersBane","Strike_G","Strike_G","Strike_G","Defend_G","Defend_G","Defend_G","Defend_G","Defend_G","Survivor","Neutralize+1","Sucker Punch","Poisoned Stab","Crippling Poison","PiercingWail","Dash+1","Caltrops","Deadly Poison+1","Night Terror"],"relics":["Ring of the Snake","NeowsBlessing","SsserpentHead","Strawberry","Centennial Puzzle","Torii","Girya"],"potions_floor_usage":[7,13,16],"damage_taken":[{"damage":0,"enemies":"2 Louse","floor":1,"turns":1},{"damage":0,"enemies":"Cultist","floor":3,"turns":1},{"damage":0,"enemies":"Jaw Worm","floor":4,"turns":1},{"damage":26,"enemies":"Lagavulin","floor":7,"turns":7},{"damage":0,"enemies":"Looter","floor":10,"turns":4},{"damage":13,"enemies":"Gremlin Nob","floor":11,"turns":5},{"damage":9,"enemies":"3 Sentries","floor":13,"turns":11},{"damage":27,"enemies":"The Guardian","floor":16,"turns":2}],"seed_played":"-1776314310327393601","potions_obtained":[{"floor":1,"key":"SteroidPotion"},{"floor":7,"key":"SkillPotion"},{"floor":10,"key":"Fire Potion"},{"floor":13,"key":"Dexterity Potion"}],"is_trial":false,"path_per_floor":["M","?","M","M","$","R","E","R","T","M","E","?","E","?","R","B"],"character_chosen":"THE_SILENT","items_purchased":["PiercingWail"],"campfire_rested":0,"item_purchase_floors":[5],"current_hp_per_floor":[59,59,59,59,59,59,40,40,40,40,27,32,23,16,16,0],"gold":366,"neow_bonus":"THREE_ENEMY_KILL","is_prod":false,"is_daily":false,"chose_seed":false,"campfire_upgraded":3,"win_rate":0,"timestamp":1563828165,"path_taken":["M","?","?","M","$","R","E","R","T","?","E","?","E","?","R","BOSS"],"build_version":"2019-07-17","purchased_purges":1,"victory":false,"max_hp_per_floor":[66,66,66,66,66,66,73,73,73,73,73,78,78,78,78,78],"card_choices":[{"not_picked":["Dodge and Roll","Prepared"],"picked":"Sucker Punch","floor":1},{"not_picked":["Dodge and Roll","Infinite Blades"],"picked":"Poisoned Stab","floor":3},{"not_picked":["Dagger Throw","Outmaneuver"],"picked":"Crippling Poison","floor":4},{"not_picked":["Poisoned Stab","Skewer"],"picked":"Dash","floor":7},{"not_picked":["Prepared","Slice"],"picked":"Caltrops","floor":10},{"not_picked":["Backstab","Prepared"],"picked":"Deadly Poison","floor":11},{"not_picked":["Choke","Blur"],"picked":"Night Terror","floor":13}],"player_experience":1532402,"relics_obtained":[{"floor":7,"key":"Strawberry"},{"floor":9,"key":"Centennial Puzzle"},{"floor":11,"key":"Torii"},{"floor":13,"key":"Girya"}],"event_choices":[{"damage_healed":0,"gold_gain":0,"player_choice":"Trade","damage_taken":0,"relics_obtained":["SsserpentHead"],"max_hp_gain":0,"max_hp_loss":0,"event_name":"FaceTrader","floor":2,"gold_loss":0},{"damage_healed":0,"gold_gain":0,"player_choice":"Donut","damage_taken":0,"max_hp_gain":5,"max_hp_loss":0,"event_name":"Big Fish","floor":12,"gold_loss":0},{"cards_removed":["Strike_G"],"damage_healed":0,"gold_gain":0,"player_choice":"Card Removal","damage_taken":7,"max_hp_gain":0,"max_hp_loss":0,"event_name":"Golden Wing","floor":14,"gold_loss":0}],"is_beta":false,"boss_relics":[],"items_purged_floors":[5],"is_endless":false,"potions_floor_spawned":[1,7,10,13],"killed_by":"The Guardian","ascension_level":15}