{"gold_per_floor":[115,126,141,66,81,106,106,136,136,168,183,9,22,0,0,102,102,122,138,154,169,183,183,198,198,498,498,509,509,525,536,536,636,636,656,668,35,35,50,85,85,85,109,109,86,106,106,134,134,134],"floor_reached":51,"playtime":4213,"items_purged":["Strike_R","Strike_R"],"score":910,"play_id":"42e11b8b-0ef4-4566-bac5-c108dcdf4289","local_time":"20190509200443","is_ascension_mode":true,"campfire_choices":[{"data":"Thunderclap","floor":7.0,"key":"SMITH"},{"data":"Armaments","floor":15.0,"key":"SMITH"},{"data":"Heavy Blade","floor":23,"key":"SMITH"},{"floor":25,"key":"DIG"},{"floor":29,"key":"DIG"},{"floor":32,"key":"DIG"},{"floor":42,"key":"RECALL"},{"floor":44,"key":"DIG"},{"floor":47,"key":"DIG"},{"floor":49,"key":"REST"}],"neow_cost":"NONE","seed_source_timestamp":0,"circlet_count":0,"master_deck":["Defend_R+1","Defend_R+1","Defend_R","Bash","Thunderclap+1","Dropkick","Headbutt","Ghostly Armor","Battle Trance","Inflame+1","Armaments+1","Demon Form+1","Iron Wave+1","Heavy Blade+1","Intimidate+1","Body Slam+1","Rampage+1","Seeing Red","Inflame+1","Parasite","Shrug It Off"],"special_seed":0,"relics":["Burning Blood","Blood Vial","Kunai","Frozen Egg 2","Shovel","FossilizedHelix","Bag of Marbles","Busted Crown","Strawberry","Old Coin","Enchiridion","Ancient Tea Set","Ornamental Fan","Astrolabe","Letter Opener","Self Forming Clay","Orichalcum","Juzu Bracelet","War Paint","Toxic Egg 2"],"potions_floor_usage":[31,50],"damage_taken":[{"damage":1.0,"enemies":"Cultist","floor":1.0,"turns":3.0},{"damage":9.0,"enemies":"2 Louse","floor":2.0,"turns":3.0},{"damage":3.0,"enemies":"Jaw Worm","floor":3.0,"turns":4.0},{"damage":13.0,"enemies":"Red Slaver","floor":5.0,"turns":3.0},{"damage":20.0,"enemies":"3 Sentries","floor":6.0,"turns":7.0},{"damage":32.0,"enemies":"Gremlin Nob","floor":8.0,"turns":4.0},{"damage":15.0,"enemies":"3 Sentries","floor":10.0,"turns":8.0},{"damage":6.0,"enemies":"Looter","floor":11.0,"turns":3.0},{"damage":0.0,"enemies":"Exordium Thugs","floor":13.0,"turns":2.0},{"damage":24.0,"enemies":"Hexaghost","floor":16.0,"turns":13.0},{"damage":11.0,"enemies":"2 Thieves","floor":18.0,"turns":4.0},{"damage":0.0,"enemies":"Shell Parasite","floor":19.0,"turns":5.0},{"damage":17.0,"enemies":"Snake Plant","floor":20.0,"turns":5.0},{"damage":0.0,"enemies":"Snecko","floor":21.0,"turns":5.0},{"damage":0,"enemies":"3 Cultists","floor":22,"turns":5},{"damage":19,"enemies":"Snake Plant","floor":24,"turns":4},{"damage":16,"enemies":"Sentry and Sphere","floor":28,"turns":4},{"damage":3,"enemies":"Chosen and Byrds","floor":30,"turns":4},{"damage":5,"enemies":"Snecko","floor":31,"turns":5},{"damage":51,"enemies":"Automaton","floor":33,"turns":7},{"damage":0,"enemies":"3 Shapes","floor":35,"turns":4},{"damage":15,"enemies":"Orb Walker","floor":36,"turns":4},{"damage":0,"enemies":"Writhing Mass","floor":39,"turns":4},{"damage":33,"enemies":"Giant Head","floor":40,"turns":7},{"damage":0,"enemies":"Spire Growth","floor":46,"turns":3},{"damage":12,"enemies":"Reptomancer","floor":48,"turns":6},{"damage":85,"enemies":"Time Eater","floor":50,"turns":9}],"seed_played":"1316575072194428037","potions_obtained":[{"floor":3.0,"key":"BloodPotion"},{"floor":5.0,"key":"Energy Potion"},{"floor":6.0,"key":"SteroidPotion"},{"floor":8.0,"key":"Dexterity Potion"},{"floor":21,"key":"Swift Potion"},{"floor":28,"key":"LiquidBronze"},{"floor":31,"key":"FairyPotion"},{"floor":35,"key":"SteroidPotion"}],"is_trial":false,"path_per_floor":["M","M","M","$","M","E","R","E","T","E","M","$","M","?","R","B",null,"M","M","M","M","M","R","M","R","T","?","M","R","M","M","R","B",null,"M","M","$","?","M","E","?","R","T","R","$","M","R","E","R","B",null],"character_chosen":"IRONCLAD","items_purchased":["Bag of Marbles","Armaments","Letter Opener","Inflame+1","Self Forming Clay","Shrug It Off"],"campfire_rested":1,"item_purchase_floors":[12,12,37,37,37,45],"current_hp_per_floor":[80,77,80,80,73,61,61,37,37,30,32,32,40,40,40,24,66,63,71,62,70,78,78,67,74,74,58,50,50,55,58,58,15,69,77,70,70,70,78,53,53,53,53,53,53,61,61,57,83,14],"gold":134,"neow_bonus":"RANDOM_COMMON_RELIC","is_prod":false,"is_daily":false,"chose_seed":false,"campfire_upgraded":3,"win_rate":0,"timestamp":1557446683,"path_taken":["M","M","M","$","M","E","R","E","T","E","M","$","M","?","R","BOSS","M","M","M","M","M","R","M","R","T","?","M","R","M","M","R","BOSS","M","M","$","?","?","E","?","R","T","R","?","M","R","E","R","BOSS"],"build_version":"2019-01-23","purchased_purges":2,"victory":true,"max_hp_per_floor":[80,80,80,80,80,80,80,80,80,80,80,80,80,80,80,80,80,80,80,80,80,80,80,80,87,87,87,87,87,87,87,87,87,87,87,87,87,87,87,87,87,87,87,87,87,87,87,87,87,87],"card_choices":[{"not_picked":["True Grit","Twin Strike"],"picked":"Thunderclap","floor":1.0},{"not_picked":["Inflame","Wild Strike"],"picked":"Dropkick","floor":2.0},{"not_picked":["Dark Embrace","Uppercut"],"picked":"Headbutt","floor":3.0},{"not_picked":["Perfected Strike","Thunderclap"],"picked":"Ghostly Armor","floor":5.0},{"not_picked":["Blood for Blood","Headbutt","Anger"],"picked":"SKIP","floor":6.0},{"not_picked":["Bludgeon","Clash"],"picked":"Battle Trance","floor":8.0},{"not_picked":["Infernal Blade","Clash"],"picked":"Inflame+1","floor":10.0},{"not_picked":["Havoc","Feel No Pain+1","Perfected Strike"],"picked":"SKIP","floor":11.0},{"not_picked":["Body Slam","Twin Strike","Sword Boomerang"],"picked":"SKIP","floor":13.0},{"not_picked":["Berserk+1","Feed"],"picked":"Demon Form+1","floor":16.0},{"not_picked":[],"picked":"Iron Wave+1","floor":18.0},{"not_picked":["Rampage"],"picked":"SKIP","floor":19.0},{"not_picked":["Twin Strike+1"],"picked":"SKIP","floor":20.0},{"not_picked":[],"picked":"Heavy Blade","floor":21},{"not_picked":["Iron Wave"],"picked":"SKIP","floor":22},{"not_picked":["Rampage+1"],"picked":"SKIP","floor":24},{"not_picked":["Headbutt"],"picked":"SKIP","floor":28},{"not_picked":["Power Through"],"picked":"SKIP","floor":30},{"not_picked":["Armaments"],"picked":"SKIP","floor":31},{"not_picked":["Clash+1"],"picked":"SKIP","floor":35},{"not_picked":[],"picked":"Seeing Red","floor":36},{"not_picked":["Cleave"],"picked":"SKIP","floor":39},{"not_picked":["Havoc+1"],"picked":"SKIP","floor":40},{"not_picked":["Clash+1"],"picked":"SKIP","floor":46},{"not_picked":["Heavy Blade+1"],"picked":"SKIP","floor":48}],"player_experience":252382,"relics_obtained":[{"floor":6.0,"key":"Kunai"},{"floor":8.0,"key":"Frozen Egg 2"},{"floor":9.0,"key":"Shovel"},{"floor":10.0,"key":"FossilizedHelix"},{"floor":25,"key":"Strawberry"},{"floor":26,"key":"Old Coin"},{"floor":27,"key":"Enchiridion"},{"floor":29,"key":"Ancient Tea Set"},{"floor":32,"key":"Ornamental Fan"},{"floor":40,"key":"Orichalcum"},{"floor":44,"key":"Juzu Bracelet"},{"floor":47,"key":"War Paint"},{"floor":48,"key":"Toxic Egg 2"}],"event_choices":[{"damage_healed":0.0,"max_hp_gain":0.0,"max_hp_loss":0.0,"gold_gain":0.0,"event_name":"World of Goop","player_choice":"Left Gold","floor":14.0,"gold_loss":22.0,"damage_taken":0.0},{"damage_healed":0,"gold_gain":0,"player_choice":"Obtained Book","damage_taken":16,"max_hp_gain":0,"max_hp_loss":0,"event_name":"Cursed Tome","floor":27,"gold_loss":0},{"cards_removed":["Defend_R"],"damage_healed":0,"gold_gain":0,"player_choice":"Card Removal","damage_taken":0,"max_hp_gain":0,"max_hp_loss":0,"event_name":"Wheel of Change","floor":38,"gold_loss":0},{"damage_healed":0,"gold_gain":0,"player_choice":"Ignored","damage_taken":0,"max_hp_gain":0,"max_hp_loss":0,"event_name":"Mysterious Sphere","floor":41,"gold_loss":0}],"is_beta":false,"boss_relics":[{"not_picked":["Velvet Choker","Coffee Dripper"],"picked":"Busted Crown"},{"not_picked":["Mark of Pain","Sozu"],"picked":"Astrolabe"}],"items_purged_floors":[4,37],"is_endless":false,"potions_floor_spawned":[3,5,6,8,11,21,28,30,31,33,35,36],"ascension_level":5}