{"gold_per_floor":[110,127,127,52,22,22,36,65,65,79,105,105,140,159,159,159],"floor_reached":16,"playtime":591,"items_purged":["Strike_G"],"score":240,"play_id":"dc8ddc3c-0973-4f99-8f8b-1e220b895dfb","local_time":"20190517173216","is_ascension_mode":true,"campfire_choices":[{"data":"Crippling Poison","floor":6,"key":"SMITH"},{"data":"A Thousand Cuts","floor":12,"key":"SMITH"},{"floor":15,"key":"REST"}],"neow_cost":"NONE","seed_source_timestamp":108878930600410,"circlet_count":0,"master_deck":["AscendersBane","Defend_G","Defend_G","Defend_G","Defend_G","Defend_G","Strike_G","Strike_G","Strike_G","Strike_G","Survivor","Neutralize","Well Laid Plans","Crippling Poison+1","A Thousand Cuts+1","Poisoned Stab","Calculated Gamble","PiercingWail"],"relics":["Ring of the Snake","Bag of Marbles","Mummified Hand","Shuriken","Pear","Centennial Puzzle"],"potions_floor_usage":[8,8,10,13,13,16],"damage_taken":[{"damage":1,"enemies":"Cultist","floor":1,"turns":4},{"damage":4,"enemies":"Jaw Worm","floor":2,"turns":4},{"damage":0,"enemies":"2 Louse","floor":7,"turns":3},{"damage":29,"enemies":"Gremlin Nob","floor":8,"turns":5},{"damage":0,"enemies":"Exordium Thugs","floor":10,"turns":4},{"damage":9,"enemies":"3 Sentries","floor":11,"turns":6},{"damage":16,"enemies":"Gremlin Nob","floor":13,"turns":4},{"damage":11,"enemies":"Looter","floor":14,"turns":3},{"damage":38,"enemies":"Slime Boss","floor":16,"turns":6}],"seed_played":"-1356504256026966432","potions_obtained":[{"floor":5,"key":"GamblersBrew"},{"floor":5,"key":"Dexterity Potion"},{"floor":7,"key":"Block Potion"},{"floor":8,"key":"Poison Potion"},{"floor":10,"key":"Ancient Potion"},{"floor":11,"key":"FearPotion"},{"floor":14,"key":"Block Potion"}],"is_trial":false,"path_per_floor":["M","M","?","$","?","R","M","E","T","M","E","R","E","M","R","B"],"character_chosen":"THE_SILENT","items_purchased":[],"campfire_rested":1,"item_purchase_floors":[],"current_hp_per_floor":[58,54,59,59,59,59,59,30,30,30,31,31,15,4,28,0],"gold":159,"neow_bonus":"RANDOM_COMMON_RELIC","is_prod":false,"is_daily":false,"chose_seed":false,"campfire_upgraded":2,"win_rate":0,"timestamp":1558128736,"path_taken":["M","?","?","$","?","R","M","E","T","?","E","R","E","M","R","BOSS"],"build_version":"2019-01-23","purchased_purges":1,"victory":false,"max_hp_per_floor":[66,66,71,71,71,71,71,71,71,71,81,81,81,81,81,81],"card_choices":[{"not_picked":["Flying Knee","Dagger Spray"],"picked":"Well Laid Plans","floor":1},{"not_picked":["Deadly Poison","Catalyst"],"picked":"Crippling Poison","floor":2},{"not_picked":["Sucker Punch","Deflect"],"picked":"A Thousand Cuts","floor":7},{"not_picked":["Bouncing Flask","Sucker Punch"],"picked":"Poisoned Stab","floor":8},{"not_picked":["Underhanded Strike","Slice","Poisoned Stab"],"picked":"SKIP","floor":10},{"not_picked":["Finisher","Flying Knee"],"picked":"Calculated Gamble","floor":11},{"not_picked":["Deadly Poison","Deflect"],"picked":"PiercingWail","floor":13},{"not_picked":["Finisher","Outmaneuver","Acrobatics"],"picked":"SKIP","floor":14}],"player_experience":1414206,"relics_obtained":[{"floor":8,"key":"Mummified Hand"},{"floor":9,"key":"Shuriken"},{"floor":11,"key":"Pear"},{"floor":13,"key":"Centennial Puzzle"}],"event_choices":[{"damage_healed":0,"gold_gain":0,"player_choice":"Donut","damage_taken":0,"max_hp_gain":5,"max_hp_loss":0,"event_name":"Big Fish","floor":3,"gold_loss":0},{"damage_healed":0,"gold_gain":0,"player_choice":"Bought 2 Potions","damage_taken":0,"max_hp_gain":0,"max_hp_loss":0,"event_name":"The Woman in Blue","floor":5,"gold_loss":0}],"is_beta":false,"boss_relics":[],"items_purged_floors":[4],"is_endless":false,"potions_floor_spawned":[7,8,10,11,14],"killed_by":"Slime Boss","ascension_level":20}