{"gold_per_floor":[110,126,141,159,6,32,49,64,109,109,109],"floor_reached":11,"playtime":1036,"items_purged":[],"score":77,"play_id":"bee39e52-9f88-4914-a693-851de47f28e0","local_time":"20190630153045","is_ascension_mode":false,"campfire_choices":[],"neow_cost":"NONE","seed_source_timestamp":695329658410113,"circlet_count":0,"master_deck":["Strike_R","Strike_R","Strike_R","Strike_R","Strike_R","Defend_R","Defend_R","Defend_R","Defend_R","Bash","Barricade","Pommel Strike","Battle Trance","Shrug It Off","Anger","Bandage Up","Rampage","Feel No Pain","Armaments","Headbutt"],"relics":["Burning Blood","Ice Cream","Potion Belt"],"potions_floor_usage":[4,11,11],"damage_taken":[{"damage":7,"enemies":"Cultist","floor":1,"turns":5},{"damage":6,"enemies":"Jaw Worm","floor":2,"turns":3},{"damage":8,"enemies":"Small Slimes","floor":3,"turns":4},{"damage":7,"enemies":"Blue Slaver","floor":4,"turns":6},{"damage":36,"enemies":"Lagavulin","floor":6,"turns":8},{"damage":38,"enemies":"Lots of Slimes","floor":7,"turns":5},{"damage":7,"enemies":"Looter","floor":8,"turns":3},{"damage":30,"enemies":"3 Louse","floor":11,"turns":3}],"seed_played":"8819923281007275048","potions_obtained":[{"floor":2,"key":"Block Potion"},{"floor":6,"key":"PowerPotion"},{"floor":8,"key":"Poison Potion"}],"is_trial":false,"path_per_floor":["M","M","M","M","$","E","M","M","T","?","M"],"character_chosen":"IRONCLAD","items_purchased":["Bandage Up","Rampage"],"campfire_rested":0,"item_purchase_floors":[5,5],"current_hp_per_floor":[79,79,77,76,76,50,22,25,25,25,0],"gold":109,"neow_bonus":"ONE_RANDOM_RARE_CARD","is_prod":false,"is_daily":false,"chose_seed":false,"campfire_upgraded":0,"win_rate":0.0,"timestamp":1561933845,"path_taken":["M","M","M","M","$","E","M","M","T","?","?"],"build_version":"2019-01-23","purchased_purges":0,"victory":false,"max_hp_per_floor":[80,80,80,80,80,80,80,80,80,80,80],"card_choices":[{"not_picked":["Dual Wield","True Grit"],"picked":"Pommel Strike","floor":1},{"not_picked":["Anger","True Grit"],"picked":"Battle Trance","floor":2},{"not_picked":["Fire Breathing","Warcry"],"picked":"Shrug It Off","floor":3},{"not_picked":["Havoc","Iron Wave"],"picked":"Anger","floor":4},{"not_picked":["Demon Form","Dual Wield"],"picked":"Feel No Pain","floor":6},{"not_picked":["Evolve","Searing Blow"],"picked":"Armaments","floor":7},{"not_picked":["Thunderclap","Disarm"],"picked":"Headbutt","floor":8}],"player_experience":47062,"relics_obtained":[{"floor":6,"key":"Ice Cream"},{"floor":9,"key":"Potion Belt"}],"event_choices":[{"damage_healed":0,"gold_gain":0,"player_choice":"Ignored","damage_taken":0,"max_hp_gain":0,"max_hp_loss":0,"event_name":"Transmorgrifier","floor":10,"gold_loss":0}],"is_beta":false,"boss_relics":[],"items_purged_floors":[],"is_endless":false,"potions_floor_spawned":[2,6,8],"killed_by":"3 Louse","ascension_level":0}