{"gold_per_floor":[109,34,53,12,12,12,51,89,89,89,89,120,143,168,168,293,293,316,316,97,135,234,234],"floor_reached":23,"playtime":1043,"items_purged":["Writhe"],"score":286,"play_id":"79e89bbb-537c-4a15-9599-532e9e3e3626","local_time":"20190602180942","is_ascension_mode":true,"campfire_choices":[{"data":"Skewer","floor":6,"key":"SMITH"},{"data":"Neutralize","floor":10,"key":"SMITH"},{"data":"Backflip","floor":15,"key":"SMITH"}],"neow_cost":"NONE","seed_source_timestamp":122354916527250,"circlet_count":0,"master_deck":["Defend_G","Defend_G","Defend_G","Defend_G","Defend_G","Strike_G","Strike_G","Strike_G","Strike_G","Strike_G","Survivor","Neutralize+1","Dagger Spray","Bouncing Flask","Skewer+1","Injury","Backflip+1","Backflip","Die Die Die","Caltrops+1"],"relics":["Ring of the Snake","NeowsBlessing","Golden Idol","Regal Pillow","Odd Mushroom","The Courier","Pocketwatch","Fusion Hammer","Singing Bowl","TwistedFunnel","Red Mask"],"potions_floor_usage":[12,16,18],"damage_taken":[{"damage":0,"enemies":"Small Slimes","floor":1,"turns":1},{"damage":0,"enemies":"2 Louse","floor":3,"turns":1},{"damage":0,"enemies":"Lagavulin","floor":7,"turns":1},{"damage":17,"enemies":"The Mushroom Lair","floor":8,"turns":5},{"damage":7,"enemies":"3 Sentries","floor":12,"turns":5},{"damage":1,"enemies":"Cultist","floor":13,"turns":3},{"damage":2,"enemies":"Exordium Wildlife","floor":14,"turns":5},{"damage":5,"enemies":"The Guardian","floor":16,"turns":12},{"damage":18,"enemies":"2 Thieves","floor":18,"turns":4},{"damage":10,"enemies":"Masked Bandits","floor":21,"turns":3},{"damage":37,"enemies":"Gremlin Leader","floor":23,"turns":6}],"seed_played":"2097561034517232454","potions_obtained":[{"floor":8,"key":"Explosive Potion"},{"floor":11,"key":"EssenceOfSteel"},{"floor":11,"key":"Strength Potion"},{"floor":16,"key":"Swift Potion"}],"is_trial":false,"path_per_floor":["M","$","M","$","?","R","E","?","T","R","?","E","M","M","R","B",null,"M","?","$","?","?","E"],"character_chosen":"THE_SILENT","items_purchased":["Bouncing Flask","Skewer","TwistedFunnel"],"campfire_rested":0,"item_purchase_floors":[2,4,20],"current_hp_per_floor":[63,63,63,63,63,63,63,46,46,46,46,39,38,36,36,31,60,42,42,42,34,34,0],"gold":234,"neow_bonus":"THREE_ENEMY_KILL","is_prod":false,"is_daily":false,"chose_seed":false,"campfire_upgraded":3,"win_rate":0,"timestamp":1559513382,"path_taken":["M","$","M","$","?","R","E","?","T","R","?","E","M","?","R","BOSS","M","?","$","?","?","E"],"build_version":"2019-01-23","purchased_purges":1,"victory":false,"max_hp_per_floor":[70,70,70,70,70,70,70,70,70,70,70,70,70,70,70,70,70,70,70,70,72,72,72],"card_choices":[{"not_picked":["Dodge and Roll","Slice"],"picked":"Dagger Spray","floor":1},{"not_picked":["Prepared","Endless Agony","Quick Slash"],"picked":"SKIP","floor":3},{"not_picked":["Underhanded Strike","Deadly Poison"],"picked":"Backflip","floor":7},{"not_picked":["Envenom","Eviscerate","Doppelganger"],"picked":"SKIP","floor":12},{"not_picked":["Dodge and Roll","Bane"],"picked":"Backflip","floor":13},{"not_picked":["Cloak And Dagger","Dodge and Roll","Dagger Spray"],"picked":"SKIP","floor":14},{"not_picked":["A Thousand Cuts","Wraith Form v2"],"picked":"Die Die Die","floor":16},{"not_picked":["Setup","Sucker Punch"],"picked":"Caltrops+1","floor":18},{"not_picked":["Riddle With Holes+1","Dodge and Roll","Outmaneuver"],"picked":"Singing Bowl","floor":21}],"player_experience":363437,"relics_obtained":[{"floor":7,"key":"Regal Pillow"},{"floor":8,"key":"Odd Mushroom"},{"floor":9,"key":"The Courier"},{"floor":12,"key":"Pocketwatch"},{"floor":21,"key":"Red Mask"}],"event_choices":[{"damage_healed":0,"gold_gain":0,"player_choice":"Take Wound","damage_taken":0,"relics_obtained":["Golden Idol"],"max_hp_gain":0,"max_hp_loss":0,"event_name":"Golden Idol","floor":5,"gold_loss":0,"cards_obtained":["Injury"]},{"damage_healed":0,"gold_gain":0,"player_choice":"Fought Mushrooms","damage_taken":0,"max_hp_gain":0,"max_hp_loss":0,"event_name":"Mushrooms","floor":8,"gold_loss":0},{"damage_healed":0,"gold_gain":0,"player_choice":"Got Potions","damage_taken":0,"max_hp_gain":0,"max_hp_loss":0,"event_name":"Lab","floor":11,"gold_loss":0},{"damage_healed":0,"gold_gain":0,"player_choice":"Opened","damage_taken":0,"relics_obtained":["Singing Bowl"],"max_hp_gain":0,"max_hp_loss":0,"event_name":"The Mausoleum","floor":19,"gold_loss":0,"cards_obtained":["Writhe"]},{"damage_healed":0,"gold_gain":0,"player_choice":"Fought Bandits","damage_taken":0,"max_hp_gain":0,"max_hp_loss":0,"event_name":"Masked Bandits","floor":21,"gold_loss":0},{"damage_healed":0,"gold_gain":99,"player_choice":"Stole From Cult","damage_taken":0,"max_hp_gain":0,"max_hp_loss":0,"event_name":"Nest","floor":22,"gold_loss":0}],"is_beta":false,"boss_relics":[{"not_picked":["Lizard Tail","Calling Bell"],"picked":"Fusion Hammer"}],"items_purged_floors":[20],"is_endless":false,"potions_floor_spawned":[8,16],"killed_by":"Gremlin Leader","ascension_level":6}