{"gold_per_floor":[116,133,145,145,157,157,184,184,208,233,245,245,265,57,57,135,135,153,53,53,53,86,86,115,115,115,132,132,132,164,183,183,260,260,278,378,37,37,56,91,91,125,197,213,268,303,27,52,52,52,52,52,52,2,27,27],"floor_reached":57,"playtime":4114,"items_purged":["Strike_G","Deadly Poison","Bite"],"score":3038,"play_id":"be83e0cc-fad8-44ca-9f66-9a11d5ad4a8c","local_time":"20181216141510","is_ascension_mode":true,"campfire_choices":[{"data":"Neutralize","floor":6.0,"key":"SMITH"},{"data":"Dagger Spray","floor":8.0,"key":"SMITH"},{"data":"Noxious Fumes","floor":15.0,"key":"SMITH"},{"floor":23.0,"key":"RECALL"},{"floor":28.0,"key":"REST"},{"floor":32.0,"key":"REST"},{"floor":49,"key":"REST"},{"floor":53,"key":"REST"}],"neow_cost":"NONE","seed_source_timestamp":310517607912909,"circlet_count":0,"master_deck":["AscendersBane","Defend_G+1","Defend_G+1","Defend_G+1","Defend_G+1","Defend_G+1","Survivor","Neutralize+1","Footwork+1","Well Laid Plans","Poisoned Stab","Finisher","Dagger Spray+1","Leg Sweep","Adrenaline","Noxious Fumes+1","Envenom","PiercingWail","Backflip","Bite","Bite","Bite","Bite","Backflip+1","Backflip","Crippling Poison+1","PiercingWail","After Image","PiercingWail","Calculated Gamble+1","Footwork","Acrobatics","Escape Plan+1","Grand Finale","Deflect+1","Catalyst+1"],"special_seed":0,"relics":["Ring of the Snake","Bag of Preparation","Happy Flower","Centennial Puzzle","Oddly Smooth Stone","Fusion Hammer","Red Mask","Tough Bandages","Letter Opener","Meat on the Bone","Bag of Marbles","Sozu","The Specimen","Snake Skull","Orichalcum","Smiling Mask","Bottled Tornado","Incense Burner","Paper Crane","Pantograph","Mercury Hourglass","War Paint"],"potions_floor_usage":[],"damage_taken":[{"damage":1.0,"enemies":"Jaw Worm","floor":1.0,"turns":7.0},{"damage":0.0,"enemies":"Cultist","floor":2.0,"turns":5.0},{"damage":0.0,"enemies":"2 Louse","floor":3.0,"turns":5.0},{"damage":0.0,"enemies":"2 Fungi Beasts","floor":5.0,"turns":4.0},{"damage":19.0,"enemies":"Gremlin Nob","floor":7.0,"turns":4.0},{"damage":15.0,"enemies":"Lagavulin","floor":10.0,"turns":5.0},{"damage":3.0,"enemies":"Looter","floor":11.0,"turns":3.0},{"damage":0.0,"enemies":"Exordium Wildlife","floor":13.0,"turns":2.0},{"damage":18.0,"enemies":"The Guardian","floor":16.0,"turns":10.0},{"damage":0.0,"enemies":"Shell Parasite","floor":18.0,"turns":6.0},{"damage":35.0,"enemies":"Masked Bandits","floor":22.0,"turns":6.0},{"damage":9.0,"enemies":"Slavers","floor":24.0,"turns":7.0},{"damage":20.0,"enemies":"Chosen","floor":27.0,"turns":5.0},{"damage":55.0,"enemies":"Book of Stabbing","floor":30.0,"turns":7.0},{"damage":0.0,"enemies":"Centurion and Healer","floor":31.0,"turns":7.0},{"damage":20.0,"enemies":"Champ","floor":33.0,"turns":17.0},{"damage":29.0,"enemies":"3 Darklings","floor":35.0,"turns":12.0},{"damage":0.0,"enemies":"Mind Bloom Boss Battle","floor":36.0,"turns":8.0},{"damage":0,"enemies":"3 Shapes","floor":39,"turns":3},{"damage":0,"enemies":"Reptomancer","floor":40,"turns":6},{"damage":0,"enemies":"Nemesis","floor":42,"turns":9},{"damage":3,"enemies":"3 Darklings","floor":44,"turns":3},{"damage":8,"enemies":"2 Orb Walkers","floor":45,"turns":5},{"damage":27,"enemies":"Reptomancer","floor":46,"turns":6},{"damage":0,"enemies":"Giant Head","floor":48,"turns":10},{"damage":1,"enemies":"Awakened One","floor":50,"turns":15},{"damage":39,"enemies":"Time Eater","floor":51,"turns":15},{"damage":5,"enemies":"Shield and Spear","floor":55,"turns":9},{"damage":52,"enemies":"The Heart","floor":56,"turns":10}],"seed_played":"3680130559078943827","potions_obtained":[{"floor":1.0,"key":"FearPotion"},{"floor":5.0,"key":"Explosive Potion"},{"floor":10.0,"key":"Energy Potion"},{"floor":18.0,"key":"GamblersBrew"},{"floor":22.0,"key":"Weak Potion"}],"is_trial":false,"path_per_floor":["M","M","M","?","M","R","E","R","T","E","M","?","M","$","R","B",null,"M","$","?","?","?","R","E","T","T","M","R","$","E","M","R","B",null,"M","?","$","?","M","E","T","E","T","M","?","E","$","E","R","B","B",null,"R","$","E","B",null],"character_chosen":"THE_SILENT","items_purchased":["Oddly Smooth Stone","Noxious Fumes","Backflip","Snake Skull","Footwork","Pantograph"],"campfire_rested":4,"item_purchase_floors":[14,14,19,37,37,47],"current_hp_per_floor":[64,64,64,53,53,53,34,34,34,21,20,20,22,22,22,6,56,58,58,58,58,41,41,48,48,48,42,63,63,30,44,65,66,71,69,72,72,68,68,68,68,68,68,68,62,47,47,68,68,68,45,62,68,68,68,46],"gold":27,"neow_bonus":"TEN_PERCENT_HP_BONUS","is_prod":false,"is_daily":false,"chose_seed":false,"campfire_upgraded":3,"win_rate":0,"timestamp":1544987710,"path_taken":["M","M","M","?","M","R","E","R","T","E","M","?","?","$","R","BOSS","M","$","?","?","?","R","E","?","T","?","R","?","E","M","R","BOSS","M","?","$","?","M","E","?","E","T","M","?","E","?","E","R","BOSS","BOSS","R","$","E","BOSS"],"build_version":"2018-12-13","purchased_purges":3,"victory":true,"max_hp_per_floor":[72,72,72,72,72,72,72,72,72,72,72,72,72,72,72,72,72,72,72,72,72,72,72,72,72,72,72,72,72,72,72,72,72,72,72,72,72,68,68,68,68,68,68,68,68,68,68,68,68,68,68,68,68,68,68,68],"card_choices":[{"not_picked":["Deflect","Blade Dance"],"picked":"Footwork","floor":1.0},{"not_picked":["Riddle With Holes","Dodge and Roll"],"picked":"Well Laid Plans","floor":2.0},{"not_picked":["PiercingWail","Bane"],"picked":"Poisoned Stab","floor":3.0},{"not_picked":["Eviscerate","Slice"],"picked":"Finisher","floor":5.0},{"not_picked":["Expertise","Blur"],"picked":"Dagger Spray","floor":7.0},{"not_picked":["Acrobatics","Backflip"],"picked":"Leg Sweep","floor":10.0},{"not_picked":["Flying Knee","Dagger Throw"],"picked":"Deadly Poison","floor":11.0},{"not_picked":["Poisoned Stab","Concentrate"],"picked":"Adrenaline","floor":13.0},{"not_picked":["Die Die Die","Bullet Time"],"picked":"Envenom","floor":16.0},{"not_picked":["Cloak And Dagger","Backflip"],"picked":"PiercingWail","floor":18.0},{"not_picked":["Accuracy","Infinite Blades"],"picked":"Backflip+1","floor":22.0},{"not_picked":["Finisher","Deflect"],"picked":"Backflip","floor":24.0},{"not_picked":["Caltrops","Concentrate+1"],"picked":"Crippling Poison+1","floor":27.0},{"not_picked":["Outmaneuver","A Thousand Cuts","Underhanded Strike"],"picked":"SKIP","floor":30.0},{"not_picked":["Slice","Accuracy+1"],"picked":"PiercingWail","floor":31.0},{"not_picked":["Die Die Die","Malaise"],"picked":"After Image","floor":33.0},{"not_picked":["Flying Knee","Distraction"],"picked":"PiercingWail","floor":35.0},{"not_picked":["Well Laid Plans","Prepared"],"picked":"Calculated Gamble+1","floor":36.0},{"not_picked":["Calculated Gamble","Quick Slash+1"],"picked":"Acrobatics","floor":39},{"not_picked":["Caltrops","Slice"],"picked":"Escape Plan","floor":40},{"not_picked":["Blade Dance","Reflex"],"picked":"Grand Finale","floor":42},{"not_picked":["Bane+1","Blade Dance+1","Riddle With Holes"],"picked":"SKIP","floor":44},{"not_picked":["Reflex+1","Sucker Punch"],"picked":"Deflect","floor":45},{"not_picked":["Underhanded Strike+1","Reflex","Venomology"],"picked":"SKIP","floor":46},{"not_picked":["Flying Knee+1","Quick Slash","Dagger Spray"],"picked":"SKIP","floor":48},{"not_picked":["Storm of Steel","Cloak And Dagger"],"picked":"Catalyst+1","floor":55}],"player_experience":1287006,"relics_obtained":[{"floor":7.0,"key":"Happy Flower"},{"floor":9.0,"key":"Blood Vial"},{"floor":10.0,"key":"Centennial Puzzle"},{"floor":22.0,"key":"Red Mask"},{"floor":24.0,"key":"Tough Bandages"},{"floor":25.0,"key":"Letter Opener"},{"floor":26.0,"key":"Meat on the Bone"},{"floor":30.0,"key":"Bag of Marbles"},{"floor":36.0,"key":"The Specimen"},{"floor":40,"key":"Orichalcum"},{"floor":42,"key":"Smiling Mask"},{"floor":43,"key":"Bottled Tornado"},{"floor":45,"key":"Incense Burner"},{"floor":46,"key":"Paper Crane"},{"floor":48,"key":"Mercury Hourglass"},{"floor":55,"key":"War Paint"}],"event_choices":[{"damage_healed":0.0,"max_hp_gain":0.0,"max_hp_loss":0.0,"gold_gain":0.0,"event_name":"Scrap Ooze","player_choice":"Success","floor":4.0,"gold_loss":0.0,"damage_taken":11.0,"relics_obtained":["Bag of Preparation"]},{"damage_healed":0.0,"max_hp_gain":0.0,"max_hp_loss":0.0,"gold_gain":0.0,"event_name":"Upgrade Shrine","player_choice":"Upgraded","floor":12.0,"gold_loss":0.0,"damage_taken":0.0,"cards_upgraded":["Footwork"]},{"damage_healed":0.0,"max_hp_gain":0.0,"max_hp_loss":0.0,"gold_gain":0.0,"event_name":"Vampires","player_choice":"Became a vampire (Vial)","floor":20.0,"relics_lost":["Blood Vial"],"gold_loss":0.0,"damage_taken":0.0,"cards_obtained":["Bite","Bite","Bite","Bite","Bite"]},{"damage_healed":0.0,"max_hp_gain":0.0,"max_hp_loss":0.0,"gold_gain":0.0,"event_name":"Back to Basics","player_choice":"Simplicity","floor":21.0,"gold_loss":0.0,"damage_taken":0.0,"cards_upgraded":["Defend_G","Defend_G","Defend_G","Defend_G","Defend_G"]},{"damage_healed":0.0,"max_hp_gain":0.0,"max_hp_loss":0.0,"gold_gain":0.0,"event_name":"Masked Bandits","player_choice":"Fought Bandits","floor":22.0,"gold_loss":0.0,"damage_taken":0.0},{"damage_healed":0.0,"max_hp_gain":0.0,"max_hp_loss":0.0,"gold_gain":0.0,"event_name":"MindBloom","player_choice":"Fight","floor":36.0,"gold_loss":0.0,"damage_taken":0.0},{"damage_healed":0,"gold_gain":0,"player_choice":"Max HP","damage_taken":0,"max_hp_gain":0,"max_hp_loss":4,"event_name":"Winding Halls","floor":38,"gold_loss":0},{"damage_healed":0,"gold_gain":0,"player_choice":"Fight","damage_taken":0,"max_hp_gain":0,"max_hp_loss":0,"event_name":"Mysterious Sphere","floor":45,"gold_loss":0}],"is_beta":false,"boss_relics":[{"not_picked":["Ring of the Serpent","Runic Pyramid"],"picked":"Fusion Hammer"},{"not_picked":["WristBlade","Runic Dome"],"picked":"Sozu"}],"items_purged_floors":[19,37,54],"is_endless":false,"potions_floor_spawned":[1,5,10,18,22,35,42,48],"ascension_level":20}