{"gold_per_floor":[216,216,216,236,40,40,70,70,70,87,98,133,133,159,159,233,233,244,244],"floor_reached":19,"playtime":807,"items_purged":[],"score":324,"play_id":"6d7c0c7b-b21b-4f44-ae16-3abf84e8b57a","local_time":"20181209112049","is_ascension_mode":true,"campfire_choices":[{"data":"Bash","floor":6,"key":"SMITH"},{"data":"Disarm","floor":13,"key":"SMITH"},{"floor":15,"key":"REST"}],"neow_cost":"NONE","seed_source_timestamp":164152053136623,"circlet_count":0,"master_deck":["AscendersBane","Strike_R","Strike_R","Strike_R","Strike_R","Defend_R","Defend_R+1","Defend_R","Defend_R+1","Bash+1","Sword Boomerang","Infernal Blade","Shrug It Off","Disarm+1","Anger","Headbutt","Immolate","Impervious","Feel No Pain"],"relics":["Burning Blood","Bag of Preparation","Mummified Hand","Shuriken","Matryoshka","War Paint","Snecko Eye"],"potions_floor_usage":[7,11,12,14,19],"damage_taken":[{"damage":5,"enemies":"Small Slimes","floor":1,"turns":5},{"damage":12,"enemies":"Jaw Worm","floor":4,"turns":4},{"damage":21,"enemies":"Gremlin Nob","floor":7,"turns":4},{"damage":0,"enemies":"Cultist","floor":10,"turns":5},{"damage":17,"enemies":"Exordium Thugs","floor":11,"turns":5},{"damage":20,"enemies":"Lagavulin","floor":12,"turns":4},{"damage":25,"enemies":"3 Sentries","floor":14,"turns":12},{"damage":28,"enemies":"The Guardian","floor":16,"turns":15},{"damage":14,"enemies":"2 Thieves","floor":18,"turns":3},{"damage":51,"enemies":"Masked Bandits","floor":19,"turns":3}],"seed_played":"3028841028760793099","potions_obtained":[{"floor":4,"key":"EssenceOfSteel"},{"floor":7,"key":"GamblersBrew"},{"floor":11,"key":"GamblersBrew"},{"floor":12,"key":"Dexterity Potion"},{"floor":18,"key":"SpeedPotion"}],"is_trial":false,"path_per_floor":["M","?","T","M","$","R","E","$","T","M","M","E","R","E","R","B",null,"M","?"],"character_chosen":"IRONCLAD","items_purchased":["Bag of Preparation","Shrug It Off"],"campfire_rested":1,"item_purchase_floors":[5,5],"current_hp_per_floor":[69,69,69,63,63,63,48,48,48,54,43,29,29,10,32,10,59,51,0],"gold":244,"neow_bonus":"HUNDRED_GOLD","is_prod":false,"is_daily":false,"chose_seed":false,"campfire_upgraded":2,"win_rate":0,"timestamp":1544372449,"path_taken":["M","?","?","M","$","R","E","$","T","M","M","E","R","E","R","BOSS","M","?"],"build_version":"2018-12-06","purchased_purges":0,"victory":false,"max_hp_per_floor":[75,75,75,75,75,75,75,75,75,75,75,75,75,75,75,75,75,75,75],"card_choices":[{"not_picked":["Iron Wave","Heavy Blade"],"picked":"Sword Boomerang","floor":1},{"not_picked":["Rage","Twin Strike"],"picked":"Infernal Blade","floor":4},{"not_picked":["Armaments","Shrug It Off"],"picked":"Disarm","floor":7},{"not_picked":["Hemokinesis","Searing Blow"],"picked":"Anger","floor":10},{"not_picked":["Sword Boomerang","Heavy Blade"],"picked":"Headbutt","floor":11},{"not_picked":["Power Through","Sword Boomerang","Heavy Blade"],"picked":"SKIP","floor":12},{"not_picked":["Searing Blow","Iron Wave"],"picked":"Immolate","floor":14},{"not_picked":["Berserk","Exhume"],"picked":"Impervious","floor":16},{"not_picked":["Sentinel","Perfected Strike"],"picked":"Feel No Pain","floor":18}],"player_experience":1241240,"relics_obtained":[{"floor":7,"key":"Mummified Hand"},{"floor":9,"key":"Shuriken"},{"floor":12,"key":"Matryoshka"},{"floor":14,"key":"War Paint"}],"event_choices":[{"cards_removed":["Strike_R"],"damage_healed":0,"gold_gain":0,"player_choice":"Forget","damage_taken":0,"max_hp_gain":0,"max_hp_loss":0,"event_name":"Living Wall","floor":2,"gold_loss":0},{"damage_healed":0,"gold_gain":0,"player_choice":"Fought Bandits","damage_taken":0,"max_hp_gain":0,"max_hp_loss":0,"event_name":"Masked Bandits","floor":19,"gold_loss":0}],"is_beta":false,"boss_relics":[{"not_picked":["Black Blood","Pandora\u0027s Box"],"picked":"Snecko Eye"}],"items_purged_floors":[],"is_endless":false,"potions_floor_spawned":[4,7,11,12,18],"killed_by":"Masked Bandits","ascension_level":15}