{"gold_per_floor":[212,226,244,244,46,80,92,117,117,136,136,61,80,95,95,193,193,173,73,91,91,91,123,123,149,149,0,10,10,45,62,62,159,159,169,44,44,44,58,85,104,104,104,139,150,150,0,25,25,25,25,25,25,59,59],"floor_reached":55,"playtime":3544,"items_purged":["Strike_R","Defend_R","Bash"],"score":1276,"play_id":"55d989f2-affc-4022-9da1-245bba1f28cf","local_time":"20190704183058","is_ascension_mode":true,"campfire_choices":[{"data":"True Grit","floor":11,"key":"SMITH"},{"data":"Flame Barrier","floor":15,"key":"SMITH"},{"data":"Fiend Fire","floor":24,"key":"SMITH"},{"data":"Feed","floor":29,"key":"SMITH"},{"floor":32,"key":"REST"},{"floor":46,"key":"RECALL"},{"floor":49,"key":"REST"},{"floor":52,"key":"REST"}],"neow_cost":"NONE","seed_source_timestamp":132831547668234,"circlet_count":0,"master_deck":["AscendersBane","Strike_R+1","Strike_R+1","Strike_R+1","Defend_R+1","Defend_R+1","Defend_R+1","Twin Strike","Flame Barrier+1","Shrug It Off","Sword Boomerang","Shrug It Off","Shrug It Off","True Grit+1","Inflame","Demon Form","Inflame","Fiend Fire+1","Reaper","Feed+1","Dark Embrace+1","Feel No Pain+1","Exhume","Burning Pact+1","Feed+1","True Grit+1","Reaper","Inflame+1","Sentinel+1","Shrug It Off+1"],"relics":["Burning Blood","PreservedInsect","Happy Flower","Pocketwatch","Question Card","Meat on the Bone","Runic Dome","Bag of Preparation","Frozen Egg 2","Anchor","Paper Frog","Fusion Hammer","Dream Catcher","Blood Vial","Red Mask","Thread and Needle","Vajra"],"potions_floor_usage":[8,16,25,30,33,33,55,55],"damage_taken":[{"damage":9,"enemies":"Jaw Worm","floor":1,"turns":4},{"damage":3,"enemies":"Small Slimes","floor":2,"turns":4},{"damage":1,"enemies":"Cultist","floor":3,"turns":4},{"damage":37,"enemies":"3 Sentries","floor":6,"turns":10},{"damage":9,"enemies":"3 Louse","floor":7,"turns":3},{"damage":3,"enemies":"Lagavulin","floor":8,"turns":5},{"damage":10,"enemies":"Large Slime","floor":10,"turns":9},{"damage":0,"enemies":"Exordium Wildlife","floor":13,"turns":4},{"damage":1,"enemies":"Exordium Thugs","floor":14,"turns":5},{"damage":2,"enemies":"Slime Boss","floor":16,"turns":9},{"damage":13,"enemies":"2 Thieves","floor":18,"turns":4},{"damage":12,"enemies":"Shell Parasite","floor":20,"turns":4},{"damage":34,"enemies":"Slavers","floor":23,"turns":8},{"damage":31,"enemies":"Gremlin Leader","floor":25,"turns":4},{"damage":10,"enemies":"Centurion and Healer","floor":28,"turns":7},{"damage":34,"enemies":"Book of Stabbing","floor":30,"turns":6},{"damage":28,"enemies":"Shelled Parasite and Fungi","floor":31,"turns":4},{"damage":92,"enemies":"Collector","floor":33,"turns":12},{"damage":15,"enemies":"Orb Walker","floor":35,"turns":6},{"damage":23,"enemies":"3 Shapes","floor":39,"turns":8},{"damage":43,"enemies":"Reptomancer","floor":40,"turns":7},{"damage":13,"enemies":"Spire Growth","floor":41,"turns":8},{"damage":22,"enemies":"Nemesis","floor":44,"turns":9},{"damage":32,"enemies":"3 Darklings","floor":45,"turns":8},{"damage":110,"enemies":"Reptomancer","floor":48,"turns":7},{"damage":70,"enemies":"Awakened One","floor":50,"turns":18},{"damage":112,"enemies":"Shield and Spear","floor":54,"turns":9},{"damage":92,"enemies":"The Heart","floor":55,"turns":9}],"seed_played":"-4689595460000988007","potions_obtained":[{"floor":3,"key":"Weak Potion"},{"floor":6,"key":"FearPotion"},{"floor":10,"key":"GamblersBrew"},{"floor":16,"key":"BloodPotion"},{"floor":28,"key":"BloodPotion"},{"floor":31,"key":"Regen Potion"},{"floor":33,"key":"Weak Potion"},{"floor":35,"key":"Ancient Potion"},{"floor":45,"key":"Dexterity Potion"}],"is_trial":false,"path_per_floor":["M","M","M","?","$","E","M","E","T","M","R","$","M","M","R","B",null,"M","$","M","$","?","E","R","E","T","?","M","R","E","M","R","B",null,"M","$","?","$","M","E","M","?","T","E","M","R","?","E","R","B",null,"R","$","E","B"],"character_chosen":"IRONCLAD","items_purchased":["Happy Flower","Shrug It Off"],"campfire_rested":3,"item_purchase_floors":[5,5],"current_hp_per_floor":[69,72,77,74,74,43,40,43,43,51,51,51,57,62,62,66,77,70,70,64,64,64,48,48,55,55,55,71,71,55,49,75,81,89,96,96,96,96,104,71,82,82,82,70,116,116,116,60,94,78,110,120,120,71,0],"gold":59,"neow_bonus":"HUNDRED_GOLD","is_prod":false,"is_daily":false,"chose_seed":false,"campfire_upgraded":4,"win_rate":0,"timestamp":1562279458,"path_taken":["M","M","M","?","$","E","M","E","T","M","R","?","M","M","R","BOSS","M","$","M","$","?","E","R","E","T","?","M","R","E","M","R","BOSS","M","$","?","$","?","E","M","?","T","E","M","R","?","E","R","BOSS","R","$","E","BOSS"],"build_version":"2019-07-01","purchased_purges":3,"victory":false,"max_hp_per_floor":[80,80,80,80,80,80,80,80,80,80,80,80,80,80,80,80,80,80,80,80,80,80,80,80,80,80,80,80,80,84,88,88,92,92,96,96,96,96,104,108,112,112,112,116,116,116,116,116,116,120,120,120,120,124,124],"card_choices":[{"not_picked":["Iron Wave","Combust"],"picked":"Twin Strike","floor":1},{"not_picked":["Anger","Corruption","Flex"],"picked":"SKIP","floor":2},{"not_picked":["Wild Strike","Disarm"],"picked":"Flame Barrier","floor":3},{"not_picked":["Cleave","Bloodletting"],"picked":"Sword Boomerang","floor":6},{"not_picked":["Armaments","Uppercut"],"picked":"Shrug It Off","floor":7},{"not_picked":["Intimidate","Hemokinesis"],"picked":"Shrug It Off","floor":8},{"not_picked":["Cleave","Carnage","Havoc"],"picked":"True Grit","floor":10},{"not_picked":["Pummel","Clothesline","Exhume","Sword Boomerang"],"picked":"SKIP","floor":13},{"not_picked":["Combust","Rage","Carnage"],"picked":"Inflame","floor":14},{"not_picked":["Barricade","Reaper","Berserk"],"picked":"Demon Form","floor":16},{"not_picked":["Ghostly Armor+1","Wild Strike","Pommel Strike"],"picked":"Inflame","floor":18},{"not_picked":["Spot Weakness","Warcry","Thunderclap","Anger+1"],"picked":"SKIP","floor":20},{"not_picked":["Battle Trance+1","Uppercut","Pommel Strike"],"picked":"Fiend Fire","floor":23},{"not_picked":["Warcry","Rupture+1","Clothesline"],"picked":"Reaper","floor":25},{"not_picked":["Uppercut","Perfected Strike","Havoc"],"picked":"Feed","floor":28},{"not_picked":["Havoc","Twin Strike+1","Body Slam"],"picked":"Dark Embrace+1","floor":30},{"not_picked":["Heavy Blade","Body Slam","Sever Soul"],"picked":"Feel No Pain+1","floor":31},{"not_picked":["Fiend Fire","Berserk+1","Bludgeon"],"picked":"Exhume","floor":33},{"not_picked":["True Grit","Warcry","Heavy Blade"],"picked":"Burning Pact+1","floor":35},{"not_picked":["Dual Wield+1","Second Wind","Iron Wave","Sword Boomerang+1"],"picked":"SKIP","floor":39},{"not_picked":["Spot Weakness+1","Battle Trance+1","Thunderclap"],"picked":"True Grit+1","floor":40},{"not_picked":["Combust+1","Dropkick+1","Perfected Strike+1","Warcry"],"picked":"SKIP","floor":41},{"not_picked":["Pommel Strike","Entrench","Combust+1"],"picked":"Reaper","floor":44},{"not_picked":["Dropkick+1","Bloodletting+1","Headbutt+1","Body Slam"],"picked":"SKIP","floor":45},{"not_picked":["Twin Strike","Wild Strike","Flame Barrier"],"picked":"Inflame+1","floor":48},{"not_picked":["Rampage","Cleave","Carnage"],"picked":"Sentinel+1","floor":49},{"not_picked":["Ghostly Armor","Flame Barrier","Wild Strike+1"],"picked":"Shrug It Off+1","floor":54}],"player_experience":430848,"relics_obtained":[{"floor":6,"key":"Pocketwatch"},{"floor":8,"key":"Question Card"},{"floor":9,"key":"Meat on the Bone"},{"floor":23,"key":"Bag of Preparation"},{"floor":25,"key":"Frozen Egg 2"},{"floor":26,"key":"Anchor"},{"floor":30,"key":"Paper Frog"},{"floor":40,"key":"Dream Catcher"},{"floor":44,"key":"Blood Vial"},{"floor":48,"key":"Thread and Needle"},{"floor":54,"key":"Vajra"}],"event_choices":[{"damage_healed":0,"gold_gain":0,"player_choice":"Success","damage_taken":3,"relics_obtained":["PreservedInsect"],"max_hp_gain":0,"max_hp_loss":0,"event_name":"Scrap Ooze","floor":4,"gold_loss":0},{"damage_healed":0,"gold_gain":0,"player_choice":"Simplicity","damage_taken":0,"max_hp_gain":0,"max_hp_loss":0,"event_name":"Back to Basics","floor":22,"gold_loss":0,"cards_upgraded":["Strike_R","Strike_R","Strike_R","Strike_R","Defend_R","Defend_R","Defend_R"]},{"damage_healed":0,"gold_gain":0,"player_choice":"Paid Fearfully","damage_taken":0,"max_hp_gain":0,"max_hp_loss":0,"event_name":"Masked Bandits","floor":27,"gold_loss":149},{"damage_healed":0,"gold_gain":0,"player_choice":"Copied","damage_taken":0,"max_hp_gain":0,"max_hp_loss":0,"event_name":"Duplicator","floor":37,"gold_loss":0,"cards_obtained":["Feed"]},{"cards_removed":["Strike_R"],"damage_healed":0,"gold_gain":0,"player_choice":"Removed Attack","damage_taken":0,"max_hp_gain":0,"max_hp_loss":0,"event_name":"Falling","floor":42,"gold_loss":0},{"damage_healed":0,"gold_gain":0,"player_choice":"Paid","damage_taken":0,"relics_obtained":["Red Mask"],"max_hp_gain":0,"max_hp_loss":0,"event_name":"Tomb of Lord Red Mask","floor":47,"gold_loss":150}],"is_beta":false,"boss_relics":[{"not_picked":["White Beast Statue","Tiny House"],"picked":"Runic Dome"},{"not_picked":["Calling Bell","Eternal Feather"],"picked":"Fusion Hammer"}],"items_purged_floors":[12,19,36],"is_endless":false,"potions_floor_spawned":[3,6,10,16,20,28,31,33,35,45,54],"killed_by":"The Heart","ascension_level":11}