{"gold_per_floor":[115,115,115,77,95,95,129,129,153,194,194,194,214,233,233,331,331,352,5,30,50,69,103,103,137,137,178,178,178,16,60,60,153,153,187,187,208,29,72,72,112,112,112,112,156,181,326,342,342,342,342,342,0,38,38],"floor_reached":55,"playtime":2234,"items_purged":["Strike_R","Strike_R"],"score":1503,"play_id":"7068426b-b679-45cf-8ba7-e39dffee5931","local_time":"20181209201451","is_ascension_mode":true,"campfire_choices":[{"data":"Bash","floor":6,"key":"SMITH"},{"data":"Inflame","floor":8,"key":"SMITH"},{"data":"Fiend Fire","floor":12,"key":"SMITH"},{"data":"Inflame","floor":15,"key":"SMITH"},{"data":"Disarm","floor":24,"key":"SMITH"},{"data":"Feed","floor":29,"key":"SMITH"},{"floor":32,"key":"RECALL"},{"floor":40,"key":"REST"},{"floor":42,"key":"REST"},{"floor":44,"key":"REST"},{"floor":49,"key":"REST"},{"floor":52,"key":"REST"}],"neow_cost":"CURSE","seed_source_timestamp":194431195238061,"circlet_count":0,"master_deck":["AscendersBane","Defend_R","Defend_R+1","Defend_R","Defend_R","Bash+1","Fiend Fire+1","Pommel Strike","Dropkick","Inflame+1","Warcry","Inflame+1","Reaper","True Grit+1","Immolate+1","Battle Trance+1","Disarm+1","Metallicize","Cleave+1","Shrug It Off+1","Feed+1","Armaments+1","Disarm+1","HandOfGreed","Dropkick","Demon Form","Whirlwind+1","Decay","Rage+1","True Grit+1","Warcry+1","Feel No Pain+1","True Grit+1","Warcry+1","Shrug It Off+1","Double Tap+1","Shrug It Off+1","True Grit+1","Feel No Pain","Panacea+1"],"relics":["Burning Blood","Golden Idol","Pen Nib","PreservedInsect","Kunai","Astrolabe","Membership Card","Mummified Hand","War Paint","Oddly Smooth Stone","Du-Vu Doll","StoneCalendar","Bronze Scales","Toxic Egg 2","Fusion Hammer","Medical Kit","Art of War","Potion Belt","Incense Burner","Ice Cream","Happy Flower"],"potions_floor_usage":[10,25,27,31,33,39,48,50,55,55],"damage_taken":[{"damage":0,"enemies":"Cultist","floor":1,"turns":2},{"damage":0,"enemies":"2 Louse","floor":5,"turns":3},{"damage":5,"enemies":"Gremlin Nob","floor":7,"turns":3},{"damage":13,"enemies":"3 Sentries","floor":10,"turns":6},{"damage":0,"enemies":"Jaw Worm","floor":13,"turns":1},{"damage":8,"enemies":"Exordium Thugs","floor":14,"turns":4},{"damage":22,"enemies":"The Guardian","floor":16,"turns":10},{"damage":24,"enemies":"Spheric Guardian","floor":18,"turns":5},{"damage":7,"enemies":"Chosen","floor":20,"turns":4},{"damage":10,"enemies":"Snecko","floor":21,"turns":3},{"damage":15,"enemies":"Centurion and Healer","floor":22,"turns":5},{"damage":0,"enemies":"Slavers","floor":23,"turns":1},{"damage":4,"enemies":"Book of Stabbing","floor":25,"turns":4},{"damage":20,"enemies":"Slavers","floor":27,"turns":2},{"damage":14,"enemies":"Book of Stabbing","floor":31,"turns":6},{"damage":64,"enemies":"Collector","floor":33,"turns":11},{"damage":11,"enemies":"3 Shapes","floor":35,"turns":7},{"damage":17,"enemies":"3 Darklings","floor":37,"turns":4},{"damage":18,"enemies":"Spire Growth","floor":39,"turns":4},{"damage":37,"enemies":"Giant Head","floor":41,"turns":6},{"damage":16,"enemies":"Nemesis","floor":45,"turns":5},{"damage":2,"enemies":"Maw","floor":46,"turns":8},{"damage":10,"enemies":"Mind Bloom Boss Battle","floor":47,"turns":6},{"damage":34,"enemies":"Transient","floor":48,"turns":5},{"damage":49,"enemies":"Time Eater","floor":50,"turns":9},{"damage":17,"enemies":"Shield and Spear","floor":54,"turns":6},{"damage":94,"enemies":"The Heart","floor":55,"turns":8}],"seed_played":"4124875337388710746","potions_obtained":[{"floor":5,"key":"Block Potion"},{"floor":10,"key":"FearPotion"},{"floor":13,"key":"LiquidBronze"},{"floor":20,"key":"PowerPotion"},{"floor":21,"key":"PowerPotion"},{"floor":25,"key":"PowerPotion"},{"floor":27,"key":"SteroidPotion"},{"floor":31,"key":"SpeedPotion"},{"floor":33,"key":"AttackPotion"},{"floor":41,"key":"Regen Potion"},{"floor":47,"key":"FearPotion"},{"floor":54,"key":"Dexterity Potion"}],"is_trial":false,"path_per_floor":["M","?","?","$","M","R","E","R","T","E","?","R","M","M","R","B",null,"M","$","M","M","M","E","R","E","T","E","?","R","$","E","R","B",null,"M","?","M","$","M","R","E","R","T","R","E","M","?","M","R","B",null,"R","$","E","B"],"character_chosen":"IRONCLAD","items_purchased":["Dropkick","Membership Card","Disarm","Mummified Hand","HandOfGreed","Bronze Scales","Medical Kit","Rage+1","True Grit+1","Ice Cream","Shrug It Off+1","True Grit+1","Feel No Pain","Panacea+1"],"campfire_rested":5,"item_purchase_floors":[4,19,19,19,30,30,38,38,38,53,53,53,53,53],"current_hp_per_floor":[74,48,48,48,54,54,55,55,55,48,85,85,85,83,83,67,81,63,63,76,81,76,82,82,85,85,83,83,83,83,85,85,60,79,85,85,74,74,71,85,54,79,79,85,85,89,85,72,89,58,81,89,89,89,0],"gold":38,"neow_bonus":"THREE_RARE_CARDS","is_prod":false,"is_daily":false,"chose_seed":false,"campfire_upgraded":6,"win_rate":0,"timestamp":1544404491,"path_taken":["M","?","?","$","?","R","E","R","T","E","?","R","M","M","R","BOSS","M","$","?","M","M","E","R","E","T","E","?","R","?","E","R","BOSS","M","?","M","$","?","R","E","R","T","R","E","?","?","M","R","BOSS","R","$","E","BOSS"],"build_version":"2018-12-06","purchased_purges":2,"victory":false,"max_hp_per_floor":[75,75,75,75,75,75,75,75,75,75,85,85,85,85,85,85,85,85,85,85,85,85,85,85,85,85,85,85,85,85,85,85,85,85,85,85,85,85,85,85,85,85,85,85,85,89,89,89,89,89,89,89,89,89,89],"card_choices":[{"not_picked":["Double Tap","Berserk"],"picked":"Fiend Fire","floor":0},{"not_picked":["Fire Breathing","Ghostly Armor"],"picked":"Pommel Strike","floor":1},{"not_picked":["Heavy Blade","Anger","Second Wind"],"picked":"SKIP","floor":5},{"not_picked":["Twin Strike","Double Tap"],"picked":"Inflame","floor":7},{"not_picked":["Barricade","Evolve"],"picked":"Bludgeon","floor":10},{"not_picked":["Body Slam","Pummel"],"picked":"Warcry","floor":13},{"not_picked":["Clash","Twin Strike"],"picked":"Inflame","floor":14},{"not_picked":["Dark Embrace","Exhume"],"picked":"Reaper","floor":16},{"not_picked":["Iron Wave","Cleave","Headbutt"],"picked":"SKIP","floor":18},{"not_picked":["True Grit","Pummel"],"picked":"Metallicize","floor":20},{"not_picked":["Fire Breathing","Thunderclap","Body Slam"],"picked":"SKIP","floor":21},{"not_picked":["Searing Blow","Havoc"],"picked":"Cleave+1","floor":22},{"not_picked":["Brutality","Warcry"],"picked":"Shrug It Off","floor":23},{"not_picked":["Shockwave","Cleave"],"picked":"Feed","floor":25},{"not_picked":["Thunderclap","Reckless Charge+1"],"picked":"Armaments+1","floor":27},{"not_picked":["Sever Soul","Clash"],"picked":"Dropkick","floor":31},{"not_picked":["Juggernaut","Barricade"],"picked":"Demon Form","floor":33},{"not_picked":["Body Slam","Sword Boomerang+1"],"picked":"Whirlwind+1","floor":35},{"not_picked":["Perfected Strike+1","Anger","Spot Weakness+1"],"picked":"SKIP","floor":37},{"not_picked":["Pommel Strike","Wild Strike"],"picked":"Warcry+1","floor":39},{"not_picked":["Dark Embrace","Body Slam+1"],"picked":"Feel No Pain+1","floor":41},{"not_picked":["Blood for Blood","Heavy Blade"],"picked":"True Grit+1","floor":45},{"not_picked":["Clothesline","Pommel Strike"],"picked":"Warcry+1","floor":46},{"not_picked":["Whirlwind","Anger"],"picked":"Shrug It Off+1","floor":47},{"not_picked":["Perfected Strike","Cleave+1"],"picked":"Double Tap+1","floor":48},{"not_picked":["Flex+1","Carnage+1","Iron Wave+1"],"picked":"SKIP","floor":54}],"player_experience":1248520,"relics_obtained":[{"floor":7,"key":"Pen Nib"},{"floor":9,"key":"PreservedInsect"},{"floor":10,"key":"Kunai"},{"floor":23,"key":"War Paint"},{"floor":25,"key":"Oddly Smooth Stone"},{"floor":26,"key":"Du-Vu Doll"},{"floor":27,"key":"StoneCalendar"},{"floor":31,"key":"Toxic Egg 2"},{"floor":41,"key":"Art of War"},{"floor":45,"key":"Potion Belt"},{"floor":47,"key":"Incense Burner"},{"floor":54,"key":"Happy Flower"}],"event_choices":[{"damage_healed":0,"gold_gain":0,"player_choice":"Take Damage","damage_taken":26,"relics_obtained":["Golden Idol"],"max_hp_gain":0,"max_hp_loss":0,"event_name":"Golden Idol","floor":2,"gold_loss":0},{"cards_removed":["Doubt"],"damage_healed":0,"gold_gain":0,"player_choice":"Purged","damage_taken":0,"max_hp_gain":0,"max_hp_loss":0,"event_name":"Purifier","floor":3,"gold_loss":0},{"cards_removed":["Bludgeon"],"damage_healed":27,"gold_gain":0,"player_choice":"Offered Rare","damage_taken":0,"max_hp_gain":10,"max_hp_loss":0,"event_name":"Bonfire Elementals","floor":11,"gold_loss":0},{"damage_healed":0,"gold_gain":0,"player_choice":"Copied","damage_taken":0,"max_hp_gain":0,"max_hp_loss":0,"event_name":"Duplicator","floor":28,"gold_loss":0,"cards_obtained":["Disarm"]},{"damage_healed":0,"gold_gain":0,"player_choice":"Cursed","damage_taken":0,"max_hp_gain":0,"max_hp_loss":0,"event_name":"Wheel of Change","floor":36,"gold_loss":0,"cards_obtained":["Decay"]},{"damage_healed":0,"gold_gain":0,"player_choice":"Fight","damage_taken":0,"max_hp_gain":0,"max_hp_loss":0,"event_name":"MindBloom","floor":47,"gold_loss":0}],"is_beta":false,"boss_relics":[{"not_picked":["Eternal Feather","Empty Cage"],"picked":"Astrolabe"},{"not_picked":["Tiny House","Runic Dome"],"picked":"Fusion Hammer"}],"items_purged_floors":[38,53],"is_endless":false,"potions_floor_spawned":[5,10,13,14,20,21,25,27,31,33,35,41,47,54],"killed_by":"The Heart","ascension_level":15}