{"gold_per_floor":[112,112,92,24,41,41,67,83,83,95,129,129,145,164,164,267,317,330,340,340,117,128,145,145,145],"floor_reached":25,"playtime":1253,"items_purged":["Strike_G"],"score":360,"play_id":"fdd69aae-c451-4af1-a18d-2722f695467f","local_time":"20190611184129","is_ascension_mode":true,"campfire_choices":[{"data":"Neutralize","floor":6,"key":"SMITH"},{"data":"Doppelganger","floor":12,"key":"SMITH"},{"data":"Blade Dance","floor":15,"key":"SMITH"}],"neow_cost":"NONE","seed_source_timestamp":111693036948540,"circlet_count":0,"master_deck":["AscendersBane","Defend_G","Defend_G","Defend_G","Defend_G","Defend_G","Strike_G","Strike_G","Strike_G","Survivor","Neutralize+1","Heel Hook+1","Noxious Fumes","Terror","Doppelganger+1","Deflect","Backstab","Accuracy","Leg Sweep","Blade Dance+1","Storm of Steel","Blade Dance","Noxious Fumes","Dagger Spray","Dagger Spray+1","Decay"],"relics":["Ring of the Snake","NeowsBlessing","Ninja Scroll","Ancient Tea Set","Anchor","Tiny House","MutagenicStrength","Lantern"],"potions_floor_usage":[11,16,16,25,25],"damage_taken":[{"damage":0,"enemies":"2 Louse","floor":1,"turns":1},{"damage":0,"enemies":"Jaw Worm","floor":5,"turns":1},{"damage":0,"enemies":"Lagavulin","floor":7,"turns":2},{"damage":0,"enemies":"Cultist","floor":8,"turns":4},{"damage":3,"enemies":"Gremlin Gang","floor":10,"turns":6},{"damage":12,"enemies":"Gremlin Nob","floor":11,"turns":4},{"damage":0,"enemies":"Blue Slaver","floor":13,"turns":2},{"damage":0,"enemies":"2 Fungi Beasts","floor":14,"turns":4},{"damage":25,"enemies":"Hexaghost","floor":16,"turns":11},{"damage":30,"enemies":"Spheric Guardian","floor":18,"turns":6},{"damage":8,"enemies":"3 Byrds","floor":19,"turns":4},{"damage":1,"enemies":"Sentry and Sphere","floor":22,"turns":3},{"damage":9,"enemies":"3 Cultists","floor":23,"turns":5},{"damage":16,"enemies":"Book of Stabbing","floor":25,"turns":4}],"seed_played":"-3752405819254188450","potions_obtained":[{"floor":3,"key":"SneckoOil"},{"floor":7,"key":"Fire Potion"},{"floor":10,"key":"AttackPotion"},{"floor":13,"key":"Block Potion"},{"floor":16,"key":"Weak Potion"},{"floor":17,"key":"SteroidPotion"},{"floor":19,"key":"Block Potion"},{"floor":23,"key":"GamblersBrew"}],"is_trial":false,"path_per_floor":["M","?","?","$","M","R","E","M","T","M","E","R","M","M","R","B",null,"M","M","?","$","M","M","?","E"],"character_chosen":"THE_SILENT","items_purchased":["Noxious Fumes","Lantern"],"campfire_rested":0,"item_purchase_floors":[4,21],"current_hp_per_floor":[63,56,56,56,56,56,56,56,56,53,41,41,41,41,41,16,62,32,24,24,24,23,14,14,0],"gold":145,"neow_bonus":"THREE_ENEMY_KILL","is_prod":false,"is_daily":false,"chose_seed":false,"campfire_upgraded":3,"win_rate":0,"timestamp":1560292889,"path_taken":["M","?","?","$","?","R","E","M","T","?","E","R","?","M","R","BOSS","M","M","?","$","M","M","?","E"],"build_version":"2019-01-23","purchased_purges":1,"victory":false,"max_hp_per_floor":[70,70,70,70,70,70,70,70,70,70,70,70,70,70,70,70,75,75,75,75,75,75,75,75,75],"card_choices":[{"not_picked":["Prepared","Finisher"],"picked":"Heel Hook","floor":1},{"not_picked":["Quick Slash","Outmaneuver"],"picked":"Terror","floor":5},{"not_picked":["All Out Attack","Prepared"],"picked":"Doppelganger","floor":7},{"not_picked":["Heel Hook","Underhanded Strike"],"picked":"Deflect","floor":8},{"not_picked":["Cloak And Dagger","Dagger Spray"],"picked":"Backstab","floor":10},{"not_picked":["Deadly Poison","Endless Agony"],"picked":"Accuracy","floor":11},{"not_picked":["Reflex","Prepared"],"picked":"Leg Sweep","floor":13},{"not_picked":["Backflip","Masterful Stab"],"picked":"Blade Dance","floor":14},{"not_picked":["Doppelganger","Tools of the Trade"],"picked":"Storm of Steel","floor":16},{"not_picked":["Bane+1","Underhanded Strike+1"],"picked":"Blade Dance","floor":18},{"not_picked":["Masterful Stab","Well Laid Plans+1"],"picked":"Noxious Fumes","floor":19},{"not_picked":["Acrobatics","Dash"],"picked":"Dagger Spray","floor":22},{"not_picked":["Dagger Throw","Bouncing Flask+1"],"picked":"Dagger Spray+1","floor":23}],"player_experience":404084,"relics_obtained":[{"floor":7,"key":"Ninja Scroll"},{"floor":9,"key":"Ancient Tea Set"},{"floor":11,"key":"Anchor"}],"event_choices":[{"cards_removed":["Strike_G"],"damage_healed":0,"gold_gain":0,"player_choice":"Card Removal","damage_taken":7,"max_hp_gain":0,"max_hp_loss":0,"event_name":"Golden Wing","floor":2,"gold_loss":0},{"damage_healed":0,"gold_gain":0,"player_choice":"Bought 1 Potion","damage_taken":0,"max_hp_gain":0,"max_hp_loss":0,"event_name":"The Woman in Blue","floor":3,"gold_loss":0},{"damage_healed":0,"gold_gain":0,"player_choice":"Inject Mutagens","damage_taken":0,"relics_obtained":["MutagenicStrength"],"max_hp_gain":0,"max_hp_loss":0,"event_name":"Drug Dealer","floor":20,"gold_loss":0},{"damage_healed":0,"gold_gain":0,"player_choice":"Smashed Altar","damage_taken":0,"max_hp_gain":0,"max_hp_loss":0,"event_name":"Forgotten Altar","floor":24,"gold_loss":0,"cards_obtained":["Decay"]}],"is_beta":false,"boss_relics":[{"not_picked":["Eternal Feather","HoveringKite"],"picked":"Tiny House"}],"items_purged_floors":[21],"is_endless":false,"potions_floor_spawned":[7,10,13,16,19,23],"killed_by":"Book of Stabbing","ascension_level":10}