{"gold_per_floor":[112,112,179,229,38,69,69,194,245,259,259,284,48,60,60,60],"floor_reached":16,"playtime":595,"items_purged":[],"score":237,"play_id":"bd826f05-d282-462b-bed8-601b6f94a49d","local_time":"20190709201408","is_ascension_mode":true,"campfire_choices":[{"data":"Neutralize","floor":7,"key":"SMITH"},{"floor":11,"key":"REST"},{"floor":15,"key":"REST"}],"neow_cost":"NONE","seed_source_timestamp":26397237147837,"circlet_count":0,"master_deck":["AscendersBane","Strike_G","Strike_G","Strike_G+1","Strike_G+1","Strike_G+1","Defend_G+1","Defend_G","Defend_G","Defend_G","Defend_G","Survivor+1","Neutralize+1","Dodge and Roll+1","Dagger Throw","Crippling Poison","Predator","Deflect","Tactician","Deadly Poison","Catalyst","Dagger Spray","Leg Sweep"],"relics":["Ring of the Snake","NeowsBlessing","SsserpentHead","War Paint","Whetstone","Happy Flower","Bronze Scales","Blood Vial"],"potions_floor_usage":[12,16,16,16],"damage_taken":[{"damage":0,"enemies":"Cultist","floor":1,"turns":1},{"damage":0,"enemies":"Small Slimes","floor":3,"turns":1},{"damage":0,"enemies":"Gremlin Nob","floor":6,"turns":1},{"damage":0,"enemies":"Jaw Worm","floor":10,"turns":3},{"damage":0,"enemies":"Lagavulin","floor":12,"turns":7},{"damage":18,"enemies":"Large Slime","floor":14,"turns":6},{"damage":69,"enemies":"Slime Boss","floor":16,"turns":12}],"seed_played":"4920673162443635671","potions_obtained":[{"floor":3,"key":"LiquidBronze"},{"floor":6,"key":"Poison Potion"},{"floor":12,"key":"Fire Potion"},{"floor":14,"key":"Poison Potion"}],"is_trial":false,"path_per_floor":["M","?","M","?","$","E","R","?","T","M","R","E","$","M","R","B"],"character_chosen":"THE_SILENT","items_purchased":["War Paint","Crippling Poison","Deadly Poison","Catalyst","Blood Vial","Dagger Spray"],"campfire_rested":2,"item_purchase_floors":[5,5,13,13,13,13],"current_hp_per_floor":[63,63,63,49,49,49,49,38,38,38,59,59,59,43,64,0],"gold":60,"neow_bonus":"THREE_ENEMY_KILL","is_prod":false,"is_daily":false,"chose_seed":false,"campfire_upgraded":1,"win_rate":0,"timestamp":1562717648,"path_taken":["M","?","?","?","$","E","R","?","T","M","R","E","?","M","R","BOSS"],"build_version":"2019-07-05","purchased_purges":0,"victory":false,"max_hp_per_floor":[70,70,70,70,70,70,70,70,70,70,70,70,70,70,70,70],"card_choices":[{"not_picked":["Cloak And Dagger","Flechettes"],"picked":"Dodge and Roll","floor":1},{"not_picked":["All Out Attack","Bane"],"picked":"Dagger Throw","floor":3},{"not_picked":["PiercingWail","Outmaneuver"],"picked":"Predator","floor":6},{"not_picked":["Unload","Slice"],"picked":"Deflect","floor":10},{"not_picked":["Blade Dance","Dagger Throw"],"picked":"Tactician","floor":12},{"not_picked":["Eviscerate","Heel Hook"],"picked":"Leg Sweep","floor":14}],"player_experience":487249,"relics_obtained":[{"floor":6,"key":"Whetstone"},{"floor":9,"key":"Happy Flower"},{"floor":12,"key":"Bronze Scales"}],"event_choices":[{"damage_healed":0,"gold_gain":0,"player_choice":"Trade","damage_taken":0,"relics_obtained":["SsserpentHead"],"max_hp_gain":0,"max_hp_loss":0,"event_name":"FaceTrader","floor":2,"gold_loss":0},{"damage_healed":0,"gold_gain":0,"player_choice":"Entered Light","damage_taken":14,"max_hp_gain":0,"max_hp_loss":0,"event_name":"Shining Light","floor":4,"gold_loss":0,"cards_upgraded":["Dodge and Roll","Strike_G"]},{"damage_healed":0,"gold_gain":75,"player_choice":"Gather Gold","damage_taken":11,"max_hp_gain":0,"max_hp_loss":0,"event_name":"World of Goop","floor":8,"gold_loss":0}],"is_beta":false,"boss_relics":[],"items_purged_floors":[],"is_endless":false,"potions_floor_spawned":[3,6,12,14],"killed_by":"Slime Boss","ascension_level":10}