{"gold_per_floor":[114,32,32,56,79,117,117,136,136,136,172,172,192,205,205,333,396,409,18,42,56,76,76],"floor_reached":23,"playtime":1530,"items_purged":[],"score":205,"play_id":"9bbb75b3-537c-45f7-b70c-9582e23e2ac7","local_time":"20190704220956","is_ascension_mode":false,"campfire_choices":[{"floor":7,"key":"REST"},{"data":"Cleave","floor":10,"key":"SMITH"},{"data":"Rage","floor":15,"key":"SMITH"}],"neow_cost":"NONE","seed_source_timestamp":0,"circlet_count":0,"master_deck":["Strike_R+1","Strike_R","Strike_R","Strike_R","Strike_R","Defend_R","Defend_R","Defend_R","Defend_R","Bash","Rage+1","Panacea","Twin Strike+1","Spot Weakness","Cleave+1","Iron Wave","Dropkick+1","Cleave+1","Body Slam","Heavy Blade","Reaper","Cleave","Double Tap","Shrug It Off","Flex","Armaments+1"],"special_seed":0,"relics":["Burning Blood","Dream Catcher","Golden Idol","Whetstone","Blood Vial","Ornamental Fan","Tiny House","Shuriken"],"potions_floor_usage":[16,21,22,23,23],"damage_taken":[{"damage":2.0,"enemies":"Small Slimes","floor":1.0,"turns":4.0},{"damage":13.0,"enemies":"2 Louse","floor":4.0,"turns":4.0},{"damage":0.0,"enemies":"Cultist","floor":5.0,"turns":3.0},{"damage":29.0,"enemies":"3 Sentries","floor":6.0,"turns":9.0},{"damage":11,"enemies":"Lots of Slimes","floor":8,"turns":3},{"damage":29,"enemies":"Gremlin Nob","floor":11,"turns":4},{"damage":0,"enemies":"Gremlin Gang","floor":13,"turns":2},{"damage":1,"enemies":"3 Louse","floor":14,"turns":2},{"damage":57,"enemies":"The Guardian","floor":16,"turns":10},{"damage":28,"enemies":"Shell Parasite","floor":18,"turns":5},{"damage":18,"enemies":"Spheric Guardian","floor":20,"turns":4},{"damage":25,"enemies":"Centurion and Healer","floor":21,"turns":6},{"damage":26,"enemies":"Snecko","floor":22,"turns":5},{"damage":68,"enemies":"Gremlin Leader","floor":23,"turns":4}],"seed_played":"-3279496205598396727","potions_obtained":[{"floor":4.0,"key":"Fire Potion"},{"floor":8,"key":"GamblersBrew"},{"floor":13,"key":"BloodPotion"},{"floor":14,"key":"Ancient Potion"},{"floor":17,"key":"Dexterity Potion"},{"floor":20,"key":"Poison Potion"},{"floor":22,"key":"BloodPotion"}],"is_trial":false,"path_per_floor":["M","$","?","M","M","E","R","M","T","R","E","?","M","M","R","B",null,"M","$","M","M","M","E"],"character_chosen":"IRONCLAD","items_purchased":["Panacea","Shuriken","Double Tap"],"campfire_rested":1,"item_purchase_floors":[2,19,19],"current_hp_per_floor":[80,80,60,53,59,36,60,55,55,55,34,34,42,49,49,20,85,65,65,55,58,40,0],"gold":76,"neow_bonus":"RANDOM_COMMON_RELIC","is_prod":false,"is_daily":false,"chose_seed":false,"campfire_upgraded":2,"win_rate":0.0,"timestamp":1562303396,"path_taken":["M","$","?","M","M","E","R","M","T","R","E","?","?","M","R","BOSS","M","$","?","M","?","E"],"build_version":"2019-07-01","purchased_purges":0,"victory":false,"max_hp_per_floor":[80,80,80,80,80,80,80,80,80,80,80,80,80,80,80,80,85,85,85,85,85,85,85],"card_choices":[{"not_picked":["Wild Strike","Shrug It Off"],"picked":"Rage","floor":1.0},{"not_picked":["Perfected Strike","Blood for Blood"],"picked":"Twin Strike","floor":4.0},{"not_picked":["Shrug It Off","Juggernaut"],"picked":"Spot Weakness","floor":5.0},{"not_picked":["Heavy Blade","Twin Strike"],"picked":"Cleave","floor":6.0},{"not_picked":["Battle Trance","Hemokinesis"],"picked":"Iron Wave","floor":7},{"not_picked":["Clothesline","Havoc"],"picked":"Dropkick","floor":8},{"not_picked":["Reckless Charge","Ghostly Armor"],"picked":"Cleave","floor":11},{"not_picked":["Headbutt","Pommel Strike"],"picked":"Body Slam","floor":13},{"not_picked":["Sentinel","Power Through"],"picked":"Heavy Blade","floor":14},{"not_picked":["Brutality","Double Tap"],"picked":"Reaper","floor":16},{"not_picked":["Rage","Blood for Blood"],"picked":"Cleave","floor":17},{"not_picked":["Pommel Strike","Corruption+1","Warcry"],"picked":"SKIP","floor":18},{"not_picked":["Second Wind+1","Reckless Charge"],"picked":"Shrug It Off","floor":20},{"not_picked":["Twin Strike","Spot Weakness+1"],"picked":"Flex","floor":21},{"not_picked":["Whirlwind","Iron Wave+1"],"picked":"Armaments+1","floor":22}],"player_experience":86264,"relics_obtained":[{"floor":6.0,"key":"Whetstone"},{"floor":9,"key":"Blood Vial"},{"floor":11,"key":"Ornamental Fan"}],"event_choices":[{"damage_healed":0.0,"max_hp_gain":0.0,"max_hp_loss":0.0,"gold_gain":0.0,"event_name":"Golden Idol","player_choice":"Take Damage","floor":3.0,"gold_loss":0.0,"damage_taken":20.0,"relics_obtained":["Golden Idol"]},{"damage_healed":0,"gold_gain":0,"player_choice":"Upgraded","damage_taken":0,"max_hp_gain":0,"max_hp_loss":0,"event_name":"Upgrade Shrine","floor":12,"gold_loss":0,"cards_upgraded":["Cleave"]}],"is_beta":false,"boss_relics":[{"not_picked":["Busted Crown","Runic Dome"],"picked":"Tiny House"}],"items_purged_floors":[],"is_endless":false,"potions_floor_spawned":[4,8,13,14,20,22],"killed_by":"Gremlin Leader","ascension_level":0}