{"gold_per_floor":[112,131,151,151,226,226,126,126,151,169,69,95,95,123,135,147],"floor_reached":16,"playtime":593,"items_purged":["Strike_R","Strike_R"],"score":216,"play_id":"6bc1d114-1176-4aa9-bcfc-7eef4a341fa2","local_time":"20181115214239","is_ascension_mode":true,"campfire_choices":[{"data":"Bash","floor":6,"key":"SMITH"},{"data":"True Grit","floor":8,"key":"SMITH"},{"floor":13,"key":"REST"},{"data":"Immolate","floor":15,"key":"SMITH"}],"neow_cost":"NONE","seed_source_timestamp":121481315203452,"circlet_count":0,"master_deck":["AscendersBane","Strike_R","Strike_R","Defend_R","Defend_R","Defend_R","Defend_R","Bash+1","Rampage","Power Through","True Grit+1","Headbutt","Immolate+1","Warcry"],"relics":["Burning Blood","Bag of Marbles","Potion Belt","MawBank"],"potions_floor_usage":[12,14],"damage_taken":[{"damage":11,"enemies":"Jaw Worm","floor":1,"turns":5},{"damage":0,"enemies":"2 Louse","floor":2,"turns":4},{"damage":12,"enemies":"Small Slimes","floor":3,"turns":4},{"damage":9,"enemies":"3 Louse","floor":10,"turns":5},{"damage":27,"enemies":"3 Sentries","floor":12,"turns":17},{"damage":45,"enemies":"Gremlin Nob","floor":14,"turns":5},{"damage":25,"enemies":"Slime Boss","floor":16,"turns":6}],"seed_played":"-2490438115239698871","potions_obtained":[{"floor":1,"key":"PowerPotion"},{"floor":3,"key":"Fire Potion"}],"is_trial":false,"path_per_floor":["M","M","M","?","?","R","$","R","T","M","$","E","R","E","R","B"],"character_chosen":"IRONCLAD","items_purchased":["True Grit"],"campfire_rested":1,"item_purchase_floors":[7],"current_hp_per_floor":[70,76,70,70,59,59,59,59,59,56,56,35,59,20,20,0],"gold":147,"neow_bonus":"TEN_PERCENT_HP_BONUS","is_prod":false,"is_daily":false,"chose_seed":false,"campfire_upgraded":3,"win_rate":0,"timestamp":1542336159,"path_taken":["M","M","M","?","?","R","?","R","T","M","$","E","R","E","R","BOSS"],"build_version":"2018-11-15","purchased_purges":2,"victory":false,"max_hp_per_floor":[82,82,82,82,82,82,82,82,82,82,82,82,82,82,82,82],"card_choices":[{"not_picked":["Uppercut","Infernal Blade"],"picked":"Rampage","floor":1},{"not_picked":["Anger","Blood for Blood"],"picked":"Power Through","floor":2},{"not_picked":["Anger","Flex","Heavy Blade"],"picked":"SKIP","floor":3},{"not_picked":["Corruption","Evolve"],"picked":"Headbutt","floor":10},{"not_picked":["Ghostly Armor","Rupture"],"picked":"Immolate","floor":12},{"not_picked":["Infernal Blade","Thunderclap"],"picked":"Warcry","floor":14}],"player_experience":1056335,"relics_obtained":[{"floor":9,"key":"Bag of Marbles"},{"floor":12,"key":"Potion Belt"},{"floor":14,"key":"MawBank"}],"event_choices":[{"cards_removed":["Strike_R"],"damage_healed":0,"gold_gain":0,"player_choice":"Forget","damage_taken":0,"max_hp_gain":0,"max_hp_loss":0,"event_name":"Living Wall","floor":4,"gold_loss":0},{"damage_healed":0,"gold_gain":75,"player_choice":"Gather Gold","damage_taken":11,"max_hp_gain":0,"max_hp_loss":0,"event_name":"World of Goop","floor":5,"gold_loss":0}],"is_beta":false,"boss_relics":[],"items_purged_floors":[7,11],"is_endless":false,"potions_floor_spawned":[1,3,10],"killed_by":"Slime Boss","ascension_level":20}