{"gold_per_floor":[117,117,128,128,0,0,10,10,10,10,41,59,59,72,72,144,144,159,159,174,174],"floor_reached":21,"playtime":648,"items_purged":["Strike_R"],"score":358,"play_id":"1584055d-528e-4bbf-b99c-dadcfada3e0b","local_time":"20181122105340","is_ascension_mode":true,"campfire_choices":[{"data":"Inflame","floor":6,"key":"SMITH"},{"data":"Cleave","floor":8,"key":"SMITH"},{"data":"Bash","floor":10,"key":"SMITH"},{"data":"Rupture","floor":15,"key":"SMITH"}],"neow_cost":"TEN_PERCENT_HP_LOSS","seed_source_timestamp":128559438255308,"circlet_count":0,"master_deck":["AscendersBane","Strike_R+1","Strike_R+1","Defend_R","Defend_R","Defend_R","Defend_R","Bash+1","Inflame+1","Armaments","Shrug It Off","Cleave+1","Rupture+1","Combust","Corruption","Dark Embrace","Body Slam","Ghostly Armor","Demon Form","Sword Boomerang"],"relics":["Burning Blood","Bird Faced Urn","Turnip","Matryoshka","Runic Dome"],"potions_floor_usage":[16],"damage_taken":[{"damage":6,"enemies":"Cultist","floor":1,"turns":3},{"damage":3,"enemies":"2 Louse","floor":3,"turns":3},{"damage":0,"enemies":"Jaw Worm","floor":7,"turns":4},{"damage":32,"enemies":"Gremlin Nob","floor":11,"turns":4},{"damage":4,"enemies":"Looter","floor":12,"turns":4},{"damage":10,"enemies":"3 Louse","floor":14,"turns":2},{"damage":50,"enemies":"The Guardian","floor":16,"turns":13},{"damage":32,"enemies":"Chosen","floor":18,"turns":6},{"damage":29,"enemies":"2 Thieves","floor":20,"turns":5},{"damage":34,"enemies":"Snecko","floor":21,"turns":3}],"seed_played":"-1426965776556052521","potions_obtained":[{"floor":3,"key":"Energy Potion"},{"floor":7,"key":"LiquidBronze"},{"floor":12,"key":"Weak Potion"},{"floor":16,"key":"Swift Potion"}],"is_trial":false,"path_per_floor":["M","?","M","?","$","R","M","R","T","R","E","M","?","M","R","B",null,"M","?","M","M"],"character_chosen":"IRONCLAD","items_purchased":["Shrug It Off"],"campfire_rested":0,"item_purchase_floors":[5],"current_hp_per_floor":[68,48,51,51,51,51,59,59,59,59,35,41,46,46,46,8,57,39,39,26,0],"gold":174,"neow_bonus":"ONE_RARE_RELIC","is_prod":false,"is_daily":false,"chose_seed":false,"campfire_upgraded":4,"win_rate":0,"timestamp":1542902020,"path_taken":["M","?","M","?","?","R","M","R","T","R","E","M","?","M","R","BOSS","M","?","M","M"],"build_version":"2018-11-15","purchased_purges":1,"victory":false,"max_hp_per_floor":[68,68,68,68,68,68,68,68,68,68,68,68,73,73,73,73,73,73,73,73,73],"card_choices":[{"not_picked":["Clothesline","Wild Strike"],"picked":"Inflame","floor":1},{"not_picked":["Intimidate","Entrench"],"picked":"Armaments","floor":3},{"not_picked":["Flex","Burning Pact"],"picked":"Cleave","floor":7},{"not_picked":["Spot Weakness","Flex"],"picked":"Rupture","floor":11},{"not_picked":["Burning Pact","Carnage"],"picked":"Combust","floor":12},{"not_picked":["Entrench","Iron Wave"],"picked":"Corruption","floor":14},{"not_picked":["Impervious","Demon Form"],"picked":"Dark Embrace","floor":16},{"not_picked":["Clothesline","Cleave+1"],"picked":"Body Slam","floor":18},{"not_picked":["Body Slam","Spot Weakness"],"picked":"Sword Boomerang","floor":20}],"player_experience":1132920,"relics_obtained":[{"floor":9,"key":"Turnip"},{"floor":11,"key":"Matryoshka"}],"event_choices":[{"damage_healed":0,"gold_gain":0,"player_choice":"Entered Light","damage_taken":20,"max_hp_gain":0,"max_hp_loss":0,"event_name":"Shining Light","floor":2,"gold_loss":0,"cards_upgraded":["Strike_R","Strike_R"]},{"damage_healed":0,"gold_gain":0,"player_choice":"Ignored","damage_taken":0,"max_hp_gain":0,"max_hp_loss":0,"event_name":"Liars Game","floor":4,"gold_loss":0},{"damage_healed":0,"gold_gain":0,"player_choice":"Donut","damage_taken":0,"max_hp_gain":5,"max_hp_loss":0,"event_name":"Big Fish","floor":13,"gold_loss":0},{"damage_healed":0,"gold_gain":0,"cards_transformed":["Strike_R","Strike_R"],"player_choice":"Became Test Subject","damage_taken":0,"max_hp_gain":0,"max_hp_loss":0,"event_name":"Drug Dealer","floor":19,"gold_loss":0,"cards_obtained":["Ghostly Armor","Demon Form"]}],"is_beta":false,"boss_relics":[{"not_picked":["Pandora\u0027s Box","White Beast Statue"],"picked":"Runic Dome"}],"items_purged_floors":[5],"is_endless":false,"potions_floor_spawned":[3,7,12,16,20],"killed_by":"Snecko","ascension_level":20}