{"gold_per_floor":[111,126,126,51,131,160,160,310,310,310,330,4,4,19,19,19],"floor_reached":16,"playtime":420,"items_purged":["Doubt"],"score":246,"play_id":"13719052-76a4-4015-81f1-d52ad14a240d","local_time":"20181130123230","is_ascension_mode":true,"campfire_choices":[{"data":"Dualcast","floor":7,"key":"SMITH"},{"floor":13,"key":"REST"},{"data":"All For One","floor":15,"key":"SMITH"}],"neow_cost":"NONE","seed_source_timestamp":430456226834454,"circlet_count":0,"master_deck":["AscendersBane","Strike_B","Strike_B","Strike_B+1","Defend_B","Defend_B","Defend_B","Defend_B","Zap+1","Dualcast+1","Compile Driver","Compile Driver","All For One+1","Conserve Battery+1","Impatience+1","Leap+1","Hologram+1","Redo+1"],"relics":["Cracked Core","NeowsBlessing","Kunai","Toxic Egg 2","Sundial","Dream Catcher","Membership Card"],"potions_floor_usage":[16,16],"damage_taken":[{"damage":0,"enemies":"Jaw Worm","floor":1,"turns":1},{"damage":0,"enemies":"2 Louse","floor":2,"turns":1},{"damage":0,"enemies":"3 Sentries","floor":6,"turns":1},{"damage":8,"enemies":"Small Slimes","floor":11,"turns":2},{"damage":0,"enemies":"Blue Slaver","floor":14,"turns":2},{"damage":42,"enemies":"Slime Boss","floor":16,"turns":8}],"seed_played":"8119357539971500218","potions_obtained":[{"floor":11,"key":"SteroidPotion"},{"floor":14,"key":"GamblersBrew"}],"is_trial":false,"path_per_floor":["M","M","?","?","T","E","R","?","T","?","M","$","R","M","R","B"],"character_chosen":"DEFECT","items_purchased":["Membership Card","Impatience+1","Leap+1"],"campfire_rested":1,"item_purchase_floors":[12,12,12],"current_hp_per_floor":[64,64,43,43,43,43,43,43,43,17,9,9,30,30,30,0],"gold":19,"neow_bonus":"THREE_ENEMY_KILL","is_prod":false,"is_daily":false,"chose_seed":false,"campfire_upgraded":2,"win_rate":0,"timestamp":1543599150,"path_taken":["M","M","?","?","?","E","R","?","T","?","M","?","R","M","R","BOSS"],"build_version":"2018-11-15","purchased_purges":1,"victory":false,"max_hp_per_floor":[71,71,71,71,71,71,71,71,71,71,71,71,71,71,71,71],"card_choices":[{"not_picked":["Leap","Chill"],"picked":"Compile Driver","floor":1},{"not_picked":["Skim","FTL"],"picked":"Compile Driver","floor":2},{"not_picked":["Undo","Consume"],"picked":"All For One","floor":6},{"not_picked":["Rebound","Ball Lightning"],"picked":"Conserve Battery+1","floor":11},{"not_picked":["Ball Lightning","Leap+1"],"picked":"Hologram+1","floor":13},{"not_picked":["Steam+1","Auto Shields+1"],"picked":"Redo+1","floor":14}],"player_experience":1211920,"relics_obtained":[{"floor":5,"key":"Kunai"},{"floor":6,"key":"Toxic Egg 2"},{"floor":9,"key":"Sundial"}],"event_choices":[{"damage_healed":0,"gold_gain":0,"player_choice":"Entered Light","damage_taken":21,"max_hp_gain":0,"max_hp_loss":0,"event_name":"Shining Light","floor":3,"gold_loss":0,"cards_upgraded":["Zap","Strike_B"]},{"cards_removed":["Strike_B"],"damage_healed":0,"gold_gain":0,"player_choice":"Card Removal","damage_taken":0,"max_hp_gain":0,"max_hp_loss":0,"event_name":"The Cleric","floor":4,"gold_loss":75},{"damage_healed":0,"gold_gain":150,"player_choice":"AGREE","damage_taken":0,"max_hp_gain":0,"max_hp_loss":0,"event_name":"Liars Game","floor":8,"gold_loss":0,"cards_obtained":["Doubt"]},{"damage_healed":0,"gold_gain":0,"player_choice":"Success","damage_taken":26,"relics_obtained":["Dream Catcher"],"max_hp_gain":0,"max_hp_loss":0,"event_name":"Scrap Ooze","floor":10,"gold_loss":0}],"is_beta":false,"boss_relics":[],"items_purged_floors":[12],"is_endless":false,"potions_floor_spawned":[11,14],"killed_by":"Slime Boss","ascension_level":20}