{"gold_per_floor":[115,134,145,161,161,188,188,218,290,290],"floor_reached":10,"playtime":474,"items_purged":[],"score":156,"play_id":"898ce67a-7ca1-436a-894f-25adbeb5a48c","local_time":"20181025122437","is_ascension_mode":true,"campfire_choices":[{"floor":7,"key":"REST"}],"neow_cost":"NONE","seed_source_timestamp":577166994590737,"circlet_count":0,"master_deck":["Defend_G","Defend_G","Defend_G","Defend_G","Defend_G","Strike_G","Strike_G","Strike_G","Strike_G","Strike_G","Survivor","Neutralize","AscendersBane","Deep Breath","Backstab","Heel Hook","Poisoned Stab","Caltrops","Pain","Backflip","Noxious Fumes"],"relics":["Ring of the Snake","WarpedTongs","Ornamental Fan","Nunchaku","Bottled Tornado"],"potions_floor_usage":[6,6],"damage_taken":[{"damage":0,"enemies":"Cultist","floor":1,"turns":4},{"damage":1,"enemies":"2 Louse","floor":2,"turns":4},{"damage":0,"enemies":"Jaw Worm","floor":3,"turns":6},{"damage":13,"enemies":"Large Slime","floor":4,"turns":7},{"damage":34,"enemies":"Gremlin Nob","floor":6,"turns":4},{"damage":24,"enemies":"Lagavulin","floor":8,"turns":9},{"damage":6,"enemies":"3 Sentries","floor":10,"turns":2}],"seed_played":"-3861248503275504482","potions_obtained":[{"floor":2,"key":"SteroidPotion"},{"floor":3,"key":"Ancient Potion"}],"is_trial":false,"path_per_floor":["M","M","M","M","?","E","R","E","T"],"character_chosen":"THE_SILENT","items_purchased":[],"campfire_rested":1,"item_purchase_floors":[],"current_hp_per_floor":[59,58,58,45,45,11,30,6,6,0],"gold":290,"neow_bonus":"RANDOM_COLORLESS","is_prod":false,"is_daily":false,"chose_seed":false,"campfire_upgraded":0,"win_rate":0,"timestamp":1540484677,"path_taken":["M","?","?","M","?","E","R","E","T","E"],"build_version":"2018-10-18","purchased_purges":0,"victory":false,"max_hp_per_floor":[66,66,66,66,66,66,66,66,66,66],"card_choices":[{"not_picked":["Cloak And Dagger","Dagger Throw"],"picked":"Backstab","floor":1},{"not_picked":["Dagger Spray","Backflip"],"picked":"Heel Hook","floor":2},{"not_picked":["Dagger Spray","Concentrate"],"picked":"Poisoned Stab","floor":3},{"not_picked":["Reflex","Acrobatics"],"picked":"Caltrops","floor":4},{"not_picked":["Acrobatics","Tools of the Trade"],"picked":"Backflip","floor":6},{"not_picked":["Blade Dance","Setup"],"picked":"Noxious Fumes","floor":8}],"player_experience":975958,"relics_obtained":[{"floor":6,"key":"Ornamental Fan"},{"floor":8,"key":"Nunchaku"},{"floor":9,"key":"Bottled Tornado"}],"event_choices":[{"damage_healed":0,"gold_gain":0,"player_choice":"Rummage","damage_taken":0,"relics_obtained":["WarpedTongs"],"max_hp_gain":0,"max_hp_loss":0,"event_name":"Accursed Blacksmith","floor":5,"gold_loss":0,"cards_obtained":["Pain"]}],"is_beta":false,"boss_relics":[],"items_purged_floors":[],"is_endless":false,"potions_floor_spawned":[2,3],"killed_by":"3 Sentries","ascension_level":20}