{"gold_per_floor":[118,118,118,134,134,167,65,92,92,106,106,116,116,134,134,208,208,226,226,276,295,308,308,325,358,358,179,192,203,53,53,53,53],"floor_reached":33,"playtime":1694,"items_purged":["Strike_B","Pain"],"score":513,"play_id":"d91d8a2c-eee0-4d76-baad-159329432625","local_time":"20190719080605","is_ascension_mode":true,"campfire_choices":[{"floor":11,"key":"REST"},{"data":"Consume","floor":13,"key":"SMITH"},{"floor":15,"key":"REST"},{"floor":23,"key":"REST"},{"floor":32,"key":"REST"}],"neow_cost":"NONE","seed_source_timestamp":0,"circlet_count":0,"master_deck":["AscendersBane","Strike_B","Strike_B","Strike_B","Defend_B","Defend_B","Defend_B","Defend_B+1","Zap+1","Dualcast+1","Conserve Battery","Blind","Cold Snap","Doom and Gloom","Ball Lightning","Consume+1","Genetic Algorithm","FTL","Electrodynamics","Tempest","Reinforced Body","Self Repair","Loop","Heatsinks"],"special_seed":0,"relics":["Cracked Core","NeowsBlessing","Mummified Hand","War Paint","Ornamental Fan","Bag of Marbles","Cursed Key","Du-Vu Doll","Art of War"],"potions_floor_usage":[8,16,21,25,33],"damage_taken":[{"damage":0,"enemies":"2 Louse","floor":1,"turns":1},{"damage":0,"enemies":"Small Slimes","floor":4,"turns":1},{"damage":0,"enemies":"3 Sentries","floor":6,"turns":1},{"damage":23,"enemies":"Lagavulin","floor":8,"turns":5},{"damage":0,"enemies":"Cultist","floor":10,"turns":3},{"damage":0,"enemies":"3 Louse","floor":12,"turns":1},{"damage":12,"enemies":"Exordium Thugs","floor":14,"turns":3},{"damage":19,"enemies":"Slime Boss","floor":16,"turns":10},{"damage":0,"enemies":"Spheric Guardian","floor":18,"turns":3},{"damage":0,"enemies":"Chosen","floor":21,"turns":4},{"damage":13,"enemies":"Sentry and Sphere","floor":22,"turns":4},{"damage":3,"enemies":"Snecko","floor":24,"turns":5},{"damage":36,"enemies":"Slavers","floor":25,"turns":5},{"damage":11,"enemies":"Centurion and Healer","floor":28,"turns":5},{"damage":21,"enemies":"Cultist and Chosen","floor":29,"turns":6},{"damage":59,"enemies":"Champ","floor":33,"turns":9}],"seed_played":"7841054466302202612","potions_obtained":[{"floor":1,"key":"Strength Potion"},{"floor":12,"key":"Strength Potion"},{"floor":14,"key":"FairyPotion"},{"floor":16,"key":"SkillPotion"},{"floor":22,"key":"Weak Potion"},{"floor":25,"key":"Dexterity Potion"}],"is_trial":false,"path_per_floor":["M","?","?","M","?","E","$","E","T","M","R","M","R","M","R","B",null,"M","?","?","M","M","R","M","E","T","$","M","M","$","?","R","B"],"character_chosen":"DEFECT","items_purchased":["Ball Lightning","Loop","Art of War"],"campfire_rested":4,"item_purchase_floors":[7,27,30],"current_hp_per_floor":[64,64,64,64,52,52,52,29,29,29,50,50,50,38,59,40,63,63,50,50,50,37,59,56,20,20,20,16,14,14,14,36,0],"gold":53,"neow_bonus":"THREE_ENEMY_KILL","is_prod":false,"is_daily":false,"chose_seed":false,"campfire_upgraded":1,"win_rate":0,"timestamp":1563537965,"path_taken":["M","?","?","?","?","E","?","E","T","M","R","M","R","?","R","BOSS","M","?","?","M","M","R","?","E","T","$","M","M","$","?","R","BOSS"],"build_version":"2019-07-17","purchased_purges":2,"victory":false,"max_hp_per_floor":[71,71,71,71,71,71,71,71,71,71,71,71,71,71,71,71,71,71,76,76,76,76,76,76,76,76,76,76,76,76,76,76,76],"card_choices":[{"not_picked":["White Noise","Stack"],"picked":"Conserve Battery","floor":1},{"not_picked":["Stack","Go for the Eyes"],"picked":"Cold Snap","floor":4},{"not_picked":["Meteor Strike","Coolheaded"],"picked":"Doom and Gloom","floor":6},{"not_picked":["Steam","Tempest"],"picked":"Consume","floor":8},{"not_picked":["Self Repair","Steam"],"picked":"Genetic Algorithm","floor":10},{"not_picked":["Turbo","Steam Power"],"picked":"FTL","floor":12},{"not_picked":["Doom and Gloom","Sweeping Beam","Blizzard"],"picked":"SKIP","floor":14},{"not_picked":["Machine Learning","Buffer"],"picked":"Electrodynamics","floor":16},{"not_picked":["Sunder","Sweeping Beam","Rebound"],"picked":"SKIP","floor":18},{"not_picked":["Rebound","Coolheaded"],"picked":"Tempest","floor":21},{"not_picked":["Auto Shields","Gash"],"picked":"Reinforced Body","floor":22},{"not_picked":["Double Energy","Skim","Gash"],"picked":"SKIP","floor":24},{"not_picked":["Cold Snap","Gash"],"picked":"Self Repair","floor":25},{"not_picked":["Gash","Sweeping Beam","Steam"],"picked":"SKIP","floor":28},{"not_picked":["Undo","Hologram"],"picked":"Heatsinks","floor":29}],"player_experience":550242,"relics_obtained":[{"floor":6,"key":"War Paint"},{"floor":8,"key":"Ornamental Fan"},{"floor":9,"key":"Bag of Marbles"},{"floor":25,"key":"Du-Vu Doll"}],"event_choices":[{"damage_healed":0,"gold_gain":0,"player_choice":"Grow","damage_taken":0,"max_hp_gain":0,"max_hp_loss":0,"event_name":"Living Wall","floor":2,"gold_loss":0,"cards_upgraded":["Zap"]},{"damage_healed":0,"gold_gain":0,"player_choice":"1 cards matched","damage_taken":0,"max_hp_gain":0,"max_hp_loss":0,"event_name":"Match and Keep!","floor":3,"gold_loss":0,"cards_obtained":["Blind"]},{"damage_healed":0,"gold_gain":0,"player_choice":"Success","damage_taken":12,"relics_obtained":["Mummified Hand"],"max_hp_gain":0,"max_hp_loss":0,"event_name":"Scrap Ooze","floor":5,"gold_loss":0},{"damage_healed":0,"gold_gain":0,"player_choice":"Shed Blood","damage_taken":18,"max_hp_gain":5,"max_hp_loss":0,"event_name":"Forgotten Altar","floor":19,"gold_loss":0},{"damage_healed":0,"gold_gain":100,"player_choice":"Bet on Murderer","damage_taken":0,"max_hp_gain":0,"max_hp_loss":0,"event_name":"The Joust","floor":20,"gold_loss":50},{"damage_healed":0,"gold_gain":0,"player_choice":"Ignored","damage_taken":0,"max_hp_gain":0,"max_hp_loss":0,"event_name":"Cursed Tome","floor":31,"gold_loss":0}],"is_beta":false,"boss_relics":[{"not_picked":["Runic Pyramid","Eternal Feather"],"picked":"Cursed Key"}],"items_purged_floors":[7,27],"is_endless":false,"potions_floor_spawned":[1,12,14,16,22,25,28],"killed_by":"Champ","ascension_level":14}