{"gold_per_floor":[112,128,128,144,144,173,173,187,487,562,562,49,59,59,59,59],"floor_reached":16,"playtime":717,"items_purged":["Pummel"],"score":200,"play_id":"0a127af6-0e6a-4113-8fb3-dcd532762d72","local_time":"20181117133331","is_ascension_mode":true,"campfire_choices":[{"data":"Armaments","floor":7,"key":"SMITH"},{"data":"Bash","floor":11,"key":"SMITH"},{"floor":15,"key":"REST"}],"neow_cost":"NONE","seed_source_timestamp":264817881664263,"circlet_count":0,"master_deck":["AscendersBane","Strike_R","Strike_R","Strike_R","Defend_R","Defend_R","Defend_R","Defend_R","Bash+1","Pommel Strike","Perfected Strike","Armaments+1","Wild Strike","Wild Strike","Shrug It Off","Feel No Pain","Body Slam","Shrug It Off","Decay"],"relics":["Burning Blood","Turnip","Old Coin","Ornamental Fan"],"potions_floor_usage":[6,6,13,16,16],"damage_taken":[{"damage":15,"enemies":"Small Slimes","floor":1,"turns":6},{"damage":6,"enemies":"Cultist","floor":2,"turns":3},{"damage":2,"enemies":"Jaw Worm","floor":4,"turns":3},{"damage":35,"enemies":"3 Sentries","floor":6,"turns":10},{"damage":12,"enemies":"Looter","floor":8,"turns":3},{"damage":27,"enemies":"Gremlin Gang","floor":13,"turns":7},{"damage":35,"enemies":"The Guardian","floor":16,"turns":14}],"seed_played":"-7145195362682598811","potions_obtained":[{"floor":1,"key":"Strength Potion"},{"floor":2,"key":"Regen Potion"},{"floor":8,"key":"EntropicBrew"}],"is_trial":false,"path_per_floor":["M","M","?","M","?","E","R","M","T","?","R","$","M","?","R","B"],"character_chosen":"IRONCLAD","items_purchased":["Shrug It Off","Feel No Pain","Ornamental Fan","Body Slam"],"campfire_rested":1,"item_purchase_floors":[12,12,12,12],"current_hp_per_floor":[66,66,59,63,63,49,49,43,43,32,32,32,11,11,35,0],"gold":59,"neow_bonus":"TEN_PERCENT_HP_BONUS","is_prod":false,"is_daily":false,"chose_seed":false,"campfire_upgraded":2,"win_rate":0,"timestamp":1542479611,"path_taken":["M","M","?","M","?","E","R","?","T","?","R","$","M","?","R","BOSS"],"build_version":"2018-11-15","purchased_purges":1,"victory":false,"max_hp_per_floor":[82,82,82,82,82,82,82,82,82,82,82,82,82,82,82,82],"card_choices":[{"not_picked":["Heavy Blade","Infernal Blade"],"picked":"Pommel Strike","floor":1},{"not_picked":["Warcry","Infernal Blade"],"picked":"Perfected Strike","floor":2},{"not_picked":["Burning Pact","Rupture"],"picked":"Armaments","floor":4},{"not_picked":["Infernal Blade","Reckless Charge"],"picked":"Wild Strike","floor":6},{"not_picked":["Cleave","Berserk"],"picked":"Wild Strike","floor":8},{"not_picked":["Warcry","Cleave"],"picked":"Shrug It Off","floor":13}],"player_experience":1088231,"relics_obtained":[{"floor":6,"key":"Turnip"},{"floor":9,"key":"Old Coin"}],"event_choices":[{"cards_removed":["Strike_R"],"damage_healed":0,"gold_gain":0,"player_choice":"Card Removal","damage_taken":7,"max_hp_gain":0,"max_hp_loss":0,"event_name":"Golden Wing","floor":3,"gold_loss":0},{"damage_healed":0,"gold_gain":0,"cards_transformed":["Strike_R"],"player_choice":"Transformed","damage_taken":0,"max_hp_gain":0,"max_hp_loss":0,"event_name":"Transmorgrifier","floor":5,"gold_loss":0,"cards_obtained":["Pummel"]},{"damage_healed":0,"gold_gain":75,"player_choice":"Gather Gold","damage_taken":11,"max_hp_gain":0,"max_hp_loss":0,"event_name":"World of Goop","floor":10,"gold_loss":0},{"damage_healed":0,"gold_gain":0,"player_choice":"Cursed","damage_taken":0,"max_hp_gain":0,"max_hp_loss":0,"event_name":"Wheel of Change","floor":14,"gold_loss":0,"cards_obtained":["Decay"]}],"is_beta":false,"boss_relics":[],"items_purged_floors":[12],"is_endless":false,"potions_floor_spawned":[1,2,8],"killed_by":"The Guardian","ascension_level":20}