{"gold_per_floor":[111,111,111,36,36,36,56,56,56,69,69,69,92,133,133,133],"floor_reached":16,"playtime":632,"items_purged":["Strike_G"],"score":108,"play_id":"93094262-46ff-4f04-b2bb-8cb7927a125c","local_time":"20190717034110","is_ascension_mode":true,"campfire_choices":[{"data":"Neutralize","floor":6,"key":"SMITH"},{"data":"Outmaneuver","floor":8,"key":"SMITH"},{"data":"Defend_G","floor":11,"key":"SMITH"},{"floor":15,"key":"REST"}],"neow_cost":"NONE","seed_source_timestamp":40678203661617,"circlet_count":0,"master_deck":["Strike_G","Strike_G","Strike_G","Strike_G","Defend_G","Defend_G","Defend_G","Defend_G","Defend_G+1","Survivor","Neutralize+1","Outmaneuver+1","Backflip","Dagger Spray"],"relics":["Ring of the Snake","Golden Idol","Question Card","Smiling Mask"],"potions_floor_usage":[13,14,16],"damage_taken":[{"damage":5,"enemies":"Small Slimes","floor":1,"turns":6},{"damage":1,"enemies":"Jaw Worm","floor":7,"turns":5},{"damage":9,"enemies":"2 Louse","floor":10,"turns":3},{"damage":6,"enemies":"Large Slime","floor":13,"turns":8},{"damage":20,"enemies":"Lagavulin","floor":14,"turns":11},{"damage":57,"enemies":"The Guardian","floor":16,"turns":10}],"seed_played":"2326800431319245503","potions_obtained":[{"floor":7,"key":"EssenceOfSteel"},{"floor":10,"key":"AttackPotion"},{"floor":13,"key":"Swift Potion"}],"is_trial":false,"path_per_floor":["M","?","?","$","$","R","M","R","T","M","R","$","M","E","R","B"],"character_chosen":"THE_SILENT","items_purchased":[],"campfire_rested":1,"item_purchase_floors":[],"current_hp_per_floor":[72,71,71,71,71,71,70,70,70,61,61,61,55,35,56,0],"gold":133,"neow_bonus":"TEN_PERCENT_HP_BONUS","is_prod":false,"is_daily":false,"chose_seed":false,"campfire_upgraded":3,"win_rate":0,"timestamp":1563352870,"path_taken":["M","?","?","?","$","R","M","R","T","M","R","$","M","E","R","BOSS"],"build_version":"2019-07-05","purchased_purges":1,"victory":false,"max_hp_per_floor":[77,71,71,71,71,71,71,71,71,71,71,71,71,71,71,71],"card_choices":[{"not_picked":["Flying Knee","Prepared","Dodge and Roll"],"picked":"SKIP","floor":1},{"not_picked":["Prepared","Blade Dance"],"picked":"Outmaneuver","floor":7},{"not_picked":["Flechettes","Flying Knee","Infinite Blades","Underhanded Strike"],"picked":"SKIP","floor":10},{"not_picked":["Bullet Time","Calculated Gamble","Flying Knee"],"picked":"Backflip","floor":13},{"not_picked":["Wraith Form v2","Dagger Throw","Outmaneuver"],"picked":"Dagger Spray","floor":14}],"player_experience":116827,"relics_obtained":[{"floor":9,"key":"Question Card"},{"floor":14,"key":"Smiling Mask"}],"event_choices":[{"damage_healed":0,"gold_gain":0,"player_choice":"Lose Max HP","damage_taken":0,"relics_obtained":["Golden Idol"],"max_hp_gain":0,"max_hp_loss":6,"event_name":"Golden Idol","floor":2,"gold_loss":0},{"damage_healed":0,"gold_gain":0,"player_choice":"Ignored","damage_taken":0,"max_hp_gain":0,"max_hp_loss":0,"event_name":"Shining Light","floor":3,"gold_loss":0}],"is_beta":false,"boss_relics":[],"items_purged_floors":[4],"is_endless":false,"potions_floor_spawned":[7,10,13],"killed_by":"The Guardian","ascension_level":2}