{"gold_per_floor":[110,110,128,142,28,28,56,56,56,74,100,100,100,125,125,203,203,217,230,240,250,250,250,278,291,291,316,316,343,343,355,355,355],"floor_reached":33,"playtime":2081,"items_purged":["Strike_G"],"score":650,"play_id":"594cfced-0b50-4a9c-9302-b09c414a2ea2","local_time":"20181115231938","is_ascension_mode":true,"campfire_choices":[{"data":"Neutralize","floor":6.0,"key":"SMITH"},{"floor":8.0,"key":"REST"},{"floor":13,"key":"REST"},{"floor":15,"key":"REST"},{"data":"Footwork","floor":23,"key":"SMITH"},{"data":"Wraith Form v2","floor":28,"key":"SMITH"},{"data":"Footwork","floor":30,"key":"SMITH"},{"data":"Leg Sweep","floor":32,"key":"SMITH"}],"neow_cost":"NONE","seed_source_timestamp":125800071546661,"circlet_count":0,"master_deck":["AscendersBane","Defend_G+1","Defend_G+1","Defend_G+1","Defend_G+1","Defend_G+1","Strike_G+1","Strike_G+1","Strike_G+1","Strike_G+1","Survivor","Neutralize+1","Flying Knee","Corpse Explosion","PiercingWail","Sucker Punch","Well Laid Plans","Unload","Dash+1","Escape Plan","Dash+1","Backflip","Bullet Time","Footwork+1","Deflect","Footwork+1","Backflip","Leg Sweep+1","Backstab","Wraith Form v2+1","Escape Plan","Deflect","Endless Agony+1","Predator+1"],"special_seed":0,"relics":["Ring of the Snake","Prayer Wheel","Sundial","Bird Faced Urn","Coffee Dripper","Whetstone","Molten Egg 2","Happy Flower","Ice Cream"],"potions_floor_usage":[18,24,24,27,33,33],"damage_taken":[{"damage":0.0,"enemies":"2 Louse","floor":1.0,"turns":4.0},{"damage":0.0,"enemies":"Cultist","floor":3.0,"turns":4.0},{"damage":14.0,"enemies":"Jaw Worm","floor":4.0,"turns":5.0},{"damage":33.0,"enemies":"Lagavulin","floor":7.0,"turns":9.0},{"damage":0.0,"enemies":"Lots of Slimes","floor":10.0,"turns":2.0},{"damage":34.0,"enemies":"Gremlin Nob","floor":11.0,"turns":5.0},{"damage":10,"enemies":"Lagavulin","floor":14,"turns":8},{"damage":36,"enemies":"Hexaghost","floor":16,"turns":15},{"damage":9,"enemies":"2 Thieves","floor":18,"turns":3},{"damage":0,"enemies":"3 Byrds","floor":19,"turns":4},{"damage":10,"enemies":"Snecko","floor":20,"turns":9},{"damage":0,"enemies":"Snake Plant","floor":21,"turns":6},{"damage":21,"enemies":"Book of Stabbing","floor":24,"turns":9},{"damage":9,"enemies":"Centurion and Healer","floor":25,"turns":5},{"damage":9,"enemies":"Slavers","floor":27,"turns":6},{"damage":12,"enemies":"Book of Stabbing","floor":29,"turns":8},{"damage":12,"enemies":"Cultist and Chosen","floor":31,"turns":7},{"damage":59,"enemies":"Collector","floor":33,"turns":14}],"seed_played":"664890835942826076","potions_obtained":[{"floor":3.0,"key":"EssenceOfSteel"},{"floor":11.0,"key":"Explosive Potion"},{"floor":14,"key":"Dexterity Potion"},{"floor":20,"key":"PowerPotion"},{"floor":24,"key":"Explosive Potion"},{"floor":25,"key":"Ancient Potion"},{"floor":31,"key":"Weak Potion"}],"is_trial":false,"path_per_floor":["M","?","M","M","$","R","E","R","T","M","E","?","R","E","R","B",null,"M","M","M","M","?","R","E","M","T","E","R","E","R","M","R","B"],"character_chosen":"THE_SILENT","items_purchased":["Well Laid Plans"],"campfire_rested":3,"item_purchase_floors":[5],"current_hp_per_floor":[65,65,65,51,51,51,18,39,39,39,5,5,26,18,39,5,55,46,50,46,52,52,52,39,36,36,33,33,29,29,23,23,0],"gold":355,"neow_bonus":"TEN_PERCENT_HP_BONUS","is_prod":false,"is_daily":false,"chose_seed":false,"campfire_upgraded":5,"win_rate":0,"timestamp":1542341978,"path_taken":["M","?","M","M","$","R","E","R","T","?","E","?","R","E","R","BOSS","M","?","M","M","?","R","E","M","T","E","R","E","R","M","R","BOSS"],"build_version":"2018-11-15","purchased_purges":1,"victory":false,"max_hp_per_floor":[72,72,72,72,72,72,72,72,72,72,72,72,72,72,72,72,72,72,72,72,72,72,72,72,72,72,72,72,72,72,72,72,72],"card_choices":[{"not_picked":["Blade Dance","Accuracy"],"picked":"Flying Knee","floor":1.0},{"not_picked":["Underhanded Strike","Bouncing Flask"],"picked":"PiercingWail","floor":3.0},{"not_picked":["Backflip","Flying Knee"],"picked":"Sucker Punch","floor":4.0},{"not_picked":["PiercingWail","Backflip"],"picked":"Unload","floor":7.0},{"not_picked":["Calculated Gamble","Underhanded Strike"],"picked":"Dash","floor":10.0},{"not_picked":["Cloak And Dagger","Deflect"],"picked":"Escape Plan","floor":10.0},{"not_picked":["Bane","Dagger Spray"],"picked":"Dash","floor":11.0},{"not_picked":["Poisoned Stab","Accuracy"],"picked":"Backflip","floor":14},{"not_picked":["Venomology","Burst"],"picked":"Bullet Time","floor":16},{"not_picked":["Acrobatics","Cloak And Dagger"],"picked":"Footwork","floor":18},{"not_picked":["Sucker Punch","Outmaneuver"],"picked":"Deflect","floor":18},{"not_picked":["Dagger Throw+1","PiercingWail"],"picked":"Footwork","floor":19},{"not_picked":["Heel Hook","Setup"],"picked":"Backflip","floor":19},{"not_picked":["Bane","Sucker Punch","Catalyst"],"picked":"SKIP","floor":20},{"not_picked":["Dagger Throw","Flying Knee","Slice"],"picked":"SKIP","floor":20},{"not_picked":["PiercingWail","Reflex"],"picked":"Leg Sweep","floor":21},{"not_picked":["Cloak And Dagger","Prepared"],"picked":"Backstab","floor":21},{"not_picked":["Bane","Terror"],"picked":"Wraith Form v2","floor":24},{"not_picked":["Distraction","Acrobatics"],"picked":"Escape Plan","floor":25},{"not_picked":["Quick Slash","Calculated Gamble"],"picked":"Deflect","floor":25},{"not_picked":["Bane+1","Prepared"],"picked":"Endless Agony+1","floor":27},{"not_picked":["Deadly Poison","Caltrops","Dagger Throw+1"],"picked":"SKIP","floor":29},{"not_picked":["Prepared","Doppelganger"],"picked":"Predator+1","floor":31},{"not_picked":["Dagger Throw+1","Flying Knee+1","Endless Agony+1"],"picked":"SKIP","floor":31}],"player_experience":1060584,"relics_obtained":[{"floor":7.0,"key":"Prayer Wheel"},{"floor":9.0,"key":"Sundial"},{"floor":11.0,"key":"Bird Faced Urn"},{"floor":24,"key":"Whetstone"},{"floor":26,"key":"Molten Egg 2"},{"floor":27,"key":"Happy Flower"},{"floor":29,"key":"Ice Cream"}],"event_choices":[{"damage_healed":0.0,"max_hp_gain":0.0,"max_hp_loss":0.0,"gold_gain":0.0,"event_name":"Match and Keep!","player_choice":"1 cards matched","floor":2.0,"gold_loss":0.0,"damage_taken":0.0,"cards_obtained":["Corpse Explosion"]},{"damage_healed":0,"gold_gain":0,"player_choice":"Leave","damage_taken":0,"max_hp_gain":0,"max_hp_loss":0,"event_name":"FaceTrader","floor":12,"gold_loss":0},{"damage_healed":0,"gold_gain":0,"player_choice":"Simplicity","damage_taken":0,"max_hp_gain":0,"max_hp_loss":0,"event_name":"Back to Basics","floor":22,"gold_loss":0,"cards_upgraded":["Defend_G","Defend_G","Defend_G","Defend_G","Defend_G","Strike_G","Strike_G","Strike_G","Strike_G"]}],"is_beta":false,"boss_relics":[{"not_picked":["WristBlade","Lizard Tail"],"picked":"Coffee Dripper"}],"items_purged_floors":[5],"is_endless":false,"potions_floor_spawned":[3,11,14,20,24,25,31],"killed_by":"Collector","ascension_level":20}