{"gold_per_floor":[115,129,148,162,87,87,87,118,201,201,45,120,120,155,155,155],"floor_reached":16,"playtime":506,"items_purged":["Parasite"],"score":216,"play_id":"47a9e7b1-405f-47b9-a041-967f27fd2003","local_time":"20181125185104","is_ascension_mode":true,"campfire_choices":[{"data":"Havoc","floor":6,"key":"SMITH"},{"data":"Uppercut","floor":10,"key":"SMITH"},{"data":"Perfected Strike","floor":13,"key":"SMITH"},{"data":"True Grit","floor":15,"key":"SMITH"}],"neow_cost":"CURSE","seed_source_timestamp":21054263826167,"circlet_count":0,"master_deck":["AscendersBane","Strike_R","Strike_R","Strike_R","Strike_R","Defend_R","Defend_R","Defend_R","Defend_R","Bash","Limit Break","Perfected Strike+1","Headbutt","Havoc+1","Pommel Strike","Uppercut+1","Impervious","True Grit+1"],"relics":["Burning Blood","Dodecahedron","Tiny Chest","Boot"],"potions_floor_usage":[14],"damage_taken":[{"damage":6,"enemies":"Cultist","floor":1,"turns":3},{"damage":2,"enemies":"2 Louse","floor":2,"turns":4},{"damage":12,"enemies":"Jaw Worm","floor":3,"turns":2},{"damage":1,"enemies":"2 Fungi Beasts","floor":4,"turns":3},{"damage":11,"enemies":"Gremlin Nob","floor":8,"turns":3},{"damage":40,"enemies":"3 Sentries","floor":14,"turns":10},{"damage":16,"enemies":"The Guardian","floor":16,"turns":9}],"seed_played":"7948052447704450401","potions_obtained":[{"floor":2,"key":"SkillPotion"},{"floor":3,"key":"Weak Potion"},{"floor":8,"key":"Swift Potion"}],"is_trial":false,"path_per_floor":["M","M","M","M","$","R","?","E","T","R","$","?","R","E","R","B"],"character_chosen":"IRONCLAD","items_purchased":["Impervious"],"campfire_rested":0,"item_purchase_floors":[11],"current_hp_per_floor":[68,72,66,71,71,71,64,59,59,59,59,48,48,14,14,0],"gold":155,"neow_bonus":"THREE_RARE_CARDS","is_prod":false,"is_daily":false,"chose_seed":false,"campfire_upgraded":4,"win_rate":0,"timestamp":1543189864,"path_taken":["M","M","M","?","$","R","?","E","T","R","$","?","R","E","R","BOSS"],"build_version":"2018-11-15","purchased_purges":1,"victory":false,"max_hp_per_floor":[75,75,75,75,72,72,72,72,72,72,72,72,72,72,72,72],"card_choices":[{"not_picked":["Brutality","Double Tap"],"picked":"Limit Break","floor":0},{"not_picked":["Searing Blow","Clash"],"picked":"Perfected Strike","floor":1},{"not_picked":["Sentinel","Flex"],"picked":"Headbutt","floor":2},{"not_picked":["Seeing Red","Clash"],"picked":"Havoc","floor":3},{"not_picked":["True Grit","Perfected Strike"],"picked":"Pommel Strike","floor":4},{"not_picked":["Brutality","Havoc"],"picked":"Uppercut","floor":8},{"not_picked":["Uppercut","Dual Wield"],"picked":"True Grit","floor":14}],"player_experience":1160910,"relics_obtained":[{"floor":8,"key":"Dodecahedron"},{"floor":9,"key":"Tiny Chest"},{"floor":14,"key":"Boot"}],"event_choices":[{"cards_removed":["Strike_R"],"damage_healed":0,"gold_gain":0,"player_choice":"Card Removal","damage_taken":7,"max_hp_gain":0,"max_hp_loss":0,"event_name":"Golden Wing","floor":7,"gold_loss":0},{"damage_healed":0,"gold_gain":75,"player_choice":"Gather Gold","damage_taken":11,"max_hp_gain":0,"max_hp_loss":0,"event_name":"World of Goop","floor":12,"gold_loss":0}],"is_beta":false,"boss_relics":[],"items_purged_floors":[5],"is_endless":false,"potions_floor_spawned":[2,3,8],"killed_by":"The Guardian","ascension_level":20}