{"gold_per_floor":[313,313,238,7,18,18,52,72,122,142,142,142],"floor_reached":12,"playtime":520,"items_purged":[],"score":133,"play_id":"96d17838-419f-4042-a867-789eedf4d2e0","local_time":"20181213122805","is_ascension_mode":true,"campfire_choices":[{"data":"Neutralize","floor":6,"key":"SMITH"}],"neow_cost":"NO_GOLD","seed_source_timestamp":49005303026024,"circlet_count":0,"master_deck":["AscendersBane","Defend_G","Defend_G","Defend_G","Defend_G","Defend_G","Strike_G","Strike_G","Strike_G","Survivor","Neutralize+1","Flying Knee","Escape Plan","Dagger Throw","Heel Hook","Phantasmal Killer"],"relics":["Ring of the Snake","Old Coin","OrangePellets","Ancient Tea Set","Oddly Smooth Stone","Odd Mushroom","Omamori"],"potions_floor_usage":[7,10],"damage_taken":[{"damage":3,"enemies":"Jaw Worm","floor":1,"turns":6},{"damage":0,"enemies":"2 Louse","floor":5,"turns":4},{"damage":21,"enemies":"Gremlin Nob","floor":7,"turns":5},{"damage":2,"enemies":"Small Slimes","floor":8,"turns":3},{"damage":10,"enemies":"The Mushroom Lair","floor":10,"turns":6},{"damage":19,"enemies":"3 Sentries","floor":12,"turns":5}],"seed_played":"-2220913204349769154","potions_obtained":[{"floor":5,"key":"AttackPotion"},{"floor":7,"key":"SteroidPotion"},{"floor":8,"key":"SkillPotion"}],"is_trial":false,"path_per_floor":["M","?","?","$","M","R","E","M","T","?","?","?"],"character_chosen":"THE_SILENT","items_purchased":["OrangePellets","Escape Plan"],"campfire_rested":0,"item_purchase_floors":[4,4],"current_hp_per_floor":[56,49,49,49,49,49,28,26,26,16,16,0],"gold":142,"neow_bonus":"ONE_RARE_RELIC","is_prod":false,"is_daily":false,"chose_seed":false,"campfire_upgraded":1,"win_rate":0,"timestamp":1544722085,"path_taken":["M","?","?","$","M","R","E","M","T","?","?","?"],"build_version":"2018-12-06","purchased_purges":0,"victory":false,"max_hp_per_floor":[66,66,66,66,66,66,66,66,66,66,66,66],"card_choices":[{"not_picked":["Underhanded Strike","Cloak And Dagger"],"picked":"Flying Knee","floor":1},{"not_picked":["Deflect","Expertise"],"picked":"Dagger Throw","floor":5},{"not_picked":["Eviscerate","Quick Slash"],"picked":"Heel Hook","floor":7},{"not_picked":["Acrobatics","Skewer","Sucker Punch"],"picked":"SKIP","floor":8},{"not_picked":["Sucker Punch","Acrobatics"],"picked":"Phantasmal Killer","floor":10}],"player_experience":1274940,"relics_obtained":[{"floor":7,"key":"Ancient Tea Set"},{"floor":9,"key":"Oddly Smooth Stone"},{"floor":10,"key":"Odd Mushroom"}],"event_choices":[{"cards_removed":["Strike_G"],"damage_healed":0,"gold_gain":0,"player_choice":"Card Removal","damage_taken":7,"max_hp_gain":0,"max_hp_loss":0,"event_name":"Golden Wing","floor":2,"gold_loss":0},{"cards_removed":["Strike_G"],"damage_healed":0,"gold_gain":0,"player_choice":"Card Removal","damage_taken":0,"max_hp_gain":0,"max_hp_loss":0,"event_name":"The Cleric","floor":3,"gold_loss":75},{"damage_healed":0,"gold_gain":0,"player_choice":"Fought Mushrooms","damage_taken":0,"max_hp_gain":0,"max_hp_loss":0,"event_name":"Mushrooms","floor":10,"gold_loss":0},{"damage_healed":0,"gold_gain":0,"player_choice":"Ignored","damage_taken":0,"max_hp_gain":0,"max_hp_loss":0,"event_name":"Shining Light","floor":11,"gold_loss":0},{"damage_healed":0,"gold_gain":0,"player_choice":"Searched \u00272\u0027 times","damage_taken":0,"relics_obtained":["Omamori"],"max_hp_gain":0,"max_hp_loss":0,"event_name":"Dead Adventurer","floor":12,"gold_loss":0}],"is_beta":false,"boss_relics":[],"items_purged_floors":[],"is_endless":false,"potions_floor_spawned":[5,7,8],"killed_by":"3 Sentries","ascension_level":15}