{"gold_per_floor":[111,8,26,37,37,67,67,67,113,40,40,52,3,16,16,115,115,132,132,132,142,158,192,192,204,227,227,241,241,258,286,286,385,385,405,138,148,148,163,189,189,189,189,139,139,167,167,181,181,181],"floor_reached":51,"playtime":3733,"items_purged":["Strike_G","Strike_G","Parasite"],"score":745,"play_id":"25c033ec-1598-409c-9e59-d574322c9a68","local_time":"20190710103614","is_ascension_mode":false,"campfire_choices":[{"floor":7,"key":"REST"},{"data":"Cloak And Dagger","floor":15,"key":"SMITH"},{"floor":24,"key":"REST"},{"floor":27,"key":"REST"},{"floor":29,"key":"REST"},{"floor":32,"key":"REST"},{"floor":41,"key":"REST"},{"floor":45,"key":"REST"},{"floor":49,"key":"REST"}],"neow_cost":"NONE","seed_source_timestamp":935641838807862,"circlet_count":0,"master_deck":["Strike_G","Defend_G","Defend_G","Defend_G","Defend_G","Defend_G","Survivor","Neutralize","Quick Slash","Blade Dance","Dagger Throw","PiercingWail","PiercingWail","Poisoned Stab","Cloak And Dagger+1","PiercingWail","Corpse Explosion","Dagger Spray+1","Crippling Poison","Cloak And Dagger","PiercingWail","After Image","Bane+1","Backstab","Dagger Throw","Noxious Fumes","Malaise","Outmaneuver+1","Poisoned Stab","Well Laid Plans","Deadly Poison","Acrobatics","Noxious Fumes","Outmaneuver+1"],"relics":["Ring of the Snake","Smiling Mask","Anchor","Bronze Scales","Fusion Hammer","Mummified Hand","Orichalcum","Bag of Marbles","Eternal Feather","Snake Skull","Boot","Bottled Lightning","Juzu Bracelet"],"potions_floor_usage":[6,16,23,23,33,40,50,50],"damage_taken":[{"damage":0,"enemies":"2 Louse","floor":1,"turns":3},{"damage":0,"enemies":"Small Slimes","floor":3,"turns":3},{"damage":0,"enemies":"Jaw Worm","floor":4,"turns":3},{"damage":42,"enemies":"Lagavulin","floor":6,"turns":9},{"damage":0,"enemies":"Looter","floor":12,"turns":3},{"damage":2,"enemies":"Blue Slaver","floor":14,"turns":2},{"damage":42,"enemies":"The Guardian","floor":16,"turns":14},{"damage":4,"enemies":"2 Thieves","floor":18,"turns":2},{"damage":1,"enemies":"Shell Parasite","floor":21,"turns":4},{"damage":19,"enemies":"Sentry and Sphere","floor":22,"turns":4},{"damage":18,"enemies":"Gremlin Leader","floor":23,"turns":6},{"damage":0,"enemies":"Cultist and Chosen","floor":25,"turns":5},{"damage":7,"enemies":"Snake Plant","floor":28,"turns":3},{"damage":14,"enemies":"Snecko","floor":30,"turns":5},{"damage":11,"enemies":"Book of Stabbing","floor":31,"turns":5},{"damage":43,"enemies":"Collector","floor":33,"turns":8},{"damage":2,"enemies":"3 Shapes","floor":35,"turns":3},{"damage":0,"enemies":"3 Darklings","floor":37,"turns":2},{"damage":8,"enemies":"Writhing Mass","floor":39,"turns":5},{"damage":64,"enemies":"Giant Head","floor":40,"turns":9},{"damage":60,"enemies":"Reptomancer","floor":46,"turns":6},{"damage":7,"enemies":"Sphere and 2 Shapes","floor":48,"turns":4},{"damage":44,"enemies":"Donu and Deca","floor":50,"turns":7}],"seed_played":"-6991667265650751367","potions_obtained":[{"floor":3,"key":"Block Potion"},{"floor":4,"key":"EssenceOfSteel"},{"floor":14,"key":"Explosive Potion"},{"floor":22,"key":"Ancient Potion"},{"floor":23,"key":"Poison Potion"},{"floor":28,"key":"Energy Potion"},{"floor":31,"key":"Block Potion"},{"floor":33,"key":"SteroidPotion"},{"floor":48,"key":"Explosive Potion"}],"is_trial":false,"path_per_floor":["M","$","M","M","?","E","R","?","T","$","?","M","$","M","R","B",null,"M","?","?","M","M","E","R","M","T","R","M","R","M","E","R","B",null,"M","$","M","?","M","E","R","?","T","$","R","E","?","M","R","B",null],"character_chosen":"THE_SILENT","items_purchased":["Blade Dance","PiercingWail","Cloak And Dagger","Poisoned Stab","Snake Skull","Well Laid Plans"],"campfire_rested":8,"item_purchase_floors":[2,10,13,36,36,36],"current_hp_per_floor":[70,70,70,70,75,33,55,55,55,55,55,55,55,53,53,11,75,71,57,57,56,37,19,43,43,43,67,60,80,66,55,79,36,80,78,78,78,78,70,6,48,48,48,48,77,17,17,10,51,7],"gold":181,"neow_bonus":"RANDOM_COMMON_RELIC","is_prod":false,"is_daily":false,"chose_seed":false,"campfire_upgraded":1,"win_rate":0.0,"timestamp":1562772974,"path_taken":["M","$","M","M","?","E","R","?","T","$","?","?","$","M","R","BOSS","M","?","?","M","M","E","R","?","T","R","M","R","M","E","R","BOSS","M","$","M","?","?","E","R","?","T","$","R","E","?","M","R","BOSS"],"build_version":"2019-07-05","purchased_purges":3,"victory":true,"max_hp_per_floor":[70,70,70,70,75,75,75,75,75,75,75,75,75,75,75,75,75,75,80,80,80,80,80,80,80,80,80,80,80,80,80,80,80,80,80,80,80,80,80,80,80,80,80,77,77,77,77,77,77,77],"card_choices":[{"not_picked":["Prepared","PiercingWail"],"picked":"Quick Slash","floor":1},{"not_picked":["Well Laid Plans","Predator"],"picked":"Dagger Throw","floor":3},{"not_picked":["Flechettes","Crippling Poison"],"picked":"Underhanded Strike","floor":4},{"not_picked":["Sucker Punch","Terror"],"picked":"PiercingWail","floor":6},{"not_picked":["Catalyst","Quick Slash"],"picked":"Poisoned Stab","floor":12},{"not_picked":["Prepared","Backflip"],"picked":"PiercingWail","floor":14},{"not_picked":["Doppelganger","Die Die Die"],"picked":"Corpse Explosion","floor":16},{"not_picked":["Distraction+1","Flechettes+1"],"picked":"Dagger Spray+1","floor":18},{"not_picked":["Sucker Punch","All Out Attack+1"],"picked":"Cloak And Dagger","floor":21},{"not_picked":["Well Laid Plans","Bane"],"picked":"PiercingWail","floor":22},{"not_picked":["Acrobatics+1","Dagger Spray"],"picked":"After Image","floor":23},{"not_picked":["Predator","Slice"],"picked":"Bane+1","floor":25},{"not_picked":["Deflect","Dagger Spray"],"picked":"Backstab","floor":28},{"not_picked":["Blade Dance","Eviscerate"],"picked":"Dagger Throw","floor":30},{"not_picked":["Die Die Die","Backflip"],"picked":"Noxious Fumes","floor":31},{"not_picked":["Unload","Storm of Steel"],"picked":"Malaise","floor":33},{"not_picked":["Blade Dance","Dagger Throw"],"picked":"Outmaneuver+1","floor":35},{"not_picked":["Escape Plan","Deflect+1"],"picked":"Deadly Poison","floor":37},{"not_picked":["Flying Knee","Acrobatics+1","Blade Dance+1"],"picked":"SKIP","floor":39},{"not_picked":["Backflip+1","Blade Dance"],"picked":"Acrobatics","floor":40},{"not_picked":["Skewer+1","Choke"],"picked":"Noxious Fumes","floor":46},{"not_picked":["Malaise","Deflect"],"picked":"Outmaneuver+1","floor":48}],"player_experience":77352,"relics_obtained":[{"floor":6,"key":"Anchor"},{"floor":9,"key":"Bronze Scales"},{"floor":23,"key":"Mummified Hand"},{"floor":26,"key":"Orichalcum"},{"floor":31,"key":"Bag of Marbles"},{"floor":40,"key":"Boot"},{"floor":43,"key":"Bottled Lightning"},{"floor":46,"key":"Juzu Bracelet"}],"event_choices":[{"damage_healed":0,"gold_gain":0,"player_choice":"Donut","damage_taken":0,"max_hp_gain":5,"max_hp_loss":0,"event_name":"Big Fish","floor":5,"gold_loss":0},{"cards_removed":["Strike_G"],"damage_healed":0,"gold_gain":0,"player_choice":"Forget","damage_taken":0,"max_hp_gain":0,"max_hp_loss":0,"event_name":"Living Wall","floor":8,"gold_loss":0},{"damage_healed":0,"gold_gain":0,"player_choice":"Ignored","damage_taken":0,"max_hp_gain":0,"max_hp_loss":0,"event_name":"Shining Light","floor":11,"gold_loss":0},{"damage_healed":0,"gold_gain":0,"player_choice":"Shed Blood","damage_taken":19,"max_hp_gain":5,"max_hp_loss":0,"event_name":"Forgotten Altar","floor":19,"gold_loss":0},{"damage_healed":0,"gold_gain":0,"cards_transformed":["Strike_G"],"player_choice":"Transformed","damage_taken":0,"max_hp_gain":0,"max_hp_loss":0,"event_name":"Transmorgrifier","floor":20,"gold_loss":0,"cards_obtained":["Crippling Poison"]},{"damage_healed":0,"gold_gain":0,"player_choice":"Ignored","damage_taken":0,"max_hp_gain":0,"max_hp_loss":0,"event_name":"NoteForYourself","floor":38,"gold_loss":0},{"cards_removed":["Underhanded Strike"],"damage_healed":0,"gold_gain":0,"player_choice":"Removed Attack","damage_taken":0,"max_hp_gain":0,"max_hp_loss":0,"event_name":"Falling","floor":42,"gold_loss":0},{"damage_healed":0,"gold_gain":0,"player_choice":"Ignored","damage_taken":0,"max_hp_gain":0,"max_hp_loss":0,"event_name":"Mysterious Sphere","floor":47,"gold_loss":0}],"is_beta":false,"boss_relics":[{"not_picked":["Tiny House","Runic Pyramid"],"picked":"Fusion Hammer"},{"not_picked":["Cursed Key","Black Star"],"picked":"Eternal Feather"}],"items_purged_floors":[2,10,44],"is_endless":false,"potions_floor_spawned":[3,4,14,22,23,28,31,33,39,48],"ascension_level":0}