{"gold_per_floor":[117,117,127,147,72,72,90,112,112,140,155,155,155,175,175,275,275,291,191,211,211,226,226,291,32,59,73,99,99,99,118,118,221,221,235,251,58,158,158,158,158,193,193,17,40,40,53,66,66,66],"floor_reached":51,"playtime":3492,"items_purged":["Defend_R","Strike_R"],"score":750,"play_id":"9581553c-6895-4d0a-a062-200b17756dc9","local_time":"20190626023102","is_ascension_mode":true,"campfire_choices":[{"data":"Anger","floor":6,"key":"SMITH"},{"data":"Searing Blow","floor":12,"key":"SMITH"},{"data":"Searing Blow+1","floor":15,"key":"SMITH"},{"data":"Searing Blow+2","floor":23,"key":"SMITH"},{"floor":32,"key":"REST"},{"data":"Demon Form","floor":40,"key":"SMITH"},{"data":"Searing Blow+3","floor":46,"key":"SMITH"},{"data":"Searing Blow+4","floor":49,"key":"SMITH"}],"neow_cost":"TEN_PERCENT_HP_LOSS","seed_source_timestamp":547147643286614,"circlet_count":0,"master_deck":["Strike_R+1","Strike_R+1","Defend_R","Defend_R","Bash","PanicButton","Finesse","Anger+1","Shrug It Off","Blood for Blood","Searing Blow+5","Spot Weakness","Infernal Blade","Demon Form+1","Shrug It Off","Twin Strike","Immolate","Pommel Strike+1","Reaper","Heavy Blade+1","RitualDagger","True Grit+1","Reaper","Exhume"],"relics":["Burning Blood","Odd Mushroom","Mercury Hourglass","Pear","Empty Cage","Tiny Chest","Ornamental Fan","Art of War","Juzu Bracelet","MutagenicStrength","Mark of Pain","Membership Card","Incense Burner","Charon\u0027s Ashes","Bird Faced Urn","Toolbox","Anchor","Smiling Mask"],"potions_floor_usage":[7,8,14,14,16,16,18,28,31,38,42,50,50],"damage_taken":[{"damage":0,"enemies":"Small Slimes","floor":1,"turns":4},{"damage":4,"enemies":"Jaw Worm","floor":3,"turns":4},{"damage":0,"enemies":"2 Louse","floor":4,"turns":3},{"damage":0,"enemies":"2 Fungi Beasts","floor":7,"turns":3},{"damage":5,"enemies":"The Mushroom Lair","floor":8,"turns":4},{"damage":13,"enemies":"3 Sentries","floor":10,"turns":6},{"damage":2,"enemies":"Blue Slaver","floor":11,"turns":3},{"damage":0,"enemies":"Looter","floor":14,"turns":2},{"damage":31,"enemies":"The Guardian","floor":16,"turns":8},{"damage":7,"enemies":"Chosen","floor":18,"turns":3},{"damage":0,"enemies":"Shell Parasite","floor":20,"turns":5},{"damage":21,"enemies":"Snake Plant","floor":22,"turns":4},{"damage":0,"enemies":"Gremlin Leader","floor":24,"turns":5},{"damage":27,"enemies":"Centurion and Healer","floor":27,"turns":6},{"damage":15,"enemies":"Book of Stabbing","floor":28,"turns":5},{"damage":5,"enemies":"Chosen and Byrds","floor":31,"turns":4},{"damage":68,"enemies":"Champ","floor":33,"turns":9},{"damage":4,"enemies":"3 Shapes","floor":35,"turns":5},{"damage":0,"enemies":"Orb Walker","floor":36,"turns":3},{"damage":2,"enemies":"Mind Bloom Boss Battle","floor":38,"turns":6},{"damage":44,"enemies":"Nemesis","floor":42,"turns":7},{"damage":2,"enemies":"Transient","floor":47,"turns":5},{"damage":0,"enemies":"Jaw Worm Horde","floor":48,"turns":2},{"damage":31,"enemies":"Time Eater","floor":50,"turns":8}],"seed_played":"-6684143693998144854","potions_obtained":[{"floor":3,"key":"Swift Potion"},{"floor":7,"key":"Explosive Potion"},{"floor":11,"key":"EntropicBrew"},{"floor":16,"key":"AttackPotion"},{"floor":27,"key":"EssenceOfSteel"},{"floor":28,"key":"Regen Potion"},{"floor":33,"key":"Regen Potion"},{"floor":36,"key":"GamblersBrew"},{"floor":42,"key":"Block Potion"},{"floor":47,"key":"Ancient Potion"},{"floor":48,"key":"Energy Potion"}],"is_trial":false,"path_per_floor":["M","?","M","M","$","R","M","?","T","E","M","R","?","M","R","B",null,"M","$","M","?","M","R","E","$","T","M","E","?","?","M","R","B",null,"M","M","$","?","?","R","?","E","T","$","T","R","M","M","R","B",null],"character_chosen":"IRONCLAD","items_purchased":["Ornamental Fan","Membership Card","Toolbox","Anchor"],"campfire_rested":1,"item_purchase_floors":[25,37,44,44],"current_hp_per_floor":[72,65,67,72,72,72,72,72,72,75,79,79,63,69,69,44,82,81,81,82,82,67,67,73,73,73,52,43,37,37,50,74,12,82,82,82,82,82,78,78,78,49,49,49,49,49,78,78,78,63],"gold":66,"neow_bonus":"RANDOM_COLORLESS_2","is_prod":false,"is_daily":false,"chose_seed":false,"campfire_upgraded":7,"win_rate":0,"timestamp":1561509062,"path_taken":["M","?","M","M","$","R","M","?","T","E","M","R","?","M","R","BOSS","M","$","M","?","M","R","E","$","T","M","E","?","?","M","R","BOSS","M","M","$","?","?","R","?","E","T","$","?","R","M","M","R","BOSS"],"build_version":"2019-01-23","purchased_purges":2,"victory":true,"max_hp_per_floor":[72,72,72,72,72,72,72,72,72,82,82,82,82,82,82,82,82,82,82,82,82,82,82,82,82,82,82,82,82,82,82,82,82,82,82,82,82,82,78,78,78,78,78,78,78,78,78,78,78,78],"card_choices":[{"not_picked":["Sword Boomerang","Clothesline"],"picked":"Anger","floor":1},{"not_picked":["Whirlwind","Body Slam","Metallicize"],"picked":"SKIP","floor":3},{"not_picked":["Sword Boomerang","Sever Soul","Reckless Charge"],"picked":"SKIP","floor":4},{"not_picked":["Sword Boomerang","Heavy Blade"],"picked":"Shrug It Off","floor":7},{"not_picked":["Iron Wave","Shrug It Off"],"picked":"Blood for Blood","floor":8},{"not_picked":["Fiend Fire","Fire Breathing"],"picked":"Searing Blow","floor":10},{"not_picked":["Pommel Strike","Sword Boomerang"],"picked":"Spot Weakness","floor":11},{"not_picked":["Entrench","Clash"],"picked":"Infernal Blade","floor":14},{"not_picked":["Berserk","Bludgeon"],"picked":"Demon Form","floor":16},{"not_picked":["Inflame","Clash"],"picked":"Shrug It Off","floor":18},{"not_picked":["Corruption+1","Feel No Pain"],"picked":"Twin Strike","floor":20},{"not_picked":["Fire Breathing+1","Clash"],"picked":"Pommel Strike+1","floor":22},{"not_picked":["Cleave","Entrench"],"picked":"Reaper","floor":24},{"not_picked":["Anger","Warcry+1","Heavy Blade"],"picked":"SKIP","floor":27},{"not_picked":["Clothesline","Perfected Strike"],"picked":"Heavy Blade+1","floor":28},{"not_picked":["Havoc","Shrug It Off"],"picked":"True Grit+1","floor":31},{"not_picked":["Exhume","Bludgeon"],"picked":"Reaper","floor":33},{"not_picked":["Rupture","Ghostly Armor","Havoc"],"picked":"SKIP","floor":35},{"not_picked":["Feel No Pain+1","Spot Weakness","Inflame"],"picked":"SKIP","floor":36},{"not_picked":["Feel No Pain+1","Spot Weakness"],"picked":"Inflame","floor":36},{"not_picked":["Searing Blow","Iron Wave+1"],"picked":"Exhume","floor":42},{"not_picked":["Ghostly Armor","Cleave","Clash"],"picked":"SKIP","floor":47},{"not_picked":["Havoc","Wild Strike","Headbutt+1"],"picked":"SKIP","floor":48}],"player_experience":123901,"relics_obtained":[{"floor":8,"key":"Odd Mushroom"},{"floor":9,"key":"Mercury Hourglass"},{"floor":10,"key":"Pear"},{"floor":24,"key":"Tiny Chest"},{"floor":26,"key":"Art of War"},{"floor":28,"key":"Juzu Bracelet"},{"floor":38,"key":"Incense Burner"},{"floor":42,"key":"Charon\u0027s Ashes"},{"floor":43,"key":"Bird Faced Urn"},{"floor":45,"key":"Smiling Mask"}],"event_choices":[{"cards_removed":["Strike_R"],"damage_healed":0,"gold_gain":0,"player_choice":"Card Removal","damage_taken":7,"max_hp_gain":0,"max_hp_loss":0,"event_name":"Golden Wing","floor":2,"gold_loss":0},{"damage_healed":0,"gold_gain":0,"player_choice":"Fought Mushrooms","damage_taken":0,"max_hp_gain":0,"max_hp_loss":0,"event_name":"Mushrooms","floor":8,"gold_loss":0},{"damage_healed":0,"gold_gain":0,"player_choice":"Entered Light","damage_taken":16,"max_hp_gain":0,"max_hp_loss":0,"event_name":"Shining Light","floor":13,"gold_loss":0,"cards_upgraded":["Strike_R","Strike_R"]},{"damage_healed":0,"gold_gain":0,"player_choice":"Read","damage_taken":0,"max_hp_gain":0,"max_hp_loss":0,"event_name":"The Library","floor":21,"gold_loss":0,"cards_obtained":["Immolate"]},{"damage_healed":0,"gold_gain":0,"player_choice":"Joined the Cult","damage_taken":6,"max_hp_gain":0,"max_hp_loss":0,"event_name":"Nest","floor":29,"gold_loss":0,"cards_obtained":["RitualDagger"]},{"damage_healed":0,"gold_gain":0,"player_choice":"Inject Mutagens","damage_taken":0,"relics_obtained":["MutagenicStrength"],"max_hp_gain":0,"max_hp_loss":0,"event_name":"Drug Dealer","floor":30,"gold_loss":0},{"damage_healed":0,"gold_gain":0,"player_choice":"Fight","damage_taken":0,"max_hp_gain":0,"max_hp_loss":0,"event_name":"MindBloom","floor":38,"gold_loss":0},{"damage_healed":0,"gold_gain":0,"player_choice":"Max HP","damage_taken":0,"max_hp_gain":0,"max_hp_loss":4,"event_name":"Winding Halls","floor":39,"gold_loss":0},{"cards_removed":["Inflame"],"damage_healed":0,"gold_gain":0,"player_choice":"Removed Power","damage_taken":0,"max_hp_gain":0,"max_hp_loss":0,"event_name":"Falling","floor":41,"gold_loss":0}],"is_beta":false,"boss_relics":[{"not_picked":["Calling Bell","Orrery"],"picked":"Empty Cage"},{"not_picked":["Lizard Tail","Busted Crown"],"picked":"Mark of Pain"}],"items_purged_floors":[5,19],"is_endless":false,"potions_floor_spawned":[3,7,11,16,27,28,33,36,42,47,48],"ascension_level":1}