{"gold_per_floor":[118,128,278,278,147,179,179,194,194,223,242,254,254,269,269,344,344,357,357,370,385,398,398,15,49,49,49,84,21,21,41,41,41],"floor_reached":33,"playtime":1328,"items_purged":["Doubt","Decay","Strike_R"],"score":629,"play_id":"41cf1891-2ed9-4194-aa3b-d86512da31cf","local_time":"20181030121949","is_ascension_mode":true,"campfire_choices":[{"data":"Anger","floor":7,"key":"SMITH"},{"data":"True Grit","floor":13,"key":"SMITH"},{"data":"Body Slam","floor":15,"key":"SMITH"},{"data":"Immolate","floor":23,"key":"SMITH"},{"floor":32,"key":"REST"}],"neow_cost":"NONE","seed_source_timestamp":1008048357078798,"circlet_count":0,"master_deck":["Strike_R","Strike_R","Strike_R","Defend_R+1","Defend_R","Defend_R","Defend_R+1","Bash+1","AscendersBane","Wild Strike","Anger+1","Sword Boomerang","True Grit+1","Impervious","Body Slam+1","Immolate+1","Injury","Injury","Clothesline+1","Spot Weakness+1","Headbutt","Battle Trance","Offering+1","Flash of Steel","Pommel Strike","Havoc"],"relics":["Burning Blood","NeowsBlessing","Potion Belt","Darkstone Periapt","Anchor","Calling Bell","Pen Nib","Letter Opener","Thread and Needle","Membership Card","War Paint","Red Mask","Mercury Hourglass","Lantern"],"potions_floor_usage":[10,21,22,25,31],"damage_taken":[{"damage":0,"enemies":"Jaw Worm","floor":1,"turns":1},{"damage":0,"enemies":"Small Slimes","floor":2,"turns":1},{"damage":0,"enemies":"Gremlin Nob","floor":6,"turns":1},{"damage":0,"enemies":"Cultist","floor":8,"turns":2},{"damage":38,"enemies":"3 Sentries","floor":10,"turns":12},{"damage":3,"enemies":"Large Slime","floor":11,"turns":5},{"damage":4,"enemies":"Exordium Wildlife","floor":12,"turns":4},{"damage":0,"enemies":"2 Fungi Beasts","floor":14,"turns":3},{"damage":37,"enemies":"Slime Boss","floor":16,"turns":11},{"damage":37,"enemies":"Spheric Guardian","floor":18,"turns":6},{"damage":2,"enemies":"2 Thieves","floor":20,"turns":4},{"damage":19,"enemies":"Shelled Parasite and Fungi","floor":21,"turns":6},{"damage":0,"enemies":"Snake Plant","floor":22,"turns":3},{"damage":23,"enemies":"Masked Bandits","floor":25,"turns":4},{"damage":21,"enemies":"Book of Stabbing","floor":28,"turns":4},{"damage":10,"enemies":"Cultist and Chosen","floor":31,"turns":5},{"damage":60,"enemies":"Collector","floor":33,"turns":6}],"seed_played":"1348524994060170596","potions_obtained":[{"floor":10,"key":"SpeedPotion"},{"floor":12,"key":"BloodPotion"},{"floor":21,"key":"SkillPotion"},{"floor":28,"key":"SteroidPotion"},{"floor":31,"key":"Fruit Juice"}],"is_trial":false,"path_per_floor":["M","M","?","?","$","E","R","M","T","E","M","M","R","M","R","B",null,"M","?","M","M","M","R","$","?","T","?","E","$","?","M","R"],"character_chosen":"IRONCLAD","items_purchased":["SteroidPotion","Membership Card","War Paint","Flash of Steel"],"campfire_rested":1,"item_purchase_floors":[5,24,24,24],"current_hp_per_floor":[74,75,75,52,52,58,58,64,64,32,35,37,37,43,43,12,77,46,52,56,52,58,58,58,41,41,41,26,26,26,27,58,0],"gold":41,"neow_bonus":"THREE_ENEMY_KILL","is_prod":false,"is_daily":false,"chose_seed":false,"campfire_upgraded":4,"win_rate":0,"timestamp":1540916389,"path_taken":["M","M","?","?","$","E","R","M","T","E","M","?","R","M","R","BOSS","M","?","M","?","M","R","$","?","T","?","E","?","?","?","R","BOSS"],"build_version":"2018-10-25v2","purchased_purges":3,"victory":false,"max_hp_per_floor":[75,75,75,75,75,75,75,75,75,75,75,75,75,75,75,75,93,93,99,99,99,99,99,99,99,99,99,99,99,99,104,104,104],"card_choices":[{"not_picked":["Headbutt","Sentinel"],"picked":"Wild Strike","floor":1},{"not_picked":["Warcry","Headbutt"],"picked":"Anger","floor":2},{"not_picked":["Sever Soul","Flame Barrier"],"picked":"Sword Boomerang","floor":6},{"not_picked":["Clash","Heavy Blade"],"picked":"True Grit","floor":8},{"not_picked":["Seeing Red","Dual Wield","Anger"],"picked":"SKIP","floor":10},{"not_picked":["Body Slam","Spot Weakness"],"picked":"Impervious","floor":11},{"not_picked":["Pummel","Wild Strike","Bloodletting"],"picked":"SKIP","floor":12},{"not_picked":["Anger","Heavy Blade"],"picked":"Body Slam","floor":14},{"not_picked":["Offering","Impervious"],"picked":"Immolate","floor":16},{"not_picked":["Pommel Strike","Wild Strike"],"picked":"Clothesline+1","floor":18},{"not_picked":["Sword Boomerang","Blood for Blood+1"],"picked":"Headbutt","floor":20},{"not_picked":["True Grit","Wild Strike"],"picked":"Battle Trance","floor":21},{"not_picked":["Hemokinesis","Flame Barrier"],"picked":"Offering","floor":22},{"not_picked":["Seeing Red","Sword Boomerang"],"picked":"Pommel Strike","floor":28},{"not_picked":["Iron Wave","Havoc","Clash"],"picked":"SKIP","floor":31},{"not_picked":["Iron Wave","Clash"],"picked":"Havoc","floor":31}],"player_experience":1011893,"relics_obtained":[{"floor":6,"key":"Potion Belt"},{"floor":9,"key":"Darkstone Periapt"},{"floor":10,"key":"Anchor"},{"floor":17,"key":"Pen Nib"},{"floor":17,"key":"Letter Opener"},{"floor":17,"key":"Thread and Needle"},{"floor":25,"key":"Red Mask"},{"floor":26,"key":"Mercury Hourglass"},{"floor":28,"key":"Lantern"}],"event_choices":[{"damage_healed":0,"gold_gain":150,"player_choice":"AGREE","damage_taken":0,"max_hp_gain":0,"max_hp_loss":0,"event_name":"Liars Game","floor":3,"gold_loss":0,"cards_obtained":["Doubt"]},{"damage_healed":0,"gold_gain":0,"player_choice":"Entered Light","damage_taken":23,"max_hp_gain":0,"max_hp_loss":0,"event_name":"Shining Light","floor":4,"gold_loss":0,"cards_upgraded":["Bash","Defend_R"]},{"damage_healed":0,"gold_gain":0,"cards_transformed":["Pain","Strike_R"],"player_choice":"Became Test Subject","damage_taken":0,"max_hp_gain":0,"max_hp_loss":0,"event_name":"Drug Dealer","floor":19,"gold_loss":0,"cards_obtained":["Decay","Spot Weakness"]},{"damage_healed":0,"gold_gain":0,"player_choice":"Fought Bandits","damage_taken":0,"max_hp_gain":0,"max_hp_loss":0,"event_name":"Masked Bandits","floor":25,"gold_loss":0},{"damage_healed":0,"gold_gain":0,"player_choice":"Upgraded","damage_taken":0,"max_hp_gain":0,"max_hp_loss":0,"event_name":"Upgrade Shrine","floor":27,"gold_loss":0,"cards_upgraded":["Spot Weakness"]},{"damage_healed":0,"gold_gain":0,"player_choice":"Ignored","damage_taken":0,"max_hp_gain":0,"max_hp_loss":0,"event_name":"Beggar","floor":30,"gold_loss":0}],"is_beta":false,"boss_relics":[{"not_picked":["Tiny House","Eternal Feather"],"picked":"Calling Bell"}],"items_purged_floors":[5,24,29],"is_endless":false,"potions_floor_spawned":[10,12,21,28,31],"killed_by":"Collector","ascension_level":20}