{"gold_per_floor":[118,118,45,45,57,90,90,15,15,26,26,56,70,88,88,163,163,175,191,211,41,41,67,67,15,41,73,73,89,114,125,125,202,202,214,233,233,243,243,243,274,274,274,294,320,336,9,26,26,26,26,26,26,26],"floor_reached":54,"playtime":2828,"items_purged":["Strike_B","Strike_B","Defend_B"],"score":1342,"play_id":"904a9d58-d934-46d1-8a57-366e5e57e791","local_time":"20181209193142","is_ascension_mode":true,"campfire_choices":[{"data":"Zap","floor":7,"key":"SMITH"},{"data":"Go for the Eyes","floor":11,"key":"SMITH"},{"data":"Static Discharge","floor":15,"key":"SMITH"},{"floor":24,"key":"REST"},{"data":"Hologram","floor":28,"key":"SMITH"},{"floor":32,"key":"REST"},{"data":"Glacier","floor":40,"key":"SMITH"},{"floor":42,"key":"REST"},{"floor":49,"key":"RECALL"},{"data":"Echo Form","floor":52,"key":"SMITH"}],"neow_cost":"NONE","seed_source_timestamp":191470215504213,"circlet_count":0,"master_deck":["AscendersBane","Defend_B","Defend_B","Defend_B","Dualcast","Go for the Eyes+1","Glacier+1","Cold Snap","Static Discharge+1","Core Surge","Conserve Battery+1","Electrodynamics","Hologram+1","Ball Lightning+1","Cold Snap+1","Core Surge+1","Compile Driver+1","Hyperbeam+1","Static Discharge+1","Hyperbeam+1","Leap+1","Compile Driver+1","Echo Form+1","Coolheaded+1","Reinforced Body","Hologram+1"],"relics":["Cracked Core","NeowsBlessing","Incense Burner","Gremlin Horn","Snecko Eye","Mercury Hourglass","Omamori","Molten Egg 2","Shuriken","Astrolabe","Oddly Smooth Stone","Meat on the Bone","FossilizedHelix","Lee\u0027s Waffle"],"potions_floor_usage":[16,30,33,45],"damage_taken":[{"damage":0,"enemies":"Cultist","floor":1,"turns":1},{"damage":0,"enemies":"Small Slimes","floor":5,"turns":1},{"damage":0,"enemies":"Lagavulin","floor":6,"turns":1},{"damage":4,"enemies":"Jaw Worm","floor":10,"turns":4},{"damage":17,"enemies":"3 Sentries","floor":12,"turns":10},{"damage":0,"enemies":"Lots of Slimes","floor":13,"turns":5},{"damage":0,"enemies":"Large Slime","floor":14,"turns":8},{"damage":15,"enemies":"Hexaghost","floor":16,"turns":15},{"damage":6,"enemies":"3 Byrds","floor":18,"turns":1},{"damage":12,"enemies":"Chosen","floor":19,"turns":7},{"damage":11,"enemies":"Snake Plant","floor":20,"turns":3},{"damage":7,"enemies":"Slavers","floor":23,"turns":3},{"damage":8,"enemies":"Gremlin Leader","floor":27,"turns":9},{"damage":2,"enemies":"Cultist and Chosen","floor":29,"turns":3},{"damage":4,"enemies":"Book of Stabbing","floor":30,"turns":4},{"damage":13,"enemies":"Centurion and Healer","floor":31,"turns":5},{"damage":37,"enemies":"Champ","floor":33,"turns":16},{"damage":12,"enemies":"3 Darklings","floor":35,"turns":2},{"damage":12,"enemies":"Orb Walker","floor":36,"turns":3},{"damage":16,"enemies":"Sphere and 2 Shapes","floor":38,"turns":4},{"damage":37,"enemies":"Reptomancer","floor":41,"turns":5},{"damage":0,"enemies":"Transient","floor":44,"turns":5},{"damage":33,"enemies":"Nemesis","floor":45,"turns":11},{"damage":0,"enemies":"3 Darklings","floor":46,"turns":3},{"damage":0,"enemies":"4 Shapes","floor":48,"turns":1},{"damage":40,"enemies":"Time Eater","floor":50,"turns":16},{"damage":66,"enemies":"Shield and Spear","floor":54,"turns":3}],"seed_played":"-8486252239313459910","potions_obtained":[{"floor":5,"key":"Block Potion"},{"floor":6,"key":"FocusPotion"},{"floor":10,"key":"FocusPotion"},{"floor":19,"key":"Poison Potion"},{"floor":23,"key":"SpeedPotion"},{"floor":30,"key":"FocusPotion"},{"floor":33,"key":"Dexterity Potion"},{"floor":36,"key":"FocusPotion"},{"floor":44,"key":"FocusPotion"}],"is_trial":false,"path_per_floor":["M","$","$","?","M","E","R","$","T","M","R","E","M","M","R","B",null,"M","M","M","$","?","E","R","$","T","E","R","M","E","M","R","B",null,"M","M","?","M","?","R","E","R","T","M","E","M","$","M","R","B",null,"R","$","E"],"character_chosen":"DEFECT","items_purchased":["Glacier","Electrodynamics","Hologram","Lee\u0027s Waffle"],"campfire_rested":3,"item_purchase_floors":[3,21,25,47],"current_hp_per_floor":[64,64,64,69,69,69,69,69,69,65,65,48,48,48,48,33,65,59,47,36,36,36,29,51,51,51,43,43,41,37,24,46,9,59,47,35,35,19,62,62,25,43,43,43,22,34,69,69,69,41,62,62,62,0],"gold":26,"neow_bonus":"THREE_ENEMY_KILL","is_prod":false,"is_daily":false,"chose_seed":false,"campfire_upgraded":6,"win_rate":0,"timestamp":1544401902,"path_taken":["M","?","$","?","M","E","R","$","T","M","R","E","?","M","R","BOSS","M","M","?","$","?","E","R","$","T","E","R","M","E","M","R","BOSS","M","M","?","M","?","R","E","R","T","M","E","M","$","M","R","BOSS","R","$","E"],"build_version":"2018-12-06","purchased_purges":3,"victory":false,"max_hp_per_floor":[71,71,71,76,76,76,76,76,76,76,76,76,76,76,76,76,76,76,76,76,76,76,76,76,76,76,76,76,76,76,76,76,76,76,76,76,76,76,62,62,62,62,62,62,62,62,69,69,69,69,69,69,69,69],"card_choices":[{"not_picked":["Streamline","Conserve Battery"],"picked":"Go for the Eyes","floor":1},{"not_picked":["Stack","Beam Cell"],"picked":"Cold Snap","floor":5},{"not_picked":["Aggregate","Rebound","Consume"],"picked":"SKIP","floor":6},{"not_picked":["Redo","Fusion"],"picked":"Static Discharge","floor":10},{"not_picked":["Barrage","Hyperbeam","Rebound"],"picked":"SKIP","floor":12},{"not_picked":["BootSequence","Beam Cell","Aggregate"],"picked":"SKIP","floor":13},{"not_picked":["Barrage","Go for the Eyes","Stack"],"picked":"SKIP","floor":14},{"not_picked":["Seek","Hyperbeam"],"picked":"Core Surge","floor":16},{"not_picked":["Hello World","Stack","Redo"],"picked":"SKIP","floor":18},{"not_picked":["Redo","Go for the Eyes","Skim"],"picked":"SKIP","floor":19},{"not_picked":["Rebound","Leap"],"picked":"Conserve Battery+1","floor":20},{"not_picked":["Conserve Battery","Steam Power","Heatsinks"],"picked":"SKIP","floor":23},{"not_picked":["Darkness","Stack"],"picked":"Ball Lightning","floor":27},{"not_picked":["Loop","Auto Shields"],"picked":"Cold Snap+1","floor":29},{"not_picked":["Leap","Stack"],"picked":"Core Surge+1","floor":30},{"not_picked":["BootSequence+1","Storm+1"],"picked":"Compile Driver+1","floor":31},{"not_picked":["Amplify","Fission"],"picked":"Hyperbeam+1","floor":33},{"not_picked":["Ball Lightning+1","Stack+1"],"picked":"Compile Driver+1","floor":35},{"not_picked":["Rebound+1","Gash+1","Chaos"],"picked":"SKIP","floor":36},{"not_picked":["Machine Learning","Coolheaded","Tempest"],"picked":"SKIP","floor":38},{"not_picked":["Sweeping Beam+1","BootSequence+1"],"picked":"Echo Form","floor":41},{"not_picked":["Storm","Cold Snap+1","Gash+1"],"picked":"SKIP","floor":44},{"not_picked":["Cold Snap+1","Tempest"],"picked":"Coolheaded+1","floor":45},{"not_picked":["Melter+1","Tempest"],"picked":"Reinforced Body","floor":46},{"not_picked":["Storm","Redo"],"picked":"Hologram+1","floor":48}],"player_experience":1245692,"relics_obtained":[{"floor":6,"key":"Incense Burner"},{"floor":12,"key":"Gremlin Horn"},{"floor":23,"key":"Mercury Hourglass"},{"floor":26,"key":"Omamori"},{"floor":27,"key":"Molten Egg 2"},{"floor":30,"key":"Shuriken"},{"floor":41,"key":"Oddly Smooth Stone"},{"floor":43,"key":"Meat on the Bone"},{"floor":45,"key":"FossilizedHelix"}],"event_choices":[{"damage_healed":0,"gold_gain":0,"player_choice":"Donut","damage_taken":0,"max_hp_gain":5,"max_hp_loss":0,"event_name":"Big Fish","floor":4,"gold_loss":0},{"damage_healed":0,"gold_gain":0,"player_choice":"Ignored","damage_taken":0,"max_hp_gain":0,"max_hp_loss":0,"event_name":"Beggar","floor":22,"gold_loss":0},{"damage_healed":0,"gold_gain":0,"player_choice":"Ignored","damage_taken":0,"max_hp_gain":0,"max_hp_loss":0,"event_name":"Tomb of Lord Red Mask","floor":37,"gold_loss":0},{"damage_healed":62,"gold_gain":0,"player_choice":"Heal","damage_taken":0,"max_hp_gain":0,"max_hp_loss":14,"event_name":"The Moai Head","floor":39,"gold_loss":0}],"is_beta":false,"boss_relics":[{"not_picked":["FrozenCore","Empty Cage"],"picked":"Snecko Eye"},{"not_picked":["Philosopher\u0027s Stone","Nuclear Battery"],"picked":"Astrolabe"}],"items_purged_floors":[8,21,47],"is_endless":false,"potions_floor_spawned":[5,6,10,13,19,23,30,31,33,36,44],"killed_by":"Shield and Spear","ascension_level":15}