{"gold_per_floor":[116,135,153,153,78,78,90,121,144,174,192,208,237,237],"floor_reached":14,"playtime":463,"items_purged":["Pain"],"score":224,"play_id":"8fd57c30-4eb8-4659-907b-8c93ce93a934","local_time":"20181125144730","is_ascension_mode":true,"campfire_choices":[{"data":"Zap","floor":6,"key":"SMITH"}],"neow_cost":"NONE","seed_source_timestamp":6481696241409,"circlet_count":0,"master_deck":["AscendersBane","Strike_B","Strike_B","Strike_B","Strike_B","Defend_B","Defend_B","Defend_B","Defend_B","Zap+1","Dualcast","Gash","Sunder","Sweeping Beam","Coolheaded","Go for the Eyes","Genetic Algorithm","Loop","Conserve Battery","Double Energy"],"relics":["Cracked Core","WarpedTongs","Bronze Scales","Happy Flower","Ancient Tea Set","Ice Cream"],"potions_floor_usage":[8,13,14],"damage_taken":[{"damage":2,"enemies":"2 Louse","floor":1,"turns":3},{"damage":1,"enemies":"Cultist","floor":2,"turns":3},{"damage":7,"enemies":"Small Slimes","floor":3,"turns":3},{"damage":8,"enemies":"Blue Slaver","floor":7,"turns":3},{"damage":7,"enemies":"Lagavulin","floor":8,"turns":7},{"damage":10,"enemies":"3 Sentries","floor":10,"turns":4},{"damage":4,"enemies":"2 Fungi Beasts","floor":11,"turns":3},{"damage":0,"enemies":"Large Slime","floor":12,"turns":5},{"damage":31,"enemies":"Gremlin Nob","floor":13,"turns":4},{"damage":1,"enemies":"Lots of Slimes","floor":14,"turns":3}],"seed_played":"3699967042824525114","potions_obtained":[{"floor":2,"key":"FocusPotion"},{"floor":7,"key":"Poison Potion"},{"floor":11,"key":"Explosive Potion"}],"is_trial":false,"path_per_floor":["M","M","M","?","$","R","M","E","T","E","M","M","E","M"],"character_chosen":"DEFECT","items_purchased":[],"campfire_rested":0,"item_purchase_floors":[],"current_hp_per_floor":[69,68,61,61,61,61,53,46,46,36,32,32,1,0],"gold":237,"neow_bonus":"TEN_PERCENT_HP_BONUS","is_prod":false,"is_daily":false,"chose_seed":false,"campfire_upgraded":1,"win_rate":0,"timestamp":1543175250,"path_taken":["M","M","M","?","?","R","M","E","T","E","M","?","E","M"],"build_version":"2018-11-15","purchased_purges":1,"victory":false,"max_hp_per_floor":[78,78,78,78,78,78,78,78,78,78,78,78,78,78],"card_choices":[{"not_picked":["Leap","Turbo"],"picked":"Gash","floor":1},{"not_picked":["Hologram","Sweeping Beam"],"picked":"Sunder","floor":2},{"not_picked":["Hologram","Steam"],"picked":"Sweeping Beam","floor":3},{"not_picked":["Streamline","Sunder"],"picked":"Coolheaded","floor":7},{"not_picked":["Gash","Beam Cell"],"picked":"Go for the Eyes","floor":8},{"not_picked":["Cold Snap","Redo"],"picked":"Genetic Algorithm","floor":10},{"not_picked":["Steam","Coolheaded"],"picked":"Loop","floor":11},{"not_picked":["Aggregate","Barrage"],"picked":"Conserve Battery","floor":12},{"not_picked":["Capacitor","Reprogram"],"picked":"Double Energy","floor":13}],"player_experience":1154983,"relics_obtained":[{"floor":8,"key":"Bronze Scales"},{"floor":9,"key":"Happy Flower"},{"floor":10,"key":"Ancient Tea Set"},{"floor":13,"key":"Ice Cream"}],"event_choices":[{"damage_healed":0,"gold_gain":0,"player_choice":"Rummage","damage_taken":0,"relics_obtained":["WarpedTongs"],"max_hp_gain":0,"max_hp_loss":0,"event_name":"Accursed Blacksmith","floor":4,"gold_loss":0,"cards_obtained":["Pain"]}],"is_beta":false,"boss_relics":[],"items_purged_floors":[5],"is_endless":false,"potions_floor_spawned":[2,7,11,12],"killed_by":"Lots of Slimes","ascension_level":20}