{"gold_per_floor":[116,136,211,211,224,224,15,30,56,84,111,123,57,69,69,69],"floor_reached":16,"playtime":558,"items_purged":["Strike_R"],"score":204,"play_id":"2a56eb55-e0c4-4913-ad00-0b49c0eb11c6","local_time":"20181118231020","is_ascension_mode":true,"campfire_choices":[{"data":"Bash","floor":6,"key":"SMITH"},{"data":"Disarm","floor":12,"key":"SMITH"},{"data":"Inflame","floor":15,"key":"SMITH"}],"neow_cost":"NONE","seed_source_timestamp":385996046756409,"circlet_count":0,"master_deck":["AscendersBane","Strike_R","Strike_R","Strike_R","Defend_R","Defend_R","Defend_R","Defend_R","Bash+1","Battle Trance","Battle Trance","Corruption","Disarm+1","Cleave","Headbutt","Rupture","Inflame+1","Sever Soul"],"relics":["Burning Blood","Bag of Preparation","MawBank"],"potions_floor_usage":[8,8,16],"damage_taken":[{"damage":21,"enemies":"Jaw Worm","floor":1,"turns":5},{"damage":5,"enemies":"Small Slimes","floor":2,"turns":3},{"damage":7,"enemies":"Cultist","floor":5,"turns":4},{"damage":3,"enemies":"Gremlin Gang","floor":8,"turns":3},{"damage":27,"enemies":"Gremlin Nob","floor":10,"turns":4},{"damage":6,"enemies":"Lots of Slimes","floor":11,"turns":3},{"damage":13,"enemies":"Exordium Thugs","floor":14,"turns":5},{"damage":25,"enemies":"Hexaghost","floor":16,"turns":9}],"seed_played":"-7551562214241690826","potions_obtained":[{"floor":1,"key":"Swift Potion"},{"floor":5,"key":"Explosive Potion"},{"floor":14,"key":"SpeedPotion"}],"is_trial":false,"path_per_floor":["M","M","?","?","M","R","$","M","T","E","M","R","$","M","R","B"],"character_chosen":"IRONCLAD","items_purchased":["Disarm","Cleave","Inflame"],"campfire_rested":0,"item_purchase_floors":[7,7,13],"current_hp_per_floor":[60,61,50,50,49,49,49,52,52,31,31,31,31,24,24,0],"gold":69,"neow_bonus":"TEN_PERCENT_HP_BONUS","is_prod":false,"is_daily":false,"chose_seed":false,"campfire_upgraded":3,"win_rate":0,"timestamp":1542600620,"path_taken":["M","M","?","?","M","R","$","M","T","E","?","R","$","M","R","BOSS"],"build_version":"2018-11-15","purchased_purges":1,"victory":false,"max_hp_per_floor":[82,82,82,82,82,82,82,82,82,82,82,82,82,82,82,82],"card_choices":[{"not_picked":["Flex","Blood for Blood"],"picked":"Battle Trance","floor":1},{"not_picked":["Sever Soul","Wild Strike"],"picked":"Battle Trance","floor":2},{"not_picked":["Iron Wave","Twin Strike"],"picked":"Corruption","floor":5},{"not_picked":["Intimidate","Heavy Blade"],"picked":"Headbutt","floor":8},{"not_picked":["Iron Wave","Havoc","Cleave"],"picked":"SKIP","floor":10},{"not_picked":["Combust","Anger"],"picked":"Rupture","floor":11},{"not_picked":["Heavy Blade","Clash"],"picked":"Sever Soul","floor":14}],"player_experience":1109348,"relics_obtained":[{"floor":9,"key":"Bag of Preparation"},{"floor":10,"key":"MawBank"}],"event_choices":[{"damage_healed":0,"gold_gain":75,"player_choice":"Gather Gold","damage_taken":11,"max_hp_gain":0,"max_hp_loss":0,"event_name":"World of Goop","floor":3,"gold_loss":0},{"cards_removed":["Strike_R"],"damage_healed":0,"gold_gain":0,"player_choice":"Purged","damage_taken":0,"max_hp_gain":0,"max_hp_loss":0,"event_name":"Purifier","floor":4,"gold_loss":0}],"is_beta":false,"boss_relics":[],"items_purged_floors":[7],"is_endless":false,"potions_floor_spawned":[1,5,14],"killed_by":"Hexaghost","ascension_level":20}