{"gold_per_floor":[117,131,131,147,147,147,44,79,133,133,151,151,76,97,97,186,186,210,210,135,135,135],"floor_reached":22,"playtime":713,"items_purged":["Strike_B"],"score":364,"play_id":"e5d3f6f3-1813-4963-bfe8-f90c2dd4b31c","local_time":"20181115221439","is_ascension_mode":true,"campfire_choices":[{"data":"Loop","floor":6,"key":"SMITH"},{"data":"Defragment","floor":10,"key":"SMITH"},{"floor":15,"key":"REST"}],"neow_cost":"NONE","seed_source_timestamp":123282516096601,"circlet_count":0,"master_deck":["AscendersBane","Strike_B","Defend_B","Defend_B","Defend_B","Defend_B","Zap+1","Dualcast","Cold Snap","Ball Lightning","Loop+1","Compile Driver","Defragment+1","Fission","Hologram","Echo Form","Defragment","Writhe"],"relics":["Cracked Core","Golden Idol","DataDisk","Regal Pillow","Nuclear Battery","Bag of Preparation"],"potions_floor_usage":[8,22],"damage_taken":[{"damage":7,"enemies":"Jaw Worm","floor":1,"turns":2},{"damage":0,"enemies":"2 Louse","floor":2,"turns":3},{"damage":12,"enemies":"Small Slimes","floor":4,"turns":2},{"damage":12,"enemies":"3 Sentries","floor":8,"turns":6},{"damage":9,"enemies":"3 Louse","floor":11,"turns":4},{"damage":4,"enemies":"2 Fungi Beasts","floor":14,"turns":3},{"damage":4,"enemies":"Slime Boss","floor":16,"turns":7},{"damage":1,"enemies":"Spheric Guardian","floor":18,"turns":4},{"damage":21,"enemies":"Colosseum Slavers","floor":22,"turns":3},{"damage":55,"enemies":"Colosseum Nobs","floor":22,"turns":3}],"seed_played":"2980669227638185699","potions_obtained":[{"floor":4,"key":"Block Potion"},{"floor":11,"key":"AttackPotion"}],"is_trial":false,"path_per_floor":["M","M","?","M","?","R","$","E","T","R","M","?","?","M","R","B",null,"M","?","?","?","?"],"character_chosen":"DEFECT","items_purchased":["Compile Driver"],"campfire_rested":1,"item_purchase_floors":[7],"current_hp_per_floor":[57,57,62,50,50,50,50,38,38,38,29,29,29,25,60,56,66,65,65,65,65,0],"gold":135,"neow_bonus":"UPGRADE_CARD","is_prod":false,"is_daily":false,"chose_seed":false,"campfire_upgraded":2,"win_rate":0,"timestamp":1542338079,"path_taken":["M","M","?","M","?","R","?","E","T","R","M","?","?","M","R","BOSS","M","?","?","?","?"],"build_version":"2018-11-15","purchased_purges":1,"victory":false,"max_hp_per_floor":[71,71,76,76,69,69,69,69,69,69,69,69,69,69,69,69,69,69,69,69,69,69],"card_choices":[{"not_picked":["FTL","Compile Driver"],"picked":"Cold Snap","floor":1},{"not_picked":["Streamline","Beam Cell"],"picked":"Ball Lightning","floor":2},{"not_picked":["Gash","Steam"],"picked":"Loop","floor":4},{"not_picked":["Turbo","Ball Lightning"],"picked":"Defragment","floor":8},{"not_picked":["Steam","Tempest"],"picked":"Fission","floor":11},{"not_picked":["Steam","Turbo"],"picked":"Hologram","floor":14},{"not_picked":["Creative AI","Rainbow"],"picked":"Echo Form","floor":16},{"not_picked":["Rebound","Turbo","Sunder"],"picked":"SKIP","floor":18}],"player_experience":1058097,"relics_obtained":[{"floor":8,"key":"DataDisk"},{"floor":9,"key":"Regal Pillow"}],"event_choices":[{"damage_healed":0,"gold_gain":0,"player_choice":"Donut","damage_taken":0,"max_hp_gain":5,"max_hp_loss":0,"event_name":"Big Fish","floor":3,"gold_loss":0},{"damage_healed":0,"gold_gain":0,"player_choice":"Lose Max HP","damage_taken":0,"relics_obtained":["Golden Idol"],"max_hp_gain":0,"max_hp_loss":7,"event_name":"Golden Idol","floor":5,"gold_loss":0},{"damage_healed":0,"gold_gain":0,"player_choice":"Ignored","damage_taken":0,"max_hp_gain":0,"max_hp_loss":0,"event_name":"Liars Game","floor":12,"gold_loss":0},{"cards_removed":["Strike_B"],"damage_healed":0,"gold_gain":0,"player_choice":"Card Removal","damage_taken":0,"max_hp_gain":0,"max_hp_loss":0,"event_name":"The Cleric","floor":13,"gold_loss":75},{"damage_healed":0,"gold_gain":0,"player_choice":"Read","damage_taken":0,"max_hp_gain":0,"max_hp_loss":0,"event_name":"The Library","floor":19,"gold_loss":0,"cards_obtained":["Defragment"]},{"cards_removed":["Strike_B"],"damage_healed":0,"gold_gain":0,"player_choice":"Gave Gold","damage_taken":0,"max_hp_gain":0,"max_hp_loss":0,"event_name":"Beggar","floor":20,"gold_loss":75},{"damage_healed":0,"gold_gain":0,"player_choice":"Opened","damage_taken":0,"relics_obtained":["Bag of Preparation"],"max_hp_gain":0,"max_hp_loss":0,"event_name":"The Mausoleum","floor":21,"gold_loss":0,"cards_obtained":["Writhe"]},{"damage_healed":0,"gold_gain":0,"player_choice":"Fight","damage_taken":0,"max_hp_gain":0,"max_hp_loss":0,"event_name":"Colosseum","floor":22,"gold_loss":0},{"damage_healed":0,"gold_gain":0,"player_choice":"Fought Nobs","damage_taken":0,"max_hp_gain":0,"max_hp_loss":0,"event_name":"Colosseum","floor":22,"gold_loss":0}],"is_beta":false,"boss_relics":[{"not_picked":["White Beast Statue","Velvet Choker"],"picked":"Nuclear Battery"}],"items_purged_floors":[7],"is_endless":false,"potions_floor_spawned":[4,11],"killed_by":"Colosseum Nobs","ascension_level":20}