{"gold_per_floor":[211,361,380,380,403,403,422,422,422,422,437,470,488,0,0,0],"floor_reached":16,"playtime":672,"items_purged":["Strike_G"],"score":204,"play_id":"5bddee05-4484-4ffc-a07d-d36b46562182","local_time":"20181023190022","is_ascension_mode":true,"campfire_choices":[{"data":"Neutralize","floor":6.0,"key":"SMITH"},{"data":"Dash","floor":8.0,"key":"SMITH"},{"data":"Noxious Fumes","floor":15,"key":"SMITH"}],"neow_cost":"NONE","seed_source_timestamp":427845089498628,"circlet_count":0,"master_deck":["Defend_G","Defend_G","Defend_G","Defend_G","Defend_G","Strike_G","Strike_G","Strike_G","Strike_G","Survivor","Neutralize+1","AscendersBane","Flying Knee","Bouncing Flask","Dash+1","Calculated Gamble","All Out Attack","Dash","Noxious Fumes+1","Cloak And Dagger"],"special_seed":0,"relics":["Ring of the Snake","Golden Idol","Regal Pillow","Ninja Scroll","Pear"],"potions_floor_usage":[],"damage_taken":[{"damage":3.0,"enemies":"2 Louse","floor":1.0,"turns":4.0},{"damage":1.0,"enemies":"Cultist","floor":3.0,"turns":4.0},{"damage":4.0,"enemies":"Small Slimes","floor":5.0,"turns":3.0},{"damage":3.0,"enemies":"3 Louse","floor":7.0,"turns":4.0},{"damage":0.0,"enemies":"2 Fungi Beasts","floor":11.0,"turns":3.0},{"damage":13.0,"enemies":"Lagavulin","floor":12.0,"turns":8.0},{"damage":0,"enemies":"Exordium Thugs","floor":13,"turns":4},{"damage":23,"enemies":"Slime Boss","floor":16,"turns":8}],"seed_played":"3474994934961100675","potions_obtained":[{"floor":1.0,"key":"FearPotion"}],"is_trial":false,"path_per_floor":["M","?","M","?","M","R","M","R","T","?","M","E","M","$","R"],"character_chosen":"THE_SILENT","items_purchased":["Pear","Noxious Fumes","Cloak And Dagger"],"campfire_rested":0,"item_purchase_floors":[14,14,14],"current_hp_per_floor":[56,56,55,32,28,28,25,25,25,25,25,12,12,22,22,0],"gold":0,"neow_bonus":"HUNDRED_GOLD","is_prod":false,"is_daily":false,"chose_seed":false,"campfire_upgraded":3,"win_rate":0,"timestamp":1540335622,"path_taken":["M","?","M","?","M","R","M","R","T","?","M","E","?","$","R","BOSS"],"build_version":"2018-10-18","purchased_purges":1,"victory":false,"max_hp_per_floor":[66,66,66,66,66,66,66,66,66,66,66,66,66,76,76,76],"card_choices":[{"not_picked":["Endless Agony","Underhanded Strike"],"picked":"Flying Knee","floor":1.0},{"not_picked":["Bane","Caltrops"],"picked":"Bouncing Flask","floor":3.0},{"not_picked":["Riddle With Holes","Reflex"],"picked":"Dash","floor":5.0},{"not_picked":["Dagger Spray","Bane"],"picked":"Calculated Gamble","floor":7.0},{"not_picked":["Dagger Throw","Outmaneuver"],"picked":"All Out Attack","floor":11.0},{"not_picked":["Reflex","Choke","All Out Attack"],"picked":"SKIP","floor":12.0},{"not_picked":["Expertise","Dodge and Roll"],"picked":"Dash","floor":13}],"player_experience":962893,"relics_obtained":[{"floor":9.0,"key":"Regal Pillow"},{"floor":12.0,"key":"Ninja Scroll"}],"event_choices":[{"damage_healed":0.0,"max_hp_gain":0.0,"max_hp_loss":0.0,"gold_gain":150.0,"event_name":"Liars Game","player_choice":"AGREE","floor":2.0,"gold_loss":0.0,"damage_taken":0.0,"cards_obtained":["Doubt"]},{"damage_healed":0.0,"max_hp_gain":0.0,"max_hp_loss":0.0,"gold_gain":0.0,"event_name":"Golden Idol","player_choice":"Take Damage","floor":4.0,"gold_loss":0.0,"damage_taken":23.0,"relics_obtained":["Golden Idol"]},{"cards_removed":["Doubt"],"damage_healed":0.0,"max_hp_gain":0.0,"max_hp_loss":0.0,"gold_gain":0.0,"event_name":"Living Wall","player_choice":"Forget","floor":10.0,"gold_loss":0.0,"damage_taken":0.0}],"is_beta":false,"boss_relics":[],"items_purged_floors":[14],"is_endless":false,"potions_floor_spawned":[1],"killed_by":"Slime Boss","ascension_level":20}