{"gold_per_floor":[15,26,40,53,53,53,85,85,155,188,188,28,28,28,28,103,103,120,137,154,154,154],"floor_reached":22,"playtime":709,"items_purged":[],"score":388,"play_id":"0d87f927-e1d3-4635-b524-141ab6e1d198","local_time":"20181023205804","is_ascension_mode":true,"campfire_choices":[{"data":"Zap","floor":6,"key":"SMITH"},{"data":"Dualcast","floor":8,"key":"SMITH"},{"data":"Darkness","floor":11,"key":"SMITH"},{"data":"Auto Shields","floor":15,"key":"SMITH"}],"neow_cost":"NO_GOLD","seed_source_timestamp":434922219201328,"circlet_count":0,"master_deck":["Strike_B","Strike_B","Strike_B","Defend_B","Defend_B","Defend_B","Defend_B","Zap+1","Dualcast+1","AscendersBane","Ball Lightning","Auto Shields+1","Cold Snap","Ball Lightning","Echo Form","Darkness+1","Seek","Buffer","Go for the Eyes","White Noise","Conserve Battery"],"relics":["Cracked Core","WingedGreaves","Dead Branch","Question Card","Ancient Tea Set","Happy Flower","Centennial Puzzle","Runic Dome","Oddly Smooth Stone"],"potions_floor_usage":[10,16,18,22],"damage_taken":[{"damage":1,"enemies":"2 Louse","floor":1,"turns":2},{"damage":0,"enemies":"Cultist","floor":2,"turns":3},{"damage":0,"enemies":"Jaw Worm","floor":3,"turns":3},{"damage":0,"enemies":"Looter","floor":4,"turns":2},{"damage":13,"enemies":"3 Sentries","floor":7,"turns":8},{"damage":8,"enemies":"Gremlin Nob","floor":10,"turns":3},{"damage":5,"enemies":"Hexaghost","floor":16,"turns":7},{"damage":15,"enemies":"2 Thieves","floor":18,"turns":3},{"damage":17,"enemies":"Spheric Guardian","floor":19,"turns":4},{"damage":5,"enemies":"Centurion and Healer","floor":20,"turns":7},{"damage":30,"enemies":"Colosseum Slavers","floor":22,"turns":2}],"seed_played":"3782929350931327041","potions_obtained":[{"floor":5,"key":"Ancient Potion"},{"floor":5,"key":"Poison Potion"},{"floor":7,"key":"Explosive Potion"},{"floor":10,"key":"Regen Potion"},{"floor":16,"key":"Poison Potion"},{"floor":19,"key":"Poison Potion"}],"is_trial":false,"path_per_floor":["M","M","M","M","?","R","E","R","T","E","R","$","?","?","R","B",null,"M","M","M","?"],"character_chosen":"DEFECT","items_purchased":["Happy Flower"],"campfire_rested":0,"item_purchase_floors":[12],"current_hp_per_floor":[63,63,63,63,63,63,50,50,50,42,42,42,16,16,16,26,60,45,28,23,23,0],"gold":154,"neow_bonus":"ONE_RARE_RELIC","is_prod":false,"is_daily":false,"chose_seed":false,"campfire_upgraded":4,"win_rate":0,"timestamp":1540342684,"path_taken":["M","M","M","M","?","R","E","R","T","E","R","$","?","?","R","BOSS","M","M","M","?","?"],"build_version":"2018-10-18","purchased_purges":0,"victory":false,"max_hp_per_floor":[71,71,71,71,71,71,71,71,71,71,71,71,71,71,71,71,71,71,71,71,71,71],"card_choices":[{"not_picked":["Beam Cell","Self Repair"],"picked":"Ball Lightning","floor":1},{"not_picked":["Steam Power","Chill"],"picked":"Auto Shields","floor":2},{"not_picked":["Hologram","Conserve Battery"],"picked":"Cold Snap","floor":3},{"not_picked":["Chaos","Fusion"],"picked":"Ball Lightning","floor":4},{"not_picked":["Cold Snap","Undo"],"picked":"Echo Form","floor":7},{"not_picked":["Redo","Force Field","Rip and Tear"],"picked":"Darkness","floor":10},{"not_picked":["Creative AI","Multi-Cast","Hyperbeam"],"picked":"Buffer","floor":16},{"not_picked":["Genetic Algorithm","Streamline","Coolheaded"],"picked":"Go for the Eyes","floor":18},{"not_picked":["Skim","Cold Snap","Force Field"],"picked":"White Noise","floor":19},{"not_picked":["Streamline","Steam Power","Thunder Strike"],"picked":"Conserve Battery","floor":20}],"player_experience":963565,"relics_obtained":[{"floor":7,"key":"Dead Branch"},{"floor":9,"key":"Question Card"},{"floor":10,"key":"Ancient Tea Set"}],"event_choices":[{"damage_healed":0,"gold_gain":0,"player_choice":"Got Potions","damage_taken":0,"max_hp_gain":0,"max_hp_loss":0,"event_name":"The Lab","floor":5,"gold_loss":0},{"damage_healed":0,"gold_gain":0,"player_choice":"Success","damage_taken":26,"relics_obtained":["Centennial Puzzle"],"max_hp_gain":0,"max_hp_loss":0,"event_name":"Scrap Ooze","floor":13,"gold_loss":0},{"damage_healed":0,"gold_gain":0,"cards_transformed":["Strike_B"],"player_choice":"Transformed","damage_taken":0,"max_hp_gain":0,"max_hp_loss":0,"event_name":"Transmorgrifier","floor":14,"gold_loss":0,"cards_obtained":["Seek"]},{"damage_healed":0,"gold_gain":0,"player_choice":"Gave Potion","damage_taken":0,"relics_obtained":["Oddly Smooth Stone"],"max_hp_gain":0,"max_hp_loss":0,"event_name":"WeMeetAgain","floor":21,"gold_loss":0},{"damage_healed":0,"gold_gain":0,"player_choice":"Fight","damage_taken":0,"max_hp_gain":0,"max_hp_loss":0,"event_name":"Colosseum","floor":22,"gold_loss":0}],"is_beta":false,"boss_relics":[{"not_picked":["Velvet Choker","Eternal Feather"],"picked":"Runic Dome"}],"items_purged_floors":[],"is_endless":false,"potions_floor_spawned":[7,10,16,19],"killed_by":"Colosseum Slavers","ascension_level":20}