{"gold_per_floor":[112,112,112,112,71,96,112,139,191,191],"floor_reached":10,"playtime":262,"items_purged":[],"score":128,"play_id":"23836d25-556a-41ea-ac83-5cee324dc9ab","local_time":"20190602235318","is_ascension_mode":true,"campfire_choices":[],"neow_cost":"CURSE","seed_source_timestamp":276033417345360,"circlet_count":0,"master_deck":["AscendersBane","Strike_B","Strike_B","Strike_B","Strike_B","Defend_B","Defend_B","Defend_B","Defend_B","Zap","Dualcast","Seek","Sweeping Beam","Doom and Gloom","Hologram","Defragment"],"special_seed":0,"relics":["Cracked Core","Mercury Hourglass","Pen Nib","Happy Flower"],"potions_floor_usage":[10],"damage_taken":[{"damage":0.0,"enemies":"Small Slimes","floor":1.0,"turns":3.0},{"damage":37.0,"enemies":"Gremlin Nob","floor":6.0,"turns":4.0},{"damage":2,"enemies":"Jaw Worm","floor":7,"turns":4},{"damage":26,"enemies":"3 Sentries","floor":10,"turns":4}],"seed_played":"-7276420945934595778","potions_obtained":[{"floor":1.0,"key":"Dexterity Potion"},{"floor":7,"key":"Energy Potion"}],"is_trial":false,"path_per_floor":["M","?","?","?","$","E","M","T","T","E"],"character_chosen":"DEFECT","items_purchased":["Doom and Gloom"],"campfire_rested":0,"item_purchase_floors":[5],"current_hp_per_floor":[64,64,57,62,62,25,23,23,23,0],"gold":191,"neow_bonus":"THREE_RARE_CARDS","is_prod":false,"is_daily":false,"chose_seed":false,"campfire_upgraded":0,"win_rate":0,"timestamp":1559533998,"path_taken":["M","?","?","?","$","E","M","?","T","E"],"build_version":"2019-01-23","purchased_purges":0,"victory":false,"max_hp_per_floor":[71,71,71,76,76,76,76,76,76,76],"card_choices":[{"not_picked":["Thunder Strike","Amplify"],"picked":"Seek","floor":0.0},{"not_picked":["Beam Cell","Rebound"],"picked":"Sweeping Beam","floor":1.0},{"not_picked":["Meteor Strike","Barrage"],"picked":"Hologram","floor":6.0},{"not_picked":["Leap","Stack"],"picked":"Defragment","floor":7}],"player_experience":1452292,"relics_obtained":[{"floor":6.0,"key":"Mercury Hourglass"},{"floor":8,"key":"Pen Nib"},{"floor":9,"key":"Happy Flower"}],"event_choices":[{"damage_healed":0.0,"max_hp_gain":0.0,"max_hp_loss":0.0,"gold_gain":0.0,"event_name":"Liars Game","player_choice":"Ignored","floor":2.0,"gold_loss":0.0,"damage_taken":0.0},{"cards_removed":["Shame"],"damage_healed":0.0,"max_hp_gain":0.0,"max_hp_loss":0.0,"gold_gain":0.0,"event_name":"Golden Wing","player_choice":"Card Removal","floor":3.0,"gold_loss":0.0,"damage_taken":7.0},{"damage_healed":0.0,"max_hp_gain":5.0,"max_hp_loss":0.0,"gold_gain":0.0,"event_name":"Big Fish","player_choice":"Donut","floor":4.0,"gold_loss":0.0,"damage_taken":0.0}],"is_beta":false,"boss_relics":[],"items_purged_floors":[],"is_endless":false,"potions_floor_spawned":[1,7],"killed_by":"3 Sentries","ascension_level":20}