{"gold_per_floor":[113,128,146,163,182,182,24,34,34,52,52,84,84,113,113,218,218,238,254,33,50,50,63,162,15,64,64,97,97,97,115,115,115],"floor_reached":33,"playtime":1563,"items_purged":["Parasite"],"score":354,"play_id":"b6ce08ee-53b3-4c89-a859-a2c10768c431","local_time":"20180812225150","is_ascension_mode":false,"campfire_choices":[{"data":"Hemokinesis","floor":6,"key":"SMITH"},{"data":"Metallicize","floor":13,"key":"SMITH"},{"data":"Inflame","floor":15,"key":"SMITH"},{"floor":27,"key":"REST"},{"data":"Exhume","floor":30,"key":"SMITH"},{"data":"Anger","floor":32,"key":"SMITH"}],"neow_cost":"NONE","seed_source_timestamp":77615729555216,"circlet_count":0,"master_deck":["Strike_R+1","Strike_R+1","Strike_R+1","Strike_R+1","Strike_R+1","Defend_R+1","Defend_R+1","Defend_R+1","Defend_R+1","Bash","Metallicize+1","Anger+1","Shrug It Off","Hemokinesis+1","Feel No Pain","Feed","True Grit+1","Ghostly Armor","Inflame+1","Offering","Thunderclap","Feed","Warcry","Pommel Strike","Metallicize","Headbutt","Warcry+1","Bludgeon","Parasite","Exhume+1"],"relics":["Cursed Key"],"potions_floor_usage":[10,10,10,10,12,12,16,19,19,28,33],"damage_taken":[{"damage":4,"enemies":"Cultist","floor":1,"turns":4},{"damage":0,"enemies":"Small Slimes","floor":2,"turns":3},{"damage":0,"enemies":"2 Louse","floor":3,"turns":2},{"damage":10,"enemies":"Large Slime","floor":4,"turns":7},{"damage":7,"enemies":"Blue Slaver","floor":5,"turns":4},{"damage":3,"enemies":"3 Louse","floor":8,"turns":3},{"damage":0,"enemies":"Exordium Wildlife","floor":10,"turns":4},{"damage":2,"enemies":"Lagavulin","floor":12,"turns":7},{"damage":10,"enemies":"3 Sentries","floor":14,"turns":11},{"damage":26,"enemies":"Hexaghost","floor":16,"turns":14},{"damage":11,"enemies":"Spheric Guardian","floor":18,"turns":4},{"damage":29,"enemies":"2 Thieves","floor":19,"turns":5},{"damage":14,"enemies":"Snecko","floor":21,"turns":6},{"damage":12,"enemies":"3 Cultists","floor":23,"turns":7},{"damage":13,"enemies":"Slavers","floor":28,"turns":5},{"damage":11,"enemies":"Snake Plant","floor":31,"turns":3},{"damage":85,"enemies":"Champ","floor":33,"turns":10}],"seed_played":"-7120430805628846791","potions_obtained":[{"floor":2,"key":"Explosive Potion"},{"floor":4,"key":"Dexterity Potion"},{"floor":5,"key":"EntropicBrew"},{"floor":14,"key":"Weak Potion"},{"floor":16,"key":"SteroidPotion"},{"floor":18,"key":"BloodPotion"},{"floor":23,"key":"EssenceOfSteel"},{"floor":31,"key":"PowerPotion"}],"is_trial":false,"path_per_floor":["M","M","M","M","M","R","$","M","T","M","?","E","R","E","R","B",null,"M","M","$","M","?","M","?","$","T","R","E","?","R","M","R"],"character_chosen":"IRONCLAD","items_purchased":["Feed","Warcry","Pommel Strike","Metallicize","Bludgeon"],"campfire_rested":1,"item_purchase_floors":[7,20,20,20,25],"current_hp_per_floor":[76,76,76,66,59,59,59,59,59,62,62,63,63,56,56,33,95,87,70,70,56,56,47,47,47,47,77,70,70,70,62,62,0],"gold":115,"neow_bonus":"BOSS_RELIC","is_prod":false,"is_daily":false,"chose_seed":false,"campfire_upgraded":5,"win_rate":0,"timestamp":1534128710,"path_taken":["M","M","M","?","M","R","$","M","T","M","?","E","R","E","R","BOSS","M","M","$","M","?","M","?","$","T","R","E","?","R","M","R","BOSS"],"build_version":"2018-08-09","purchased_purges":1,"victory":false,"max_hp_per_floor":[80,80,80,80,80,80,80,83,83,86,86,89,89,92,92,95,95,98,101,98,98,98,101,101,101,101,101,107,107,107,110,110,110],"card_choices":[{"not_picked":["Cleave","Clash"],"picked":"Metallicize","floor":1},{"not_picked":["Warcry","Carnage"],"picked":"Anger","floor":2},{"not_picked":["Perfected Strike","Sword Boomerang"],"picked":"Shrug It Off","floor":3},{"not_picked":["Sever Soul","Iron Wave"],"picked":"Hemokinesis","floor":4},{"not_picked":["Pommel Strike","Ghostly Armor"],"picked":"Feel No Pain","floor":5},{"not_picked":["Twin Strike","Heavy Blade"],"picked":"True Grit","floor":8},{"not_picked":["Anger","Thunderclap"],"picked":"Ghostly Armor","floor":10},{"not_picked":["Corruption","Rampage"],"picked":"Inflame","floor":12},{"not_picked":["Juggernaut","Second Wind","Anger"],"picked":"SKIP","floor":14},{"not_picked":["Juggernaut","Brutality"],"picked":"Offering","floor":16},{"not_picked":["Perfected Strike+1","Havoc"],"picked":"Thunderclap","floor":18},{"not_picked":["Seeing Red","Warcry"],"picked":"Feed","floor":19},{"not_picked":["Twin Strike","Feel No Pain"],"picked":"Headbutt","floor":21},{"not_picked":["Intimidate","Thunderclap+1"],"picked":"Warcry+1","floor":23},{"not_picked":["Combust","Twin Strike+1"],"picked":"Exhume","floor":28},{"not_picked":["Havoc","Cleave+1","Infernal Blade"],"picked":"SKIP","floor":31}],"player_experience":497749,"relics_obtained":[],"event_choices":[{"event_name":"Upgrade Shrine","player_choice":"Upgraded","floor":11,"damage_taken":0},{"event_name":"Back to Basics","player_choice":"Simplicity","floor":22,"damage_taken":0},{"event_name":"Nest","player_choice":"Stole From Cult","floor":24,"damage_taken":0},{"event_name":"Cursed Tome","player_choice":"Ignored","floor":29,"damage_taken":0}],"is_beta":false,"boss_relics":[{"not_picked":["Tiny House","Empty Cage","Busted Crown"]}],"items_purged_floors":[20],"is_endless":false,"potions_floor_spawned":[2,4,5,14,16,18,23,31],"killed_by":"Champ","ascension_level":0}