{"gold_per_floor":[116,41,16,34,53,53,87,87,87,7,7,7,22,37,37,116,116,116,116,116,116,116,116],"floor_reached":23,"playtime":1107,"items_purged":[],"score":367,"play_id":"96668788-08b8-4e8d-8d84-80abf397f765","local_time":"20190723082710","is_ascension_mode":true,"campfire_choices":[{"data":"Armaments","floor":6,"key":"SMITH"},{"floor":8,"key":"REST"},{"data":"True Grit","floor":11,"key":"SMITH"},{"floor":15,"key":"REST"}],"neow_cost":"NONE","seed_source_timestamp":25551410311498,"circlet_count":0,"master_deck":["AscendersBane","Strike_R","Strike_R","Strike_R","Strike_R","Defend_R","Defend_R","Defend_R","Defend_R","Bash","Anger","Armaments+1","Clothesline","True Grit+1","Dropkick","Impervious","Exhume","Shrug It Off+1","Shrug It Off","Armaments+1"],"relics":["Burning Blood","Magic Flower","Nunchaku","Ectoplasm","SsserpentHead"],"potions_floor_usage":[5,20,22],"damage_taken":[{"damage":2,"enemies":"2 Louse","floor":1,"turns":4},{"damage":17,"enemies":"Small Slimes","floor":4,"turns":5},{"damage":3,"enemies":"Jaw Worm","floor":5,"turns":2},{"damage":44,"enemies":"Lagavulin","floor":7,"turns":10},{"damage":5,"enemies":"Large Slime","floor":13,"turns":8},{"damage":17,"enemies":"Exordium Thugs","floor":14,"turns":7},{"damage":90,"enemies":"Hexaghost","floor":16,"turns":13},{"damage":40,"enemies":"3 Byrds","floor":18,"turns":10},{"damage":10,"enemies":"Chosen","floor":20,"turns":6},{"damage":10,"enemies":"Centurion and Healer","floor":21,"turns":8},{"damage":24,"enemies":"Shelled Parasite and Fungi","floor":22,"turns":8},{"damage":22,"enemies":"Book of Stabbing","floor":23,"turns":6}],"seed_played":"3983187440924202100","potions_obtained":[{"floor":1,"key":"EssenceOfSteel"},{"floor":7,"key":"FairyPotion"},{"floor":16,"key":"Explosive Potion"},{"floor":20,"key":"AttackPotion"},{"floor":22,"key":"Energy Potion"}],"is_trial":false,"path_per_floor":["M","?","$","M","M","R","E","R","T","$","R","?","M","M","R","B",null,"M","?","M","M","M","E"],"character_chosen":"IRONCLAD","items_purchased":["Armaments","Dropkick"],"campfire_rested":2,"item_purchase_floors":[3,10],"current_hp_per_floor":[79,79,79,68,71,71,33,57,57,57,57,62,66,58,84,15,69,38,38,37,36,21,0],"gold":116,"neow_bonus":"TEN_PERCENT_HP_BONUS","is_prod":false,"is_daily":false,"chose_seed":false,"campfire_upgraded":2,"win_rate":0,"timestamp":1563884830,"path_taken":["M","?","$","M","M","R","E","R","T","$","R","?","M","?","R","BOSS","M","?","M","?","M","E"],"build_version":"2019-07-17","purchased_purges":0,"victory":false,"max_hp_per_floor":[82,82,82,82,82,82,82,82,82,82,82,87,87,87,87,87,87,87,87,87,87,87,87],"card_choices":[{"not_picked":["Corruption","Havoc"],"picked":"Anger","floor":1},{"not_picked":["Warcry","Pommel Strike"],"picked":"Clothesline","floor":4},{"not_picked":["Corruption","Heavy Blade"],"picked":"True Grit","floor":5},{"not_picked":["Heavy Blade","Second Wind","Flex"],"picked":"SKIP","floor":7},{"not_picked":["Twin Strike","Infernal Blade","Clothesline"],"picked":"SKIP","floor":13},{"not_picked":["Iron Wave","Sentinel"],"picked":"Impervious","floor":14},{"not_picked":["Brutality","Bludgeon"],"picked":"Exhume","floor":16},{"not_picked":["Body Slam","Cleave"],"picked":"Shrug It Off+1","floor":18},{"not_picked":["Clothesline","Corruption"],"picked":"Shrug It Off","floor":20},{"not_picked":["Infernal Blade","Seeing Red"],"picked":"Armaments+1","floor":21},{"not_picked":["Heavy Blade","Hemokinesis","Wild Strike"],"picked":"SKIP","floor":22}],"player_experience":591249,"relics_obtained":[{"floor":7,"key":"Magic Flower"},{"floor":9,"key":"Nunchaku"}],"event_choices":[{"cards_removed":["Strike_R"],"damage_healed":0,"gold_gain":0,"player_choice":"Card Removal","damage_taken":0,"max_hp_gain":0,"max_hp_loss":0,"event_name":"The Cleric","floor":2,"gold_loss":75},{"damage_healed":0,"gold_gain":0,"player_choice":"Donut","damage_taken":0,"max_hp_gain":5,"max_hp_loss":0,"event_name":"Big Fish","floor":12,"gold_loss":0},{"damage_healed":0,"gold_gain":0,"player_choice":"Trade","damage_taken":0,"relics_obtained":["SsserpentHead"],"max_hp_gain":0,"max_hp_loss":0,"event_name":"FaceTrader","floor":19,"gold_loss":0}],"is_beta":false,"boss_relics":[{"not_picked":["Black Star","Philosopher\u0027s Stone"],"picked":"Ectoplasm"}],"items_purged_floors":[],"is_endless":false,"potions_floor_spawned":[1,7,16,20,22],"killed_by":"Book of Stabbing","ascension_level":18}