{"gold_per_floor":[119,119,119,139,154,187,187,219,264,264,278,313,313,330,330,406,406,418,438,450,450,469,469,8,8,8,8,58,58],"floor_reached":29,"playtime":1270,"items_purged":["Strike_R"],"score":425,"play_id":"5d228f88-c82f-4b4c-93a0-b8277659f98c","local_time":"20181019110728","is_ascension_mode":true,"campfire_choices":[{"data":"Bash","floor":7.0,"key":"SMITH"},{"data":"Disarm","floor":13,"key":"SMITH"},{"data":"Spot Weakness","floor":15,"key":"SMITH"},{"data":"Spot Weakness","floor":23,"key":"SMITH"},{"data":"Body Slam","floor":25,"key":"SMITH"},{"data":"Evolve","floor":27,"key":"SMITH"}],"neow_cost":"NONE","seed_source_timestamp":0,"circlet_count":0,"master_deck":["Strike_R","Strike_R","Strike_R","Strike_R","Defend_R","Defend_R","Defend_R","Defend_R","Bash+1","AscendersBane","Wild Strike","Evolve+1","Warcry","Headbutt","Entrench+1","Clothesline","Disarm+1","Spot Weakness+1","Reaper","Wild Strike","Spot Weakness+1","Wild Strike","Body Slam+1","Offering","Finesse"],"special_seed":0,"relics":["Burning Blood","Darkstone Periapt","Centennial Puzzle","Lantern","Thread and Needle","Velvet Choker","Pen Nib","Charon\u0027s Ashes"],"potions_floor_usage":[18,20],"damage_taken":[{"damage":0.0,"enemies":"Small Slimes","floor":1.0,"turns":3.0},{"damage":1.0,"enemies":"Cultist","floor":4.0,"turns":4.0},{"damage":8.0,"enemies":"Jaw Worm","floor":5.0,"turns":4.0},{"damage":30.0,"enemies":"3 Sentries","floor":6.0,"turns":10.0},{"damage":30.0,"enemies":"Lagavulin","floor":8.0,"turns":6.0},{"damage":6.0,"enemies":"Looter","floor":11.0,"turns":3.0},{"damage":15.0,"enemies":"3 Sentries","floor":12.0,"turns":8.0},{"damage":0,"enemies":"3 Louse","floor":14,"turns":4},{"damage":17,"enemies":"Hexaghost","floor":16,"turns":13},{"damage":13,"enemies":"Shell Parasite","floor":18,"turns":5},{"damage":17,"enemies":"Chosen","floor":19,"turns":6},{"damage":20,"enemies":"Shelled Parasite and Fungi","floor":20,"turns":5},{"damage":18,"enemies":"Colosseum Slavers","floor":21,"turns":3},{"damage":34,"enemies":"Snake Plant","floor":22,"turns":5},{"damage":32,"enemies":"Slavers","floor":29,"turns":2}],"seed_played":"-7330577733491970370","potions_obtained":[{"floor":0.0,"key":"SteroidPotion"},{"floor":0.0,"key":"Dexterity Potion"},{"floor":4.0,"key":"Regen Potion"},{"floor":12,"key":"Block Potion"},{"floor":19,"key":"AttackPotion"}],"is_trial":false,"path_per_floor":["M","?","?","M","M","E","R","E","T","?","M","E","R","M","R","B",null,"M","M","M","?","M","R","$","R","T","R","?"],"character_chosen":"IRONCLAD","items_purchased":["Pen Nib","Offering","Finesse"],"campfire_rested":0,"item_purchase_floors":[24,24,24],"current_hp_per_floor":[74,63,68,73,71,62,62,38,38,38,38,29,29,35,35,24,66,71,60,56,44,16,16,16,16,16,16,16,0],"gold":58,"neow_bonus":"THREE_SMALL_POTIONS","is_prod":false,"is_daily":false,"chose_seed":false,"campfire_upgraded":6,"win_rate":0,"timestamp":1539961648,"path_taken":["M","?","?","M","M","E","R","E","T","?","?","E","R","M","R","BOSS","M","M","M","?","M","R","$","R","T","R","?","E"],"build_version":"2018-10-18","purchased_purges":1,"victory":false,"max_hp_per_floor":[75,75,80,80,80,80,80,80,80,80,80,80,80,80,80,80,80,80,80,80,80,80,80,80,80,80,80,80,80],"card_choices":[{"not_picked":["Iron Wave","Warcry"],"picked":"Wild Strike","floor":1.0},{"not_picked":["Flex","Corruption"],"picked":"Evolve","floor":4.0},{"not_picked":["Sword Boomerang","Sentinel"],"picked":"Warcry","floor":5.0},{"not_picked":["Anger","Thunderclap"],"picked":"Headbutt","floor":6.0},{"not_picked":["Havoc","Seeing Red"],"picked":"Entrench","floor":8.0},{"not_picked":["Heavy Blade","Havoc"],"picked":"Clothesline","floor":11.0},{"not_picked":["Bloodletting","Blood for Blood"],"picked":"Disarm","floor":12},{"not_picked":["Bloodletting","Dropkick"],"picked":"Spot Weakness","floor":14},{"not_picked":["Exhume","Brutality"],"picked":"Reaper","floor":16},{"not_picked":["Clash","Disarm"],"picked":"Wild Strike","floor":18},{"not_picked":["Anger","Infernal Blade"],"picked":"Spot Weakness","floor":19},{"not_picked":["Inflame+1","Cleave"],"picked":"Wild Strike","floor":20},{"not_picked":["Clothesline+1","Flex"],"picked":"Body Slam","floor":22}],"player_experience":926188,"relics_obtained":[{"floor":6.0,"key":"Darkstone Periapt"},{"floor":8.0,"key":"Centennial Puzzle"},{"floor":9.0,"key":"Lantern"},{"floor":12,"key":"Thread and Needle"},{"floor":26,"key":"Charon\u0027s Ashes"}],"event_choices":[{"damage_healed":0.0,"max_hp_gain":0.0,"max_hp_loss":0.0,"gold_gain":0.0,"event_name":"Wheel of Change","player_choice":"Damaged","floor":2.0,"gold_loss":0.0,"damage_taken":11.0},{"damage_healed":0.0,"max_hp_gain":5.0,"max_hp_loss":0.0,"gold_gain":0.0,"event_name":"Big Fish","player_choice":"Donut","floor":3.0,"gold_loss":0.0,"damage_taken":0.0},{"damage_healed":0.0,"max_hp_gain":0.0,"max_hp_loss":0.0,"gold_gain":0.0,"event_name":"Upgrade Shrine","player_choice":"Upgraded","floor":10.0,"gold_loss":0.0,"damage_taken":0.0,"cards_upgraded":["Entrench"]},{"damage_healed":0,"gold_gain":0,"player_choice":"Fight","damage_taken":0,"max_hp_gain":0,"max_hp_loss":0,"event_name":"Colosseum","floor":21,"gold_loss":0},{"damage_healed":0,"gold_gain":0,"player_choice":"Fled From Nobs","damage_taken":0,"max_hp_gain":0,"max_hp_loss":0,"event_name":"Colosseum","floor":21,"gold_loss":0},{"damage_healed":0,"gold_gain":50,"player_choice":"Stole From Cult","damage_taken":0,"max_hp_gain":0,"max_hp_loss":0,"event_name":"Nest","floor":28,"gold_loss":0}],"is_beta":false,"boss_relics":[{"not_picked":["Eternal Feather","Busted Crown"],"picked":"Velvet Choker"}],"items_purged_floors":[24],"is_endless":false,"potions_floor_spawned":[1,4,12,19,21],"killed_by":"Slavers","ascension_level":15}