{"gold_per_floor":[115,40,58,58,58,58,85,115,115,141,154,154,185,185,185,185],"floor_reached":16,"playtime":561,"items_purged":[],"score":232,"play_id":"2f21fa36-0d71-48e8-93cc-5070bee4771f","local_time":"20190509193753","is_ascension_mode":true,"campfire_choices":[{"data":"Anger","floor":6,"key":"SMITH"},{"data":"Bash","floor":12,"key":"SMITH"},{"data":"Shrug It Off","floor":15,"key":"SMITH"}],"neow_cost":"NONE","seed_source_timestamp":440491109248961,"circlet_count":0,"master_deck":["AscendersBane","Strike_R","Strike_R","Strike_R","Defend_R","Defend_R","Defend_R","Defend_R+1","Bash+1","Anger+1","Infernal Blade","Shrug It Off+1","Hemokinesis+1","Feed","Double Tap"],"relics":["Burning Blood","Juzu Bracelet","Odd Mushroom","Smiling Mask","Bronze Scales","Gremlin Horn"],"potions_floor_usage":[7,13,16],"damage_taken":[{"damage":6,"enemies":"Cultist","floor":1,"turns":4},{"damage":7,"enemies":"Small Slimes","floor":3,"turns":3},{"damage":15,"enemies":"Lagavulin","floor":7,"turns":4},{"damage":12,"enemies":"The Mushroom Lair","floor":8,"turns":5},{"damage":25,"enemies":"3 Sentries","floor":10,"turns":10},{"damage":5,"enemies":"2 Louse","floor":11,"turns":3},{"damage":14,"enemies":"Gremlin Nob","floor":13,"turns":3},{"damage":27,"enemies":"Hexaghost","floor":16,"turns":8}],"seed_played":"4575585555086414713","potions_obtained":[{"floor":1,"key":"BloodPotion"},{"floor":3,"key":"Block Potion"},{"floor":10,"key":"Strength Potion"}],"is_trial":false,"path_per_floor":["M","?","M","?","?","R","E","?","T","E","M","R","E","?","R","B"],"character_chosen":"IRONCLAD","items_purchased":[],"campfire_rested":0,"item_purchase_floors":[],"current_hp_per_floor":[75,75,74,79,79,79,78,72,72,53,57,57,52,24,24,0],"gold":185,"neow_bonus":"TEN_PERCENT_HP_BONUS","is_prod":false,"is_daily":false,"chose_seed":false,"campfire_upgraded":3,"win_rate":0,"timestamp":1557445073,"path_taken":["M","?","M","?","?","R","E","?","T","E","M","R","E","?","R","BOSS"],"build_version":"2019-01-23","purchased_purges":0,"victory":false,"max_hp_per_floor":[82,82,82,87,87,87,87,87,87,87,90,90,93,93,93,93],"card_choices":[{"not_picked":["Rage","Body Slam"],"picked":"Anger","floor":1},{"not_picked":["Infernal Blade","Thunderclap","Dual Wield"],"picked":"SKIP","floor":3},{"not_picked":["Thunderclap","Dual Wield"],"picked":"Infernal Blade","floor":3},{"not_picked":["Dark Embrace","Clothesline"],"picked":"Shrug It Off","floor":7},{"not_picked":["Sword Boomerang","Perfected Strike"],"picked":"Hemokinesis","floor":8},{"not_picked":["Iron Wave","Thunderclap"],"picked":"Feed","floor":10},{"not_picked":["Thunderclap","Heavy Blade","Perfected Strike"],"picked":"SKIP","floor":11},{"not_picked":["Clash","Anger"],"picked":"Double Tap","floor":13}],"player_experience":1387376,"relics_obtained":[{"floor":7,"key":"Juzu Bracelet"},{"floor":8,"key":"Odd Mushroom"},{"floor":9,"key":"Smiling Mask"},{"floor":10,"key":"Bronze Scales"},{"floor":13,"key":"Gremlin Horn"}],"event_choices":[{"cards_removed":["Strike_R"],"damage_healed":0,"gold_gain":0,"player_choice":"Card Removal","damage_taken":0,"max_hp_gain":0,"max_hp_loss":0,"event_name":"The Cleric","floor":2,"gold_loss":75},{"damage_healed":0,"gold_gain":0,"player_choice":"Donut","damage_taken":0,"max_hp_gain":5,"max_hp_loss":0,"event_name":"Big Fish","floor":4,"gold_loss":0},{"cards_removed":["Strike_R"],"damage_healed":0,"gold_gain":0,"player_choice":"Offered Basic","damage_taken":0,"max_hp_gain":0,"max_hp_loss":0,"event_name":"Bonfire Elementals","floor":5,"gold_loss":0},{"damage_healed":0,"gold_gain":0,"player_choice":"Fought Mushrooms","damage_taken":0,"max_hp_gain":0,"max_hp_loss":0,"event_name":"Mushrooms","floor":8,"gold_loss":0},{"damage_healed":0,"gold_gain":0,"player_choice":"Entered Light","damage_taken":28,"max_hp_gain":0,"max_hp_loss":0,"event_name":"Shining Light","floor":14,"gold_loss":0,"cards_upgraded":["Defend_R","Hemokinesis"]}],"is_beta":false,"boss_relics":[],"items_purged_floors":[],"is_endless":false,"potions_floor_spawned":[1,3,10],"killed_by":"Hexaghost","ascension_level":20}