{"gold_per_floor":[115,115,1,76,88,115,115,175,175,175,155,169,169],"floor_reached":13,"playtime":291,"items_purged":["Strike_G"],"score":232,"play_id":"c15f83ba-4c60-4d22-9d36-7ecfc6abf5ef","local_time":"20190219143133","is_ascension_mode":true,"campfire_choices":[{"data":"Noxious Fumes","floor":7,"key":"SMITH"},{"data":"Neutralize","floor":10,"key":"SMITH"}],"neow_cost":"NONE","seed_source_timestamp":226798814734505,"circlet_count":0,"master_deck":["AscendersBane","Defend_G","Defend_G","Defend_G","Defend_G","Defend_G","Strike_G","Strike_G","Strike_G","Strike_G","Survivor","Neutralize+1","Dagger Spray","Noxious Fumes+1","Dodge and Roll","Deflect","Footwork+1"],"relics":["Ring of the Snake","NeowsBlessing","Frozen Egg 2","Tiny Chest"],"potions_floor_usage":[13],"damage_taken":[{"damage":0,"enemies":"Small Slimes","floor":1,"turns":1},{"damage":0,"enemies":"2 Louse","floor":5,"turns":1},{"damage":0,"enemies":"3 Sentries","floor":6,"turns":2},{"damage":40,"enemies":"Lagavulin","floor":8,"turns":9},{"damage":0,"enemies":"Cultist","floor":12,"turns":5},{"damage":13,"enemies":"3 Sentries","floor":13,"turns":4}],"seed_played":"587943323967954045","potions_obtained":[{"floor":5,"key":"LiquidBronze"},{"floor":8,"key":"FearPotion"}],"is_trial":false,"path_per_floor":["M","?","$","?","M","E","R","E","T","R","?","M","E"],"character_chosen":"THE_SILENT","items_purchased":["Noxious Fumes"],"campfire_rested":0,"item_purchase_floors":[3],"current_hp_per_floor":[59,64,64,53,53,53,53,13,13,13,13,13,0],"gold":169,"neow_bonus":"THREE_ENEMY_KILL","is_prod":false,"is_daily":false,"chose_seed":false,"campfire_upgraded":2,"win_rate":0,"timestamp":1550604693,"path_taken":["M","?","$","?","M","E","R","E","T","R","?","M","E"],"build_version":"2019-01-23","purchased_purges":1,"victory":false,"max_hp_per_floor":[66,71,71,71,71,71,71,71,71,71,71,71,71],"card_choices":[{"not_picked":["Masterful Stab","Dagger Throw"],"picked":"Dagger Spray","floor":1},{"not_picked":["Outmaneuver","Cloak And Dagger"],"picked":"Dodge and Roll","floor":5},{"not_picked":["Sucker Punch","Reflex","Distraction"],"picked":"SKIP","floor":6},{"not_picked":["Terror","Masterful Stab"],"picked":"Deflect","floor":8},{"not_picked":["Infinite Blades+1","Crippling Poison"],"picked":"Footwork+1","floor":12}],"player_experience":1370189,"relics_obtained":[{"floor":6,"key":"Frozen Egg 2"},{"floor":8,"key":"Tiny Chest"}],"event_choices":[{"damage_healed":0,"gold_gain":0,"player_choice":"Donut","damage_taken":0,"max_hp_gain":5,"max_hp_loss":0,"event_name":"Big Fish","floor":2,"gold_loss":0},{"damage_healed":0,"gold_gain":75,"player_choice":"Gather Gold","damage_taken":11,"max_hp_gain":0,"max_hp_loss":0,"event_name":"World of Goop","floor":4,"gold_loss":0},{"damage_healed":0,"gold_gain":0,"player_choice":"Bought 1 Potion","damage_taken":0,"max_hp_gain":0,"max_hp_loss":0,"event_name":"The Woman in Blue","floor":11,"gold_loss":0}],"is_beta":false,"boss_relics":[],"items_purged_floors":[3],"is_endless":false,"potions_floor_spawned":[5,8,12],"killed_by":"3 Sentries","ascension_level":20}