{"gold_per_floor":[115,133,49,69,82,82,42,42,42,42,42,42,56,74,74,172,172,192,211,261,305,3,3,34,34,84,120,4,40,61,77,77,168,168,183,516,235,255,27,57,74,107,107,142,142,153,153,167,167,167,167],"floor_reached":52,"playtime":2345,"items_purged":["Strike_R"],"score":2080,"play_id":"b46ddce2-39b1-4f68-abce-b1c36abdb8e0","local_time":"20181030211013","is_ascension_mode":true,"campfire_choices":[{"data":"True Grit","floor":6,"key":"SMITH"},{"data":"True Grit","floor":10,"key":"SMITH"},{"data":"Immolate","floor":12,"key":"SMITH"},{"data":"Havoc","floor":15,"key":"SMITH"},{"floor":23,"key":"REST"},{"floor":25,"key":"REST"},{"floor":32,"key":"REST"},{"floor":45,"key":"REST"},{"floor":49,"key":"REST"}],"neow_cost":"PERCENT_DAMAGE","seed_source_timestamp":1038852937471552,"circlet_count":0,"master_deck":["Strike_R","Strike_R","Strike_R","Strike_R","Defend_R","Defend_R","Defend_R","Defend_R","Bash","AscendersBane","Power Through","Uppercut","Immolate+1","Evolve","True Grit+1","True Grit+1","Havoc+1","Shockwave","Offering","Seeing Red","Reckless Charge","Shrug It Off","Corruption","Seeing Red+1","Dropkick","Feel No Pain","Whirlwind","Sentinel","Bludgeon","Fiend Fire","Shrug It Off","Havoc","Panache","Shrug It Off","Reaper","Armaments+1","Body Slam+1","Intimidate+1"],"relics":["Burning Blood","Dead Branch","Darkstone Periapt","Fusion Hammer","Red Mask","OrangePellets","Bottled Flame","Centennial Puzzle","Vajra","Charon\u0027s Ashes","Cursed Key","Chemical X","Omamori","The Courier","Molten Egg 2"],"potions_floor_usage":[21,27,29,51,51],"damage_taken":[{"damage":12,"enemies":"Cultist","floor":1,"turns":4},{"damage":0,"enemies":"2 Louse","floor":2,"turns":4},{"damage":12,"enemies":"Jaw Worm","floor":4,"turns":2},{"damage":9,"enemies":"Red Slaver","floor":5,"turns":2},{"damage":4,"enemies":"Looter","floor":7,"turns":4},{"damage":7,"enemies":"Large Slime","floor":13,"turns":5},{"damage":8,"enemies":"Blue Slaver","floor":14,"turns":4},{"damage":19,"enemies":"Slime Boss","floor":16,"turns":8},{"damage":11,"enemies":"2 Thieves","floor":18,"turns":2},{"damage":6,"enemies":"Shell Parasite","floor":19,"turns":9},{"damage":0,"enemies":"Masked Bandits","floor":21,"turns":1},{"damage":24,"enemies":"Book of Stabbing","floor":24,"turns":4},{"damage":6,"enemies":"Slavers","floor":27,"turns":6},{"damage":0,"enemies":"Book of Stabbing","floor":29,"turns":5},{"damage":27,"enemies":"Snake Plant","floor":30,"turns":4},{"damage":0,"enemies":"Chosen and Byrds","floor":31,"turns":3},{"damage":10,"enemies":"Champ","floor":33,"turns":6},{"damage":0,"enemies":"3 Darklings","floor":35,"turns":1},{"damage":0,"enemies":"3 Shapes","floor":38,"turns":3},{"damage":9,"enemies":"Giant Head","floor":40,"turns":2},{"damage":0,"enemies":"3 Darklings","floor":41,"turns":1},{"damage":20,"enemies":"Nemesis","floor":42,"turns":4},{"damage":10,"enemies":"Giant Head","floor":44,"turns":6},{"damage":1,"enemies":"Jaw Worm Horde","floor":46,"turns":3},{"damage":7,"enemies":"Transient","floor":48,"turns":6},{"damage":20,"enemies":"Donu and Deca","floor":50,"turns":5},{"damage":37,"enemies":"Awakened One","floor":51,"turns":9}],"seed_played":"-5761064263237494041","potions_obtained":[{"floor":4,"key":"EssenceOfSteel"},{"floor":14,"key":"GamblersBrew"},{"floor":16,"key":"Fire Potion"},{"floor":19,"key":"BloodPotion"},{"floor":21,"key":"GamblersBrew"},{"floor":31,"key":"SteroidPotion"},{"floor":33,"key":"Strength Potion"}],"is_trial":false,"path_per_floor":["M","M","$","M","M","R","M","?","T","R","$","R","M","M","R","B",null,"M","M","?","?","$","R","E","R","T","E","$","E","M","M","R","B",null,"M","?","$","M","$","E","M","E","T","E","R","M","T","M","R","B","B"],"character_chosen":"IRONCLAD","items_purchased":["Immolate","Corruption","OrangePellets","Feel No Pain","Shrug It Off","Chemical X","Panache","Shrug It Off"],"campfire_rested":5,"item_purchase_floors":[3,22,22,28,37,37,39,39],"current_hp_per_floor":[44,50,50,44,41,41,43,43,43,43,43,43,42,40,40,27,58,53,53,53,65,65,68,50,68,68,68,68,68,47,53,68,64,67,68,68,68,68,68,65,68,64,64,60,68,68,68,67,68,59,41],"gold":167,"neow_bonus":"ONE_RARE_RELIC","is_prod":false,"is_daily":false,"chose_seed":false,"campfire_upgraded":4,"win_rate":0,"timestamp":1540948213,"path_taken":["M","?","$","M","M","R","M","?","T","R","$","R","M","M","R","BOSS","M","M","?","?","$","R","E","R","T","E","$","E","?","M","R","BOSS","M","?","?","M","$","E","M","E","T","E","R","M","?","M","R","BOSS","BOSS"],"build_version":"2018-10-25v2","purchased_purges":1,"victory":true,"max_hp_per_floor":[75,75,75,75,75,75,75,68,68,68,68,68,68,68,68,68,68,68,68,68,68,68,68,68,68,68,68,68,68,68,68,68,68,68,68,68,68,68,68,68,68,68,68,68,68,68,68,68,68,68,68],"card_choices":[{"not_picked":["Flex","Combust"],"picked":"Power Through","floor":1},{"not_picked":["Twin Strike","Armaments"],"picked":"Uppercut","floor":2},{"not_picked":["Twin Strike","Rage"],"picked":"Evolve","floor":4},{"not_picked":["Thunderclap","Twin Strike"],"picked":"True Grit","floor":5},{"not_picked":["Cleave","Limit Break"],"picked":"True Grit","floor":7},{"not_picked":["True Grit","Pommel Strike"],"picked":"Havoc","floor":13},{"not_picked":["Anger","True Grit"],"picked":"Shockwave","floor":14},{"not_picked":["Feed","Dark Embrace"],"picked":"Offering","floor":16},{"not_picked":["Wild Strike","Thunderclap"],"picked":"Seeing Red","floor":18},{"not_picked":["Cleave","Havoc"],"picked":"Reckless Charge","floor":19},{"not_picked":["True Grit","Thunderclap"],"picked":"Shrug It Off","floor":21},{"not_picked":["Rupture","Sword Boomerang+1"],"picked":"Seeing Red+1","floor":24},{"not_picked":["Brutality","Anger"],"picked":"Dropkick","floor":27},{"not_picked":["Twin Strike","Anger"],"picked":"Whirlwind","floor":29},{"not_picked":["Twin Strike","Flex"],"picked":"Sentinel","floor":30},{"not_picked":["Sword Boomerang","Body Slam"],"picked":"Bludgeon","floor":31},{"not_picked":["Immolate","Reaper"],"picked":"Fiend Fire","floor":33},{"not_picked":["Rampage+1","Sword Boomerang+1","Wild Strike"],"picked":"SKIP","floor":35},{"not_picked":["Anger","Clash"],"picked":"Havoc","floor":38},{"not_picked":["Ghostly Armor+1","Flame Barrier"],"picked":"Reaper","floor":40},{"not_picked":["Perfected Strike+1","Clash","Heavy Blade"],"picked":"SKIP","floor":41},{"not_picked":["Anger","Inflame","Carnage"],"picked":"SKIP","floor":42},{"not_picked":["Dual Wield","Dark Embrace"],"picked":"Armaments+1","floor":44},{"not_picked":["Flex","Heavy Blade+1"],"picked":"Body Slam+1","floor":46},{"not_picked":["Fire Breathing","Evolve"],"picked":"Intimidate+1","floor":48}],"player_experience":1021856,"relics_obtained":[{"floor":9,"key":"Darkstone Periapt"},{"floor":21,"key":"Red Mask"},{"floor":24,"key":"Bottled Flame"},{"floor":26,"key":"Centennial Puzzle"},{"floor":27,"key":"Vajra"},{"floor":29,"key":"Charon\u0027s Ashes"},{"floor":40,"key":"Omamori"},{"floor":42,"key":"The Courier"},{"floor":44,"key":"Molten Egg 2"}],"event_choices":[{"damage_healed":0,"gold_gain":0,"player_choice":"Lose Max HP","damage_taken":0,"relics_obtained":["Golden Idol"],"max_hp_gain":0,"max_hp_loss":7,"event_name":"Golden Idol","floor":8,"gold_loss":0},{"damage_healed":0,"gold_gain":100,"player_choice":"Bet on Murderer","damage_taken":0,"max_hp_gain":0,"max_hp_loss":0,"event_name":"The Joust","floor":20,"gold_loss":50},{"damage_healed":0,"gold_gain":0,"player_choice":"Fought Bandits","damage_taken":0,"max_hp_gain":0,"max_hp_loss":0,"event_name":"Masked Bandits","floor":21,"gold_loss":0},{"damage_healed":0,"gold_gain":333,"player_choice":"Gave Idol","damage_taken":0,"max_hp_gain":0,"max_hp_loss":0,"event_name":"The Moai Head","floor":36,"relics_lost":["Golden Idol"],"gold_loss":0}],"is_beta":false,"boss_relics":[{"not_picked":["Philosopher\u0027s Stone","Calling Bell"],"picked":"Fusion Hammer"},{"not_picked":["Lizard Tail","Astrolabe"],"picked":"Cursed Key"}],"items_purged_floors":[28],"is_endless":false,"potions_floor_spawned":[4,14,16,19,21,24,31,33,40,41,42],"ascension_level":20}