{"gold_per_floor":[109,123,72,72,85,85,104,104,104,104,122,148,168,20,20,122,122,142,142,41,140,155,155,165,178,178,178,197,197,211,241,241,338,338,353,371,371,0,16,16,46,46,118,131,142,0,15,15,15,15],"floor_reached":51,"playtime":3414,"items_purged":["Dualcast","Turbo"],"score":735,"play_id":"b9cc02cf-0c55-4af2-94b5-3e8e8ab36cfa","local_time":"20180703222729","is_ascension_mode":true,"campfire_choices":[{"data":"Go for the Eyes","floor":6.0,"key":"SMITH"},{"data":"Gash","floor":10.0,"key":"SMITH"},{"floor":15.0,"key":"REST"},{"data":"Hologram","floor":23.0,"key":"SMITH"},{"data":"Genetic Algorithm","floor":27.0,"key":"SMITH"},{"data":"Redo","floor":29.0,"key":"SMITH"},{"floor":32.0,"key":"REST"},{"data":"Beam Cell","floor":40,"key":"SMITH"},{"floor":42,"key":"REST"},{"floor":49,"key":"REST"}],"neow_cost":"","seed_source_timestamp":0,"circlet_count":0,"master_deck":["Zap+1","Beam Cell+1","Go for the Eyes+1","Gash+1","Auto Shields","Genetic Algorithm+1","Gash+1","Go for the Eyes+1","All For One+1","Compile Driver+1","Redo+1","Hologram+1","Rebound+1","Heatsinks","Sweeping Beam+1","Streamline+1","Go for the Eyes+1","Auto Shields+1","Beam Cell+1","BootSequence","Core Surge+1","Madness","Madness","Steam Power+1","FTL+1"],"special_seed":0,"relics":["Cracked Core","Bottled Flame","Molten Egg 2","Vajra","Pandora\u0027s Box","Calipers","The Courier","Busted Crown","Red Mask","Bottled Tornado","Frozen Egg 2","Ancient Tea Set"],"potions_floor_usage":[50],"damage_taken":[{"damage":0.0,"enemies":"2 Louse","floor":1.0,"turns":3.0},{"damage":2.0,"enemies":"Small Slimes","floor":2.0,"turns":3.0},{"damage":0.0,"enemies":"Cultist","floor":5.0,"turns":3.0},{"damage":8.0,"enemies":"3 Louse","floor":7.0,"turns":3.0},{"damage":11.0,"enemies":"Exordium Thugs","floor":11.0,"turns":5.0},{"damage":18.0,"enemies":"Gremlin Nob","floor":12.0,"turns":4.0},{"damage":0.0,"enemies":"Looter","floor":13.0,"turns":3.0},{"damage":40.0,"enemies":"Hexaghost","floor":16.0,"turns":11.0},{"damage":0.0,"enemies":"Chosen","floor":18.0,"turns":2.0},{"damage":0.0,"enemies":"Spheric Guardian","floor":22.0,"turns":1.0},{"damage":0.0,"enemies":"Centurion and Healer","floor":24.0,"turns":4.0},{"damage":10.0,"enemies":"Snake Plant","floor":25.0,"turns":3.0},{"damage":0.0,"enemies":"Snecko","floor":28.0,"turns":2.0},{"damage":0.0,"enemies":"Chosen and Byrds","floor":30.0,"turns":2.0},{"damage":15.0,"enemies":"Slavers","floor":31.0,"turns":4.0},{"damage":18.0,"enemies":"Champ","floor":33.0,"turns":8.0},{"damage":0,"enemies":"3 Shapes","floor":35,"turns":4},{"damage":0,"enemies":"3 Darklings","floor":36,"turns":3},{"damage":18,"enemies":"Maw","floor":39,"turns":5},{"damage":0,"enemies":"Giant Head","floor":41,"turns":5},{"damage":24,"enemies":"4 Shapes","floor":44,"turns":7},{"damage":0,"enemies":"Sphere and 2 Shapes","floor":45,"turns":3},{"damage":0,"enemies":"3 Darklings","floor":47,"turns":3},{"damage":69,"enemies":"Awakened One","floor":50,"turns":10}],"seed_played":"-6967515570545083365","potions_obtained":[{"floor":2.0,"key":"PowerPotion"},{"floor":11.0,"key":"Explosive Potion"},{"floor":12.0,"key":"Weak Potion"},{"floor":22.0,"key":"Fire Potion"},{"floor":25.0,"key":"Ancient Potion"},{"floor":31.0,"key":"Energy Potion"},{"floor":33.0,"key":"FearPotion"},{"floor":35,"key":"Ancient Potion"},{"floor":41,"key":"Energy Potion"},{"floor":47,"key":"Regen Potion"}],"is_trial":false,"path_per_floor":["M","M","$","?","M","R","M","?","T","R","M","E","M","$","R","B",null,"M","?","$","?","M","R","M","M","T","R","M","R","M","E","R","B",null,"M","M","?","?","M","R","E","R","T","M","M","$","M","T","R","B"],"character_chosen":"DEFECT","items_purchased":["Gash","Vajra","Go for the Eyes+1","FTL+1"],"campfire_rested":4,"item_purchase_floors":[],"current_hp_per_floor":[75,73,73,73,73,73,65,58,58,58,47,29,29,29,51,11,75,75,75,75,75,75,75,75,65,65,65,65,65,65,50,72,54,75,75,75,66,66,48,48,48,70,70,46,46,46,46,46,68,12],"gold":15,"neow_bonus":"","is_prod":false,"is_daily":false,"chose_seed":false,"campfire_upgraded":6,"win_rate":0,"timestamp":1530674849,"path_taken":["M","M","$","?","M","R","M","?","T","R","M","E","?","$","R","BOSS","M","?","$","?","?","R","M","?","T","R","M","R","M","E","R","BOSS","M","M","?","?","M","R","E","R","T","M","M","$","?","?","R","BOSS"],"build_version":"2018-06-28","purchased_purges":2,"victory":true,"max_hp_per_floor":[75,75,75,75,75,75,75,75,75,75,75,75,75,75,75,75,75,75,75,75,75,75,75,75,75,75,75,75,75,75,75,75,75,75,75,75,75,75,75,75,75,75,75,75,75,75,75,75,75,75],"card_choices":[{"not_picked":["Barrage","Compile Driver"],"picked":"Beam Cell","floor":1.0},{"not_picked":["Stack","Heatsinks"],"picked":"Go for the Eyes","floor":2.0},{"not_picked":["Defragment","Auto Shields","Barrage"],"picked":"SKIP","floor":5.0},{"not_picked":["Defragment","Auto Shields","Barrage"],"picked":"SKIP","floor":5.0},{"not_picked":["Rebound","Static Discharge"],"picked":"Auto Shields","floor":7.0},{"not_picked":["Double Energy","Fusion"],"picked":"Genetic Algorithm","floor":11.0},{"not_picked":["Fission","Go for the Eyes"],"picked":"Gash","floor":12.0},{"not_picked":["Chill","Steam Power"],"picked":"Go for the Eyes+1","floor":13.0},{"not_picked":["Fission","Amplify"],"picked":"All For One+1","floor":16.0},{"not_picked":["Ball Lightning+1","Fusion"],"picked":"Streamline+1","floor":18.0},{"not_picked":["Barrage+1","Sweeping Beam+1"],"picked":"Auto Shields+1","floor":22.0},{"not_picked":["Ball Lightning+1","Hologram"],"picked":"Beam Cell+1","floor":24.0},{"not_picked":["Stack","Steam","Barrage+1"],"picked":"SKIP","floor":25.0},{"not_picked":["Meteor Strike+1","Genetic Algorithm"],"picked":"BootSequence","floor":28.0},{"not_picked":["Steam","Redo","Hologram"],"picked":"SKIP","floor":30.0},{"not_picked":["Doom and Gloom+1","Multi-Cast","White Noise"],"picked":"SKIP","floor":31.0},{"not_picked":["Buffer","Hyperbeam+1"],"picked":"Core Surge+1","floor":33.0},{"not_picked":["Storm+1"],"picked":"SKIP","floor":35},{"not_picked":["Self Repair+1"],"picked":"SKIP","floor":36},{"not_picked":["Barrage+1"],"picked":"SKIP","floor":39},{"not_picked":[],"picked":"Steam Power+1","floor":41},{"not_picked":["Barrage+1"],"picked":"SKIP","floor":44},{"not_picked":["Compile Driver+1"],"picked":"SKIP","floor":45},{"not_picked":["Turbo"],"picked":"SKIP","floor":47}],"player_experience":134636,"relics_obtained":[{"floor":9.0,"key":"Bottled Flame"},{"floor":12.0,"key":"Molten Egg 2"},{"floor":26.0,"key":"Calipers"},{"floor":31.0,"key":"The Courier"},{"floor":41,"key":"Bottled Tornado"},{"floor":43,"key":"Frozen Egg 2"},{"floor":48,"key":"Ancient Tea Set"}],"event_choices":[{"event_name":"Liars Game","player_choice":"disagreed","floor":4.0,"damage_taken":0.0},{"event_name":"Golden Wing","player_choice":"Card Removal","floor":8.0,"damage_taken":0.0},{"event_name":"Ghosts","player_choice":"Ignored","floor":19.0,"damage_taken":0.0},{"event_name":"Nest","player_choice":"Stole From Cult","floor":21.0,"damage_taken":0.0},{"event_name":"Winding Halls","player_choice":"Embrace Madness","floor":37,"damage_taken":0},{"event_name":"Tomb of Lord Red Mask","player_choice":"Paid","floor":38,"damage_taken":0}],"boss_relics":[{"not_picked":["Calling Bell","Runic Dome"],"picked":"Pandora\u0027s Box"},{"not_picked":["Tiny House","Velvet Choker"],"picked":"Busted Crown"}],"items_purged_floors":[],"is_endless":false,"potions_floor_spawned":[2,11,12,22,25,31,33,35,41,47],"ascension_level":1}