{"gold_per_floor":[111,127,302,302,318,352,367,367,444,444],"floor_reached":10,"playtime":995,"items_purged":[],"score":86,"play_id":"1fd2cd1c-8793-40d3-80b4-70df36ce3c79","local_time":"20180718175332","is_ascension_mode":true,"campfire_choices":[],"neow_cost":"","seed_source_timestamp":599706404126983,"circlet_count":0,"master_deck":["Strike_R","Strike_R","Strike_R","Strike_R","Strike_R","Defend_R","Defend_R","Defend_R","Defend_R","Bash","Searing Blow","True Grit","Doubt","True Grit","Headbutt","Infernal Blade"],"relics":["Burning Blood","Golden Idol","Gremlin Horn","Matryoshka"],"potions_floor_usage":[6,8,8,8],"damage_taken":[{"damage":1,"enemies":"2 Louse","floor":1,"turns":4},{"damage":13,"enemies":"Jaw Worm","floor":2,"turns":6},{"damage":11,"enemies":"Small Slimes","floor":5,"turns":5},{"damage":22,"enemies":"3 Sentries","floor":6,"turns":16},{"damage":7,"enemies":"Blue Slaver","floor":7,"turns":6},{"damage":25,"enemies":"Lagavulin","floor":8,"turns":7},{"damage":19,"enemies":"3 Sentries","floor":10,"turns":6}],"seed_played":"-7242113908795777240","potions_obtained":[{"floor":1,"key":"SmokeBomb"},{"floor":5,"key":"EssenceOfSteel"},{"floor":6,"key":"FearPotion"},{"floor":7,"key":"GamblersBrew"}],"is_trial":false,"path_per_floor":["M","M","?","?","M","E","M","E","T"],"character_chosen":"IRONCLAD","items_purchased":[],"campfire_rested":0,"item_purchase_floors":[],"current_hp_per_floor":[80,73,73,53,48,32,31,12,12,0],"gold":444,"neow_bonus":"","is_prod":false,"is_daily":false,"chose_seed":false,"campfire_upgraded":0,"win_rate":0,"timestamp":1531950812,"path_taken":["M","M","?","?","M","E","M","E","T","E"],"build_version":"2018-07-12","purchased_purges":0,"victory":false,"max_hp_per_floor":[80,80,80,80,80,80,80,80,80,80],"card_choices":[{"not_picked":["Carnage","Perfected Strike"],"picked":"Searing Blow","floor":1},{"not_picked":["Rupture","Uppercut"],"picked":"True Grit","floor":2},{"not_picked":["Pommel Strike","Twin Strike"],"picked":"True Grit","floor":5},{"not_picked":["Blood for Blood","Pummel"],"picked":"Headbutt","floor":6},{"not_picked":["Flex","Immolate"],"picked":"Infernal Blade","floor":7}],"player_experience":160003,"relics_obtained":[{"floor":6,"key":"Gremlin Horn"},{"floor":9,"key":"Matryoshka"}],"event_choices":[{"event_name":"Liars Game","player_choice":"agreed","floor":3,"damage_taken":0},{"event_name":"Golden Idol","player_choice":"Take Damage","floor":4,"damage_taken":0}],"boss_relics":[],"items_purged_floors":[],"is_endless":false,"potions_floor_spawned":[1,5,6,7,8],"killed_by":"3 Sentries","ascension_level":2}