{"gold_per_floor":[110,128,128,48,48,48,139,167,219,219,319,335,350,369,369,471,521,539,553,582,35,49,77,77,87,87,104,204,204,220,14,14,113,113,130,130,148,166,22,22,38,68,68,68,80,80,92,43,43,43],"floor_reached":51,"playtime":4627,"items_purged":[],"score":774,"play_id":"bd183686-25ac-42c2-9e54-94cc51210bed","local_time":"20190705201714","is_ascension_mode":false,"campfire_choices":[{"data":"Bash","floor":6,"key":"SMITH"},{"floor":10,"key":"REST"},{"data":"Armaments","floor":15,"key":"SMITH"},{"data":"Corruption","floor":24,"key":"SMITH"},{"floor":32,"key":"REST"},{"data":"The Bomb","floor":40,"key":"SMITH"},{"floor":44,"key":"REST"},{"floor":49,"key":"REST"}],"neow_cost":"NONE","seed_source_timestamp":1140876900411363,"circlet_count":0,"master_deck":["Strike_R","Strike_R","Strike_R+1","Strike_R","Strike_R","Defend_R","Defend_R","Defend_R","Defend_R","Bash+1","Anger","Spot Weakness","Rampage","Sentinel+1","Blood for Blood","Pummel","Armaments+1","Feel No Pain","Body Slam","Pommel Strike","Juggernaut","Sword Boomerang+1","Flex","Shockwave","Shrug It Off","Corruption+1","The Bomb+1","Iron Wave","Impervious","Impervious","Madness","Iron Wave","Sentinel","Flame Barrier+1","Demon Form","Disarm","Iron Wave","Ghostly Armor","Armaments","Blood for Blood+1","Heavy Blade+1","Barricade","Body Slam","Disarm+1","Limit Break","Flame Barrier","Iron Wave","Inflame+1"],"relics":["Burning Blood","Tiny Chest","Orichalcum","Dream Catcher","Tiny House","Red Mask","Lee\u0027s Waffle","Anchor","Matryoshka","Happy Flower","Paper Frog","Bird Faced Urn","Bottled Lightning","Potion Belt","Bottled Tornado","Orrery","Whetstone","Blood Vial","Mummified Hand"],"potions_floor_usage":[7,13,20,20,33,38,38,42,42,47],"damage_taken":[{"damage":6,"enemies":"Jaw Worm","floor":1,"turns":3},{"damage":7,"enemies":"Small Slimes","floor":2,"turns":3},{"damage":32,"enemies":"Lagavulin Event","floor":7,"turns":6},{"damage":28,"enemies":"Gremlin Nob","floor":8,"turns":4},{"damage":1,"enemies":"Cultist","floor":12,"turns":3},{"damage":0,"enemies":"Large Slime","floor":13,"turns":4},{"damage":5,"enemies":"Looter","floor":14,"turns":3},{"damage":40,"enemies":"The Guardian","floor":16,"turns":8},{"damage":16,"enemies":"Chosen","floor":18,"turns":5},{"damage":27,"enemies":"3 Byrds","floor":19,"turns":6},{"damage":48,"enemies":"Masked Bandits","floor":20,"turns":5},{"damage":21,"enemies":"Snecko","floor":22,"turns":6},{"damage":7,"enemies":"Book of Stabbing","floor":23,"turns":5},{"damage":25,"enemies":"Shelled Parasite and Fungi","floor":25,"turns":7},{"damage":4,"enemies":"3 Cultists","floor":27,"turns":5},{"damage":9,"enemies":"Colosseum Slavers","floor":28,"turns":3},{"damage":20,"enemies":"Colosseum Nobs","floor":28,"turns":5},{"damage":5,"enemies":"Centurion and Healer","floor":30,"turns":5},{"damage":13,"enemies":"Collector","floor":33,"turns":8},{"damage":0,"enemies":"3 Shapes","floor":35,"turns":3},{"damage":7,"enemies":"3 Darklings","floor":37,"turns":4},{"damage":15,"enemies":"Writhing Mass","floor":38,"turns":5},{"damage":15,"enemies":"Jaw Worm Horde","floor":41,"turns":3},{"damage":110,"enemies":"Giant Head","floor":42,"turns":10},{"damage":13,"enemies":"Sphere and 2 Shapes","floor":45,"turns":3},{"damage":41,"enemies":"Spire Growth","floor":47,"turns":5},{"damage":21,"enemies":"Time Eater","floor":50,"turns":8}],"seed_played":"-6366822688341060565","potions_obtained":[{"floor":1,"key":"Poison Potion"},{"floor":12,"key":"GamblersBrew"},{"floor":14,"key":"FairyPotion"},{"floor":16,"key":"Strength Potion"},{"floor":17,"key":"SmokeBomb"},{"floor":18,"key":"Strength Potion"},{"floor":23,"key":"FearPotion"},{"floor":27,"key":"SpeedPotion"},{"floor":36,"key":"Ancient Potion"},{"floor":36,"key":"Ancient Potion"},{"floor":36,"key":"LiquidBronze"},{"floor":37,"key":"Block Potion"},{"floor":45,"key":"FearPotion"},{"floor":47,"key":"Ancient Potion"}],"is_trial":false,"path_per_floor":["M","M","?","$","?","R","?","E","T","R","?","M","M","M","R","B",null,"M","M","?","$","M","E","R","M","T","M","?","T","M","$","R","B",null,"M","?","M","M","$","R","M","E","T","R","M","?","M","$","R","B",null],"character_chosen":"IRONCLAD","items_purchased":["Sentinel","Corruption","The Bomb","Lee\u0027s Waffle","Anchor","Madness","Iron Wave","Sentinel","Whetstone","Iron Wave"],"campfire_rested":4,"item_purchase_floors":[4,21,21,21,21,31,31,31,39,48],"current_hp_per_floor":[80,79,79,79,84,84,58,36,36,61,61,66,72,73,73,39,90,80,59,17,97,82,81,81,62,62,64,47,47,52,52,81,80,97,97,97,96,94,94,94,89,15,15,44,43,43,16,16,45,40],"gold":43,"neow_bonus":"THREE_CARDS","is_prod":false,"is_daily":false,"chose_seed":false,"campfire_upgraded":4,"win_rate":0.0,"timestamp":1562383034,"path_taken":["M","M","?","$","?","R","?","E","T","R","?","M","M","?","R","BOSS","M","M","?","$","M","E","R","M","T","M","?","?","M","$","R","BOSS","M","?","M","M","$","R","M","E","T","R","?","?","?","?","R","BOSS"],"build_version":"2019-07-05","purchased_purges":0,"victory":true,"max_hp_per_floor":[80,80,80,80,85,85,85,85,85,85,85,85,85,85,85,85,90,90,90,90,97,97,97,97,97,97,97,97,97,97,97,97,97,97,97,97,97,97,97,97,97,97,97,97,97,97,97,97,97,97],"card_choices":[{"not_picked":["Flex","Second Wind"],"picked":"Anger","floor":0},{"not_picked":["Sentinel","Seeing Red"],"picked":"Spot Weakness","floor":1},{"not_picked":["Sword Boomerang","Perfected Strike"],"picked":"Rampage","floor":2},{"not_picked":["Warcry","Fire Breathing"],"picked":"Blood for Blood","floor":7},{"not_picked":["Rampage","Blood for Blood"],"picked":"Pummel","floor":8},{"not_picked":["Wild Strike","Dropkick"],"picked":"Armaments","floor":10},{"not_picked":["Flex","Twin Strike"],"picked":"Feel No Pain","floor":12},{"not_picked":["Thunderclap","Sever Soul"],"picked":"Body Slam","floor":13},{"not_picked":["Twin Strike","Flex"],"picked":"Pommel Strike","floor":14},{"not_picked":["Berserk","Reaper"],"picked":"Juggernaut","floor":16},{"not_picked":["Warcry","Searing Blow"],"picked":"Sword Boomerang","floor":17},{"not_picked":["Pommel Strike","Wild Strike"],"picked":"Flex","floor":18},{"not_picked":["Body Slam","Perfected Strike"],"picked":"Shockwave","floor":19},{"not_picked":["Clothesline","Flex"],"picked":"Shrug It Off","floor":20},{"not_picked":["Heavy Blade+1","Flex"],"picked":"Iron Wave","floor":22},{"not_picked":["Intimidate+1","Warcry"],"picked":"Impervious","floor":23},{"not_picked":["Clash","Uppercut+1","Perfected Strike"],"picked":"SKIP","floor":25},{"not_picked":["True Grit","Sword Boomerang","Rupture+1"],"picked":"SKIP","floor":27},{"not_picked":["Anger","Sword Boomerang"],"picked":"Impervious","floor":30},{"not_picked":["Thunderclap","Sword Boomerang"],"picked":"Flame Barrier+1","floor":32},{"not_picked":["Reaper","Fiend Fire"],"picked":"Demon Form","floor":33},{"not_picked":["Flex","Havoc+1"],"picked":"Disarm","floor":34},{"not_picked":["Combust","Power Through+1"],"picked":"Iron Wave","floor":34},{"not_picked":["Warcry+1","Pommel Strike"],"picked":"Ghostly Armor","floor":34},{"not_picked":["Rupture","Intimidate"],"picked":"Armaments","floor":34},{"not_picked":["Pommel Strike","Flex"],"picked":"Blood for Blood+1","floor":34},{"not_picked":["Perfected Strike+1","Pommel Strike+1"],"picked":"Heavy Blade+1","floor":35},{"not_picked":["Iron Wave+1","Warcry"],"picked":"Barricade","floor":37},{"not_picked":["Reckless Charge","Blood for Blood"],"picked":"Body Slam","floor":38},{"not_picked":["Thunderclap+1","Clash+1"],"picked":"Disarm+1","floor":41},{"not_picked":["Twin Strike+1","Headbutt"],"picked":"Limit Break","floor":42},{"not_picked":["Fire Breathing","True Grit","Immolate"],"picked":"SKIP","floor":45},{"not_picked":["Twin Strike+1","Flex"],"picked":"Flame Barrier","floor":47},{"not_picked":["Body Slam+1","Cleave+1"],"picked":"Inflame+1","floor":49}],"player_experience":124263,"relics_obtained":[{"floor":7,"key":"Tiny Chest"},{"floor":8,"key":"Orichalcum"},{"floor":9,"key":"Dream Catcher"},{"floor":20,"key":"Red Mask"},{"floor":23,"key":"Matryoshka"},{"floor":26,"key":"Happy Flower"},{"floor":26,"key":"Paper Frog"},{"floor":28,"key":"Bird Faced Urn"},{"floor":28,"key":"Bottled Lightning"},{"floor":29,"key":"Potion Belt"},{"floor":29,"key":"Bottled Tornado"},{"floor":42,"key":"Blood Vial"},{"floor":43,"key":"Mummified Hand"}],"event_choices":[{"damage_healed":0,"gold_gain":0,"player_choice":"Leave","damage_taken":0,"max_hp_gain":0,"max_hp_loss":0,"event_name":"The Cleric","floor":3,"gold_loss":0},{"damage_healed":0,"gold_gain":0,"player_choice":"Donut","damage_taken":0,"max_hp_gain":5,"max_hp_loss":0,"event_name":"Big Fish","floor":5,"gold_loss":0},{"damage_healed":0,"gold_gain":0,"player_choice":"Searched \u00272\u0027 times","damage_taken":0,"max_hp_gain":0,"max_hp_loss":0,"event_name":"Dead Adventurer","floor":7,"gold_loss":0},{"damage_healed":0,"gold_gain":100,"player_choice":"Pray","damage_taken":0,"max_hp_gain":0,"max_hp_loss":0,"event_name":"Golden Shrine","floor":11,"gold_loss":0},{"damage_healed":0,"gold_gain":0,"player_choice":"Fought Bandits","damage_taken":0,"max_hp_gain":0,"max_hp_loss":0,"event_name":"Masked Bandits","floor":20,"gold_loss":0},{"damage_healed":0,"gold_gain":0,"player_choice":"Fight","damage_taken":0,"max_hp_gain":0,"max_hp_loss":0,"event_name":"Colosseum","floor":28,"gold_loss":0},{"damage_healed":0,"gold_gain":0,"player_choice":"Fought Nobs","damage_taken":0,"max_hp_gain":0,"max_hp_loss":0,"event_name":"Colosseum","floor":28,"gold_loss":0},{"damage_healed":0,"gold_gain":0,"player_choice":"Got Potions","damage_taken":0,"max_hp_gain":0,"max_hp_loss":0,"event_name":"Lab","floor":36,"gold_loss":0},{"damage_healed":0,"gold_gain":0,"player_choice":"Ignored","damage_taken":0,"max_hp_gain":0,"max_hp_loss":0,"event_name":"NoteForYourself","floor":46,"gold_loss":0}],"is_beta":false,"boss_relics":[{"not_picked":["Runic Dome","Sozu"],"picked":"Tiny House"},{"not_picked":["Runic Cube","Calling Bell"],"picked":"Orrery"}],"items_purged_floors":[],"is_endless":false,"potions_floor_spawned":[1,12,14,16,18,23,27,28,37,45,47],"ascension_level":0}