{"gold_per_floor":[110,185,195,212,232,259,275,275],"floor_reached":8,"playtime":1263,"items_purged":[],"score":60,"play_id":"4951dd7d-43ec-4ad8-a971-d3393990ecd3","local_time":"20190713122751","is_ascension_mode":false,"campfire_choices":[],"neow_cost":"NONE","seed_source_timestamp":75440056664334,"circlet_count":0,"master_deck":["Strike_G","Strike_G","Strike_G","Strike_G","Strike_G","Defend_G","Defend_G","Defend_G","Defend_G","Defend_G","Survivor","Neutralize","Deadly Poison","Noxious Fumes","Noxious Fumes","Backflip","Well Laid Plans+1","Caltrops+1"],"relics":["Ring of the Snake","Frozen Egg 2"],"potions_floor_usage":[6,6,8,8],"damage_taken":[{"damage":8,"enemies":"Jaw Worm","floor":1,"turns":6},{"damage":1,"enemies":"Cultist","floor":3,"turns":4},{"damage":6,"enemies":"2 Louse","floor":4,"turns":3},{"damage":5,"enemies":"2 Fungi Beasts","floor":5,"turns":4},{"damage":18,"enemies":"Lagavulin","floor":6,"turns":6},{"damage":19,"enemies":"Looter","floor":7,"turns":4},{"damage":11,"enemies":"Exordium Wildlife","floor":8,"turns":1}],"seed_played":"1858658913732159011","potions_obtained":[{"floor":0,"key":"Dexterity Potion"},{"floor":0,"key":"EssenceOfSteel"},{"floor":0,"key":"Dexterity Potion"},{"floor":6,"key":"LiquidBronze"}],"is_trial":false,"path_per_floor":["M","?","M","M","M","E","M","M"],"character_chosen":"THE_SILENT","items_purchased":[],"campfire_rested":0,"item_purchase_floors":[],"current_hp_per_floor":[62,51,50,44,39,21,2,0],"gold":275,"neow_bonus":"THREE_SMALL_POTIONS","is_prod":false,"is_daily":false,"chose_seed":false,"campfire_upgraded":0,"win_rate":0,"timestamp":1563035271,"path_taken":["M","?","M","M","M","E","M","M"],"build_version":"2019-07-05","purchased_purges":0,"victory":false,"max_hp_per_floor":[70,70,70,70,70,70,70,70],"card_choices":[{"not_picked":["Concentrate","Cloak And Dagger"],"picked":"Deadly Poison","floor":1},{"not_picked":["Expertise","Backflip"],"picked":"Noxious Fumes","floor":3},{"not_picked":["Deflect","After Image"],"picked":"Noxious Fumes","floor":4},{"not_picked":["PiercingWail","Cloak And Dagger"],"picked":"Backflip","floor":5},{"not_picked":["Riddle With Holes","Outmaneuver"],"picked":"Well Laid Plans","floor":6},{"not_picked":["Backflip","Dash"],"picked":"Caltrops+1","floor":7}],"player_experience":513265,"relics_obtained":[{"floor":6,"key":"Frozen Egg 2"}],"event_choices":[{"damage_healed":0,"gold_gain":75,"player_choice":"Gather Gold","damage_taken":11,"max_hp_gain":0,"max_hp_loss":0,"event_name":"World of Goop","floor":2,"gold_loss":0}],"is_beta":false,"boss_relics":[],"items_purged_floors":[],"is_endless":false,"potions_floor_spawned":[6],"killed_by":"Exordium Wildlife","ascension_level":0}