{"gold_per_floor":[116,126,126,139,189,219,237,265,289,289,309,309,309,344,344,416,416,436,137,412,426,351,351,351],"floor_reached":24,"playtime":1365,"items_purged":["Strike_B"],"score":428,"play_id":"f8cfc6f0-82d3-4d07-9163-a76639dc3855","local_time":"20190602221934","is_ascension_mode":true,"campfire_choices":[{"floor":10,"key":"REST"},{"data":"Chaos","floor":12,"key":"SMITH"},{"data":"Go for the Eyes","floor":15,"key":"SMITH"},{"data":"Hyperbeam","floor":23,"key":"SMITH"}],"neow_cost":"NONE","seed_source_timestamp":269350752526564,"circlet_count":0,"master_deck":["AscendersBane","Defend_B","Defend_B","Defend_B","Defend_B","Dualcast","Leap","Static Discharge+1","Chaos+1","Barrage","Core Surge","Cold Snap","Go for the Eyes+1","Hyperbeam+1","Seek+1","Ball Lightning+1","Cold Snap+1","Compile Driver","All For One","Coolheaded"],"relics":["Cracked Core","PreservedInsect","Regal Pillow","Potion Belt","Omamori","Astrolabe"],"potions_floor_usage":[1,7,8,16,16,24,24],"damage_taken":[{"damage":0,"enemies":"Small Slimes","floor":1,"turns":1},{"damage":1,"enemies":"Cultist","floor":2,"turns":4},{"damage":8,"enemies":"2 Louse","floor":4,"turns":3},{"damage":17,"enemies":"3 Sentries","floor":6,"turns":7},{"damage":11,"enemies":"Exordium Thugs","floor":7,"turns":5},{"damage":20,"enemies":"Gremlin Nob","floor":8,"turns":4},{"damage":8,"enemies":"2 Fungi Beasts","floor":11,"turns":4},{"damage":9,"enemies":"3 Sentries","floor":14,"turns":6},{"damage":29,"enemies":"The Guardian","floor":16,"turns":15},{"damage":23,"enemies":"3 Byrds","floor":18,"turns":5},{"damage":7,"enemies":"Spheric Guardian","floor":21,"turns":4},{"damage":45,"enemies":"Slavers","floor":24,"turns":3}],"seed_played":"-6373331310827117582","potions_obtained":[{"floor":0,"key":"SkillPotion"},{"floor":0,"key":"Fire Potion"},{"floor":0,"key":"SteroidPotion"},{"floor":4,"key":"Fire Potion"},{"floor":6,"key":"Block Potion"},{"floor":8,"key":"Regen Potion"},{"floor":14,"key":"FearPotion"},{"floor":18,"key":"Fire Potion"},{"floor":21,"key":"GamblersBrew"}],"is_trial":false,"path_per_floor":["M","M","?","M","?","E","M","E","T","R","M","R","?","E","R","B",null,"M","$","?","M","?","R","E"],"character_chosen":"DEFECT","items_purchased":["All For One","Coolheaded"],"campfire_rested":1,"item_purchase_floors":[19,19],"current_hp_per_floor":[64,63,68,60,60,43,32,12,12,49,41,41,41,32,32,18,62,39,39,39,32,32,32,0],"gold":351,"neow_bonus":"THREE_SMALL_POTIONS","is_prod":false,"is_daily":false,"chose_seed":false,"campfire_upgraded":3,"win_rate":0,"timestamp":1559528374,"path_taken":["M","M","?","M","?","E","?","E","T","R","M","R","?","E","R","BOSS","M","$","?","?","?","R","E"],"build_version":"2019-01-23","purchased_purges":1,"victory":false,"max_hp_per_floor":[71,71,76,76,76,76,76,76,76,76,76,76,76,76,76,76,76,76,76,76,76,76,76,76],"card_choices":[{"not_picked":["Chaos","Fusion"],"picked":"Leap","floor":1},{"not_picked":["Consume","Double Energy"],"picked":"Static Discharge","floor":2},{"not_picked":["Steam","Stack"],"picked":"Chaos","floor":4},{"not_picked":["Static Discharge","Reprogram","Streamline"],"picked":"SKIP","floor":6},{"not_picked":["Beam Cell","Turbo"],"picked":"Barrage","floor":7},{"not_picked":["Genetic Algorithm","Steam"],"picked":"Core Surge","floor":8},{"not_picked":["Beam Cell","Compile Driver"],"picked":"Cold Snap","floor":11},{"not_picked":["White Noise","Skim"],"picked":"Go for the Eyes","floor":14},{"not_picked":["Fission","Thunder Strike"],"picked":"Hyperbeam","floor":16},{"not_picked":["Rebound","BootSequence"],"picked":"Compile Driver","floor":18},{"not_picked":["Stack","Rebound","Redo"],"picked":"SKIP","floor":21}],"player_experience":1445751,"relics_obtained":[{"floor":6,"key":"PreservedInsect"},{"floor":8,"key":"Regal Pillow"},{"floor":9,"key":"Potion Belt"},{"floor":14,"key":"Omamori"}],"event_choices":[{"damage_healed":0,"gold_gain":0,"player_choice":"Donut","damage_taken":0,"max_hp_gain":5,"max_hp_loss":0,"event_name":"Big Fish","floor":3,"gold_loss":0},{"damage_healed":0,"gold_gain":50,"player_choice":"Pray","damage_taken":0,"max_hp_gain":0,"max_hp_loss":0,"event_name":"Golden Shrine","floor":5,"gold_loss":0},{"damage_healed":0,"gold_gain":0,"player_choice":"Upgraded","damage_taken":0,"max_hp_gain":0,"max_hp_loss":0,"event_name":"Upgrade Shrine","floor":13,"gold_loss":0,"cards_upgraded":["Static Discharge"]},{"damage_healed":0,"gold_gain":275,"player_choice":"Desecrate","damage_taken":0,"max_hp_gain":0,"max_hp_loss":0,"event_name":"Golden Shrine","floor":20,"gold_loss":0,"cards_obtained":["Regret"]},{"cards_removed":["Zap"],"damage_healed":0,"gold_gain":0,"player_choice":"Gave Gold","damage_taken":0,"max_hp_gain":0,"max_hp_loss":0,"event_name":"Beggar","floor":22,"gold_loss":75}],"is_beta":false,"boss_relics":[{"not_picked":["Nuclear Battery","Coffee Dripper"],"picked":"Astrolabe"}],"items_purged_floors":[19],"is_endless":false,"potions_floor_spawned":[4,6,8,14,18,21],"killed_by":"Slavers","ascension_level":20}