{"gold_per_floor":[115,131,131,6,23,53,53,78,78,93,116,116,66,82,82,159,159,172,188,24,24,24,57,57,83,83,83,114,114,125,145,145,218,218,237,255,24,35,53,53,65,65,118,151,151,164,164,177,177,177,177,177,177,37,65,65],"floor_reached":56,"playtime":3256,"items_purged":["Normality","Pain","Strike_R"],"score":2004,"play_id":"23c586d9-522a-4b11-997c-d905f8fad9f4","local_time":"20181119190424","is_ascension_mode":true,"campfire_choices":[{"data":"Shockwave","floor":7.0,"key":"SMITH"},{"data":"Uppercut","floor":15.0,"key":"SMITH"},{"floor":24.0,"key":"REST"},{"data":"Corruption","floor":27.0,"key":"SMITH"},{"floor":32.0,"key":"RECALL"},{"floor":40.0,"key":"REST"},{"data":"Feel No Pain","floor":42.0,"key":"SMITH"},{"data":"Demon Form","floor":45.0,"key":"SMITH"},{"data":"Disarm","floor":47.0,"key":"SMITH"},{"floor":49.0,"key":"REST"},{"data":"Evolve","floor":53.0,"key":"SMITH"}],"neow_cost":"CURSE","seed_source_timestamp":454531855487476,"circlet_count":0,"master_deck":["AscendersBane","Strike_R","Strike_R","Strike_R","Strike_R","Defend_R","Defend_R","Defend_R","Defend_R+1","Bash","Uppercut+1","Shrug It Off","Shrug It Off","Shrug It Off","Anger","Shockwave+1","Inflame","Rampage","Shrug It Off+1","Dropkick","Demon Form+1","Offering","Corruption+1","Iron Wave+1","Headbutt","Reaper","Intimidate","Disarm+1","Iron Wave+1","Whirlwind","Reaper","Pommel Strike+1","Corruption+1","Evolve+1","Pommel Strike+1","Disarm","Shrug It Off","Reckless Charge+1","Rage+1","Feel No Pain+1","Havoc+1","Heavy Blade+1","Battle Trance","Reckless Charge+1","Disarm","Burning Pact"],"special_seed":0,"relics":["Black Blood","Prayer Wheel","WarpedTongs","Self Forming Clay","Smiling Mask","Meat on the Bone","Odd Mushroom","Velvet Choker","Champion Belt","Paper Frog","War Paint","CultistMask","Medical Kit","Blood Vial","Molten Egg 2","Orichalcum"],"potions_floor_usage":[56],"damage_taken":[{"damage":2.0,"enemies":"Cultist","floor":1.0,"turns":4.0},{"damage":3.0,"enemies":"2 Louse","floor":2.0,"turns":3.0},{"damage":6.0,"enemies":"Jaw Worm","floor":5.0,"turns":5.0},{"damage":16.0,"enemies":"Lagavulin","floor":6.0,"turns":7.0},{"damage":33.0,"enemies":"Gremlin Nob","floor":8.0,"turns":5.0},{"damage":17.0,"enemies":"3 Louse","floor":10.0,"turns":5.0},{"damage":12.0,"enemies":"The Mushroom Lair","floor":11.0,"turns":5.0},{"damage":9.0,"enemies":"Red Slaver","floor":14.0,"turns":4.0},{"damage":29.0,"enemies":"The Guardian","floor":16.0,"turns":12.0},{"damage":12.0,"enemies":"Spheric Guardian","floor":18.0,"turns":5.0},{"damage":15.0,"enemies":"Shell Parasite","floor":19.0,"turns":5.0},{"damage":33.0,"enemies":"Gremlin Leader","floor":23.0,"turns":5.0},{"damage":35.0,"enemies":"Slavers","floor":25.0,"turns":8.0},{"damage":31.0,"enemies":"Book of Stabbing","floor":28.0,"turns":5.0},{"damage":28.0,"enemies":"Cultist and Chosen","floor":30.0,"turns":8.0},{"damage":26.0,"enemies":"Snake Plant","floor":31.0,"turns":9.0},{"damage":22.0,"enemies":"Collector","floor":33.0,"turns":8.0},{"damage":32.0,"enemies":"3 Shapes","floor":35.0,"turns":15.0},{"damage":0.0,"enemies":"Orb Walker","floor":36.0,"turns":3.0},{"damage":41.0,"enemies":"Writhing Mass","floor":38.0,"turns":10.0},{"damage":132.0,"enemies":"4 Shapes","floor":39.0,"turns":15.0},{"damage":52.0,"enemies":"Transient","floor":41.0,"turns":6.0},{"damage":56.0,"enemies":"Reptomancer","floor":44.0,"turns":9.0},{"damage":31.0,"enemies":"3 Darklings","floor":46.0,"turns":7.0},{"damage":28.0,"enemies":"Writhing Mass","floor":48.0,"turns":10.0},{"damage":86.0,"enemies":"Time Eater","floor":50.0,"turns":15.0},{"damage":117.0,"enemies":"Awakened One","floor":51.0,"turns":12.0},{"damage":79.0,"enemies":"Shield and Spear","floor":55.0,"turns":13.0},{"damage":77,"enemies":"The Heart","floor":56,"turns":5}],"seed_played":"-8145157531642118792","potions_obtained":[{"floor":2.0,"key":"Strength Potion"},{"floor":12.0,"key":"GamblersBrew"},{"floor":12.0,"key":"Swift Potion"},{"floor":14.0,"key":"EssenceOfSteel"},{"floor":16.0,"key":"FearPotion"},{"floor":25.0,"key":"FairyPotion"},{"floor":30.0,"key":"Regen Potion"},{"floor":33.0,"key":"SkillPotion"},{"floor":35.0,"key":"Swift Potion"},{"floor":41.0,"key":"Swift Potion"},{"floor":46.0,"key":"BloodPotion"},{"floor":55.0,"key":"SkillPotion"}],"is_trial":false,"path_per_floor":["M","M","?","$","M","E","R","E","T","M","?","?","$","M","R","B",null,"M","M","$","?","T","E","R","E","T","R","E","?","M","M","R","B",null,"M","M","$","M","M","R","M","R","T","E","R","M","R","M","R","B","B",null,"R","$","E","B"],"character_chosen":"IRONCLAD","items_purchased":["Anger","Reaper","Medical Kit","Disarm"],"campfire_rested":3,"item_purchase_floors":[4,20,37,54],"current_hp_per_floor":[72,75,75,75,75,65,65,38,38,39,45,45,45,54,54,43,67,61,52,52,52,52,37,59,46,46,46,48,48,46,50,50,75,75,69,75,75,53,40,62,53,53,53,70,70,75,75,57,75,75,48,68,68,68,56,0],"gold":65,"neow_bonus":"ONE_RARE_RELIC","is_prod":false,"is_daily":false,"chose_seed":false,"campfire_upgraded":7,"win_rate":0,"timestamp":1542672264,"path_taken":["M","?","?","$","?","E","R","E","T","M","?","?","$","M","R","BOSS","M","M","$","?","?","E","R","E","T","R","E","?","?","M","R","BOSS","M","M","$","?","M","R","M","R","T","E","R","M","R","M","R","BOSS","BOSS","R","$","E","BOSS"],"build_version":"2018-11-15","purchased_purges":3,"victory":false,"max_hp_per_floor":[75,75,75,75,75,75,75,75,75,75,75,75,75,75,75,75,75,75,75,75,75,75,75,75,75,75,75,75,75,75,75,75,75,75,75,75,75,75,75,75,75,75,75,75,75,75,75,75,75,75,75,75,75,75,75,75],"card_choices":[{"not_picked":["Seeing Red","Thunderclap"],"picked":"Uppercut","floor":1.0},{"not_picked":["Perfected Strike","Thunderclap"],"picked":"Shrug It Off","floor":1.0},{"not_picked":["Armaments","Exhume"],"picked":"Shrug It Off","floor":2.0},{"not_picked":["Power Through","Bloodletting"],"picked":"Shrug It Off","floor":2.0},{"not_picked":["Thunderclap","Inflame"],"picked":"Shockwave","floor":5.0},{"not_picked":["Thunderclap","Perfected Strike","Clash"],"picked":"SKIP","floor":5.0},{"not_picked":["Intimidate","Second Wind"],"picked":"Inflame","floor":6.0},{"not_picked":["Entrench","Iron Wave"],"picked":"Rampage","floor":8.0},{"not_picked":["Inflame","Clothesline"],"picked":"Shrug It Off","floor":10.0},{"not_picked":["Clothesline","True Grit"],"picked":"Dropkick","floor":10.0},{"not_picked":["Shockwave","Clothesline"],"picked":"Demon Form","floor":14.0},{"not_picked":["Rupture","Flex","Thunderclap"],"picked":"SKIP","floor":14.0},{"not_picked":["Barricade","Bludgeon"],"picked":"Offering","floor":16.0},{"not_picked":["Cleave+1","Sword Boomerang"],"picked":"Corruption","floor":18.0},{"not_picked":["True Grit","Rampage"],"picked":"Iron Wave+1","floor":18.0},{"not_picked":["Wild Strike","Armaments"],"picked":"Headbutt","floor":19.0},{"not_picked":["Warcry","Anger","Rampage+1"],"picked":"SKIP","floor":19.0},{"not_picked":["Shockwave","Heavy Blade"],"picked":"Intimidate","floor":23.0},{"not_picked":["Demon Form","Combust"],"picked":"Disarm","floor":25.0},{"not_picked":["Twin Strike","Fire Breathing","Wild Strike"],"picked":"SKIP","floor":28.0},{"not_picked":["Twin Strike","Armaments+1"],"picked":"Iron Wave+1","floor":30.0},{"not_picked":["Reckless Charge","Havoc"],"picked":"Whirlwind","floor":30.0},{"not_picked":["Blood for Blood","Fire Breathing","Perfected Strike"],"picked":"SKIP","floor":31.0},{"not_picked":["Pummel","Pommel Strike","Anger"],"picked":"SKIP","floor":31.0},{"not_picked":["Impervious","Immolate"],"picked":"Reaper","floor":33.0},{"not_picked":["Anger","Infernal Blade"],"picked":"Pommel Strike+1","floor":35.0},{"not_picked":["Pommel Strike+1","Perfected Strike"],"picked":"Corruption+1","floor":35.0},{"not_picked":["Entrench+1","Havoc+1"],"picked":"Evolve","floor":36.0},{"not_picked":["Carnage+1","Fire Breathing"],"picked":"Pommel Strike+1","floor":36.0},{"not_picked":["Flex","Body Slam"],"picked":"Disarm","floor":38.0},{"not_picked":["Brutality","Pommel Strike","Carnage+1"],"picked":"SKIP","floor":38.0},{"not_picked":["Twin Strike","Cleave+1"],"picked":"Shrug It Off","floor":39.0},{"not_picked":["Carnage","Infernal Blade+1"],"picked":"Reckless Charge+1","floor":39.0},{"not_picked":["Cleave","Pummel"],"picked":"Rage+1","floor":41.0},{"not_picked":["Clash","Hemokinesis+1"],"picked":"Feel No Pain","floor":41.0},{"not_picked":["Warcry","Reckless Charge"],"picked":"Havoc+1","floor":44.0},{"not_picked":["Warcry+1","True Grit"],"picked":"Heavy Blade+1","floor":46.0},{"not_picked":["Perfected Strike+1","Sever Soul+1","Clash+1"],"picked":"SKIP","floor":46.0},{"not_picked":["Warcry","Entrench"],"picked":"Battle Trance","floor":48.0},{"not_picked":["Havoc","Sword Boomerang+1"],"picked":"Reckless Charge+1","floor":48.0},{"not_picked":["Seeing Red+1","Rage"],"picked":"Burning Pact","floor":55.0}],"player_experience":1120126,"relics_obtained":[{"floor":6.0,"key":"Self Forming Clay"},{"floor":8.0,"key":"Smiling Mask"},{"floor":9.0,"key":"Meat on the Bone"},{"floor":11.0,"key":"Odd Mushroom"},{"floor":25.0,"key":"Champion Belt"},{"floor":26.0,"key":"Paper Frog"},{"floor":28.0,"key":"War Paint"},{"floor":43.0,"key":"Blood Vial"},{"floor":44.0,"key":"Molten Egg 2"},{"floor":55.0,"key":"Orichalcum"}],"event_choices":[{"damage_healed":0.0,"max_hp_gain":0.0,"max_hp_loss":0.0,"gold_gain":0.0,"event_name":"Accursed Blacksmith","player_choice":"Rummage","floor":3.0,"gold_loss":0.0,"damage_taken":0.0,"relics_obtained":["WarpedTongs"],"cards_obtained":["Pain"]},{"damage_healed":0.0,"max_hp_gain":0.0,"max_hp_loss":0.0,"gold_gain":0.0,"event_name":"Mushrooms","player_choice":"Fought Mushrooms","floor":11.0,"gold_loss":0.0,"damage_taken":0.0},{"damage_healed":0.0,"max_hp_gain":0.0,"max_hp_loss":0.0,"gold_gain":0.0,"event_name":"Lab","player_choice":"Got Potions","floor":12.0,"gold_loss":0.0,"damage_taken":0.0},{"damage_healed":0.0,"max_hp_gain":0.0,"max_hp_loss":0.0,"gold_gain":0.0,"event_name":"Beggar","player_choice":"Ignored","floor":21.0,"gold_loss":0.0,"damage_taken":0.0},{"damage_healed":0.0,"max_hp_gain":0.0,"max_hp_loss":0.0,"gold_gain":0.0,"event_name":"FaceTrader","player_choice":"Trade","floor":29.0,"gold_loss":0.0,"damage_taken":0.0,"relics_obtained":["CultistMask"]}],"is_beta":false,"boss_relics":[{"not_picked":["Tiny House","Eternal Feather"],"picked":"Velvet Choker"},{"not_picked":["Orrery","Runic Dome"],"picked":"Black Blood"}],"items_purged_floors":[4,13,54],"is_endless":false,"potions_floor_spawned":[2,14,16,23,25,30,31,33,35,41,46,55],"killed_by":"The Heart","ascension_level":20}