{"gold_per_floor":[117,135,60,40,51,80,80,112,112,143,43,43],"floor_reached":12,"playtime":471,"items_purged":["Strike_B","Strike_B"],"score":192,"play_id":"93a46c6a-0e94-4c1c-b458-7fccbce31f87","local_time":"20190514155715","is_ascension_mode":true,"campfire_choices":[{"floor":7,"key":"REST"}],"neow_cost":"NONE","seed_source_timestamp":859359982984776,"circlet_count":0,"master_deck":["AscendersBane","Strike_B","Strike_B","Defend_B","Defend_B","Defend_B","Defend_B","Zap","Dualcast","Darkness","Leap","Rebound","Creative AI","Sweeping Beam","Defragment"],"relics":["Cracked Core","NeowsBlessing","Regal Pillow","Cables","Art of War","Bottled Tornado"],"potions_floor_usage":[6,10,12],"damage_taken":[{"damage":0,"enemies":"Cultist","floor":1,"turns":1},{"damage":0,"enemies":"Jaw Worm","floor":2,"turns":1},{"damage":0,"enemies":"Small Slimes","floor":5,"turns":1},{"damage":51,"enemies":"3 Sentries","floor":6,"turns":12},{"damage":6,"enemies":"Lagavulin","floor":8,"turns":10},{"damage":37,"enemies":"Gremlin Nob","floor":10,"turns":4},{"damage":13,"enemies":"3 Sentries","floor":12,"turns":4}],"seed_played":"-3821794753254184474","potions_obtained":[{"floor":1,"key":"Ancient Potion"},{"floor":4,"key":"SkillPotion"},{"floor":6,"key":"Weak Potion"},{"floor":10,"key":"Dexterity Potion"}],"is_trial":false,"path_per_floor":["M","M","$","?","M","E","R","E","T","E","$","E"],"character_chosen":"DEFECT","items_purchased":[],"campfire_rested":1,"item_purchase_floors":[],"current_hp_per_floor":[64,64,64,64,64,13,49,43,43,6,6,0],"gold":43,"neow_bonus":"THREE_ENEMY_KILL","is_prod":false,"is_daily":false,"chose_seed":false,"campfire_upgraded":0,"win_rate":0,"timestamp":1557863835,"path_taken":["M","M","?","?","?","E","R","E","T","E","$","E"],"build_version":"2019-01-23","purchased_purges":2,"victory":false,"max_hp_per_floor":[71,71,71,71,71,71,71,71,71,71,71,71],"card_choices":[{"not_picked":["Double Energy","Static Discharge"],"picked":"Darkness","floor":1},{"not_picked":["Reprogram","Capacitor"],"picked":"Leap","floor":2},{"not_picked":["Steam","Rebound","Stack"],"picked":"SKIP","floor":5},{"not_picked":["Steam","Stack"],"picked":"Rebound","floor":5},{"not_picked":["Steam","Heatsinks"],"picked":"Creative AI","floor":6},{"not_picked":["Stack","Lockon"],"picked":"Sweeping Beam","floor":8},{"not_picked":["Beam Cell","Meteor Strike"],"picked":"Defragment","floor":10}],"player_experience":1396903,"relics_obtained":[{"floor":6,"key":"Regal Pillow"},{"floor":8,"key":"Cables"},{"floor":9,"key":"Art of War"},{"floor":10,"key":"Bottled Tornado"}],"event_choices":[{"damage_healed":0,"gold_gain":0,"player_choice":"Bought 1 Potion","damage_taken":0,"max_hp_gain":0,"max_hp_loss":0,"event_name":"The Woman in Blue","floor":4,"gold_loss":0}],"is_beta":false,"boss_relics":[],"items_purged_floors":[3,11],"is_endless":false,"potions_floor_spawned":[1,5,6,10],"killed_by":"3 Sentries","ascension_level":20}