{"gold_per_floor":[116,116,128,57,57,57,75,110,110,100,0,0,27,27,27,124,124,135,135,2,12,22,22,40,59,138,138,156,156,156,43,43,141,141,154,37,54,54,54],"floor_reached":39,"playtime":2159,"items_purged":["Strike_G"],"score":453,"play_id":"db602492-db37-441f-a3a6-3cfb218664e4","local_time":"20190717010323","is_ascension_mode":true,"campfire_choices":[{"data":"Noxious Fumes","floor":6,"key":"SMITH"},{"floor":12,"key":"REST"},{"floor":15,"key":"REST"},{"data":"Glass Knife","floor":23,"key":"SMITH"},{"data":"Footwork","floor":27,"key":"SMITH"},{"floor":30,"key":"REST"},{"data":"Footwork","floor":32,"key":"SMITH"}],"neow_cost":"NONE","seed_source_timestamp":29676488258713,"circlet_count":0,"master_deck":["Strike_G","Strike_G+1","Defend_G","Defend_G","Defend_G","Defend_G","Defend_G","Survivor","Neutralize+1","Dramatic Entrance","Acrobatics","Noxious Fumes+1","Escape Plan","Sucker Punch","Glass Knife+1","Dash","Footwork+1","Footwork","Quick Slash","Dagger Spray+1","Sucker Punch+1","Outmaneuver+1","Tools of the Trade","Footwork+1","Noxious Fumes","Die Die Die","Caltrops+1","Terror","Expertise","Neutralize"],"relics":["Ring of the Serpent","The Courier","Whetstone","Pear","Bird Faced Urn","Sozu","Gremlin Horn","Regal Pillow"],"potions_floor_usage":[8,8,10,13,37],"damage_taken":[{"damage":1,"enemies":"Jaw Worm","floor":1,"turns":4},{"damage":1,"enemies":"Cultist","floor":3,"turns":4},{"damage":2,"enemies":"Small Slimes","floor":7,"turns":3},{"damage":19,"enemies":"3 Sentries","floor":8,"turns":7},{"damage":14,"enemies":"Exordium Thugs","floor":10,"turns":4},{"damage":21,"enemies":"Gremlin Nob","floor":13,"turns":5},{"damage":56,"enemies":"The Guardian","floor":16,"turns":15},{"damage":2,"enemies":"Chosen","floor":18,"turns":5},{"damage":6,"enemies":"3 Byrds","floor":21,"turns":5},{"damage":21,"enemies":"Snake Plant","floor":22,"turns":7},{"damage":3,"enemies":"3 Cultists","floor":24,"turns":5},{"damage":9,"enemies":"Centurion and Healer","floor":25,"turns":6},{"damage":31,"enemies":"Snake Plant","floor":28,"turns":6},{"damage":17,"enemies":"Automaton","floor":33,"turns":11},{"damage":26,"enemies":"Orb Walker","floor":35,"turns":5},{"damage":29,"enemies":"3 Shapes","floor":37,"turns":5},{"damage":72,"enemies":"Transient","floor":39,"turns":5}],"seed_played":"-3383963812665426568","potions_obtained":[{"floor":2,"key":"Fruit Juice"},{"floor":2,"key":"PowerPotion"},{"floor":2,"key":"GamblersBrew"},{"floor":16,"key":"Fire Potion"}],"is_trial":false,"path_per_floor":["M","?","M","$","?","R","M","E","T","M","$","R","E","?","R","B",null,"M","?","$","M","M","R","M","M","T","R","M","?","R","$","R","B",null,"M","$","M","?","M"],"character_chosen":"THE_SILENT","items_purchased":["Noxious Fumes","Poison Potion","Footwork","Footwork","Quick Slash","Footwork","Noxious Fumes","Terror","Expertise"],"campfire_rested":3,"item_purchase_floors":[4,11,20,20,20,31,31,36,36],"current_hp_per_floor":[69,69,68,68,61,61,59,45,45,31,31,53,42,42,67,13,85,83,83,83,79,62,62,65,62,62,62,37,37,77,77,77,72,85,67,67,50,50,0],"gold":54,"neow_bonus":"RANDOM_COLORLESS","is_prod":false,"is_daily":false,"chose_seed":false,"campfire_upgraded":4,"win_rate":0,"timestamp":1563343403,"path_taken":["M","?","?","$","?","R","M","E","T","M","$","R","E","?","R","BOSS","M","?","$","M","?","R","M","M","T","R","M","?","R","$","R","BOSS","M","$","M","?","M"],"build_version":"2019-07-05","purchased_purges":1,"victory":false,"max_hp_per_floor":[70,70,70,70,70,70,70,75,75,75,75,75,85,85,85,85,85,85,85,85,85,85,85,85,85,85,85,85,85,85,85,85,85,85,85,85,85,85,85],"card_choices":[{"not_picked":["Deflect","Prepared"],"picked":"Acrobatics","floor":1},{"not_picked":["Prepared","Acrobatics","Skewer"],"picked":"SKIP","floor":3},{"not_picked":["Blade Dance","Poisoned Stab","Dagger Throw"],"picked":"SKIP","floor":7},{"not_picked":["Blur","Choke"],"picked":"Escape Plan","floor":8},{"not_picked":["Deadly Poison","Dagger Throw"],"picked":"Sucker Punch","floor":10},{"not_picked":["Flying Knee","Endless Agony"],"picked":"Catalyst","floor":13},{"not_picked":["Die Die Die","Tools of the Trade"],"picked":"Glass Knife","floor":16},{"not_picked":["Heel Hook","Flying Knee"],"picked":"Dash","floor":18},{"not_picked":["Slice","Concentrate"],"picked":"Dagger Spray+1","floor":21},{"not_picked":["Slice+1","Flying Knee","Reflex+1"],"picked":"SKIP","floor":22},{"not_picked":["Slice","Bouncing Flask"],"picked":"Sucker Punch+1","floor":24},{"not_picked":["Blade Dance","Slice"],"picked":"Outmaneuver+1","floor":25},{"not_picked":["Bouncing Flask","Deadly Poison"],"picked":"Tools of the Trade","floor":28},{"not_picked":["Storm of Steel","Tools of the Trade"],"picked":"Die Die Die","floor":33},{"not_picked":["Well Laid Plans","Prepared+1"],"picked":"Caltrops+1","floor":35},{"not_picked":["Bane","Deflect","Slice"],"picked":"SKIP","floor":37}],"player_experience":105957,"relics_obtained":[{"floor":8,"key":"The Courier"},{"floor":9,"key":"Whetstone"},{"floor":13,"key":"Pear"},{"floor":26,"key":"Gremlin Horn"}],"event_choices":[{"damage_healed":0,"gold_gain":0,"player_choice":"Got Potions","damage_taken":0,"max_hp_gain":0,"max_hp_loss":0,"event_name":"Lab","floor":2,"gold_loss":0},{"cards_removed":["Strike_G"],"damage_healed":0,"gold_gain":0,"player_choice":"Card Removal","damage_taken":7,"max_hp_gain":0,"max_hp_loss":0,"event_name":"Golden Wing","floor":5,"gold_loss":0},{"cards_removed":["Catalyst"],"damage_healed":0,"gold_gain":0,"player_choice":"Gave Card","damage_taken":0,"relics_obtained":["Bird Faced Urn"],"max_hp_gain":0,"max_hp_loss":0,"event_name":"WeMeetAgain","floor":14,"gold_loss":0},{"cards_removed":["Strike_G"],"damage_healed":0,"gold_gain":0,"player_choice":"Offered Basic","damage_taken":0,"max_hp_gain":0,"max_hp_loss":0,"event_name":"Bonfire Elementals","floor":19,"gold_loss":0},{"damage_healed":0,"gold_gain":0,"player_choice":"Opened","damage_taken":0,"relics_obtained":["Regal Pillow"],"max_hp_gain":0,"max_hp_loss":0,"event_name":"The Mausoleum","floor":29,"gold_loss":0},{"damage_healed":0,"gold_gain":0,"player_choice":"1 cards matched","damage_taken":0,"max_hp_gain":0,"max_hp_loss":0,"event_name":"Match and Keep!","floor":38,"gold_loss":0,"cards_obtained":["Neutralize"]}],"is_beta":false,"boss_relics":[{"not_picked":["Tiny House","Velvet Choker"],"picked":"Sozu"},{"not_picked":["Astrolabe","Black Star"],"picked":"Ring of the Serpent"}],"items_purged_floors":[11],"is_endless":false,"potions_floor_spawned":[3,16,21,24,25],"killed_by":"Transient","ascension_level":2}