{"gold_per_floor":[368,293,311,311,148,182,182,211,263,263],"floor_reached":10,"playtime":388,"items_purged":["Strike_G"],"score":148,"play_id":"a103c098-ecdc-4c63-b475-0550f34f895f","local_time":"20190713014938","is_ascension_mode":true,"campfire_choices":[{"data":"Noxious Fumes","floor":7,"key":"SMITH"}],"neow_cost":"TEN_PERCENT_HP_LOSS","seed_source_timestamp":287851213280781,"circlet_count":0,"master_deck":["AscendersBane","Strike_G","Strike_G","Strike_G","Defend_G","Defend_G","Defend_G","Defend_G","Defend_G","Survivor","Neutralize","Deadly Poison","Dagger Spray","Noxious Fumes+1","Die Die Die","Corpse Explosion"],"relics":["Ring of the Snake","Orichalcum","Vajra","Juzu Bracelet"],"potions_floor_usage":[8,10],"damage_taken":[{"damage":0,"enemies":"2 Louse","floor":1,"turns":2},{"damage":4,"enemies":"Small Slimes","floor":3,"turns":4},{"damage":51,"enemies":"Gremlin Nob","floor":6,"turns":5},{"damage":12,"enemies":"3 Sentries","floor":8,"turns":7},{"damage":20,"enemies":"Gremlin Nob","floor":10,"turns":3}],"seed_played":"6818490099226466552","potions_obtained":[{"floor":1,"key":"Regen Potion"},{"floor":8,"key":"EssenceOfSteel"}],"is_trial":false,"path_per_floor":["M","?","M","?","$","E","R","E","T","E"],"character_chosen":"THE_SILENT","items_purchased":["Noxious Fumes"],"campfire_rested":0,"item_purchase_floors":[5],"current_hp_per_floor":[59,59,55,60,60,9,9,12,12,0],"gold":263,"neow_bonus":"TWO_FIFTY_GOLD","is_prod":false,"is_daily":false,"chose_seed":false,"campfire_upgraded":1,"win_rate":0,"timestamp":1562996978,"path_taken":["M","?","M","?","$","E","R","E","T","E"],"build_version":"2019-07-05","purchased_purges":1,"victory":false,"max_hp_per_floor":[60,60,60,65,65,65,65,65,65,65],"card_choices":[{"not_picked":["Setup","Acrobatics"],"picked":"Deadly Poison","floor":1},{"not_picked":["Infinite Blades","Cloak And Dagger"],"picked":"Dagger Spray","floor":3},{"not_picked":["Dagger Throw","Dash"],"picked":"Die Die Die","floor":6},{"not_picked":["Bouncing Flask","Infinite Blades"],"picked":"Corpse Explosion","floor":8}],"player_experience":1479416,"relics_obtained":[{"floor":6,"key":"Orichalcum"},{"floor":8,"key":"Vajra"},{"floor":9,"key":"Juzu Bracelet"}],"event_choices":[{"cards_removed":["Strike_G"],"damage_healed":0,"gold_gain":0,"player_choice":"Card Removal","damage_taken":0,"max_hp_gain":0,"max_hp_loss":0,"event_name":"The Cleric","floor":2,"gold_loss":75},{"damage_healed":0,"gold_gain":0,"player_choice":"Donut","damage_taken":0,"max_hp_gain":5,"max_hp_loss":0,"event_name":"Big Fish","floor":4,"gold_loss":0}],"is_beta":false,"boss_relics":[],"items_purged_floors":[5],"is_endless":false,"potions_floor_spawned":[1,8],"killed_by":"Gremlin Nob","ascension_level":20}