{"gold_per_floor":[109,125,3,3,19,19,48,48,48,79,30,30,55,66,66,165,165,183,27,39,58,58,58,72,72,72,72,72,82,82,100,100,199,199,210,226,1,1,354,354,367,367,416,447,467,467,377,126,126,126,126,126,1,36,36],"floor_reached":55,"playtime":2859,"items_purged":["Strike_B","Heatsinks","Defend_B"],"score":1028,"play_id":"dd46c893-602c-4d54-ab55-ce9d06035910","local_time":"20190611193019","is_ascension_mode":true,"campfire_choices":[{"data":"Defragment","floor":6,"key":"SMITH"},{"data":"Self Repair","floor":8,"key":"SMITH"},{"floor":12,"key":"REST"},{"data":"Coolheaded","floor":15,"key":"SMITH"},{"data":"Rainbow","floor":23,"key":"SMITH"},{"data":"Leap","floor":27,"key":"SMITH"},{"data":"Consume","floor":32,"key":"SMITH"},{"floor":40,"key":"REST"},{"data":"Tempest","floor":42,"key":"SMITH"},{"floor":46,"key":"RECALL"},{"data":"Dualcast","floor":49,"key":"SMITH"},{"data":"Reinforced Body","floor":52,"key":"SMITH"}],"neow_cost":"NONE","seed_source_timestamp":113011793483416,"circlet_count":0,"master_deck":["AscendersBane","Defend_B","Defend_B","Defend_B","Zap+1","Dualcast+1","Self Repair+1","Coolheaded+1","Defragment+1","Leap+1","Sweeping Beam","FTL+1","Cold Snap","Rainbow+1","Redo+1","Reinforced Body+1","Consume+1","Sweeping Beam+1","Defragment+1","Compile Driver+1","Echo Form","Dark Shackles","Master of Strategy","Mind Blast+1","Redo+1","Tempest+1","Loop+1","Blizzard+1","Static Discharge+1"],"relics":["FrozenCore","StoneCalendar","Gremlin Horn","Ice Cream","Bottled Tornado","Vajra","Molten Egg 2","Runic Dome","Anchor","Old Coin","Mummified Hand","Oddly Smooth Stone","Bag of Marbles"],"potions_floor_usage":[7,16,25,55],"damage_taken":[{"damage":8,"enemies":"2 Louse","floor":1,"turns":2},{"damage":11,"enemies":"Small Slimes","floor":2,"turns":4},{"damage":0,"enemies":"Jaw Worm","floor":5,"turns":5},{"damage":24,"enemies":"Lagavulin","floor":7,"turns":8},{"damage":18,"enemies":"3 Sentries","floor":10,"turns":7},{"damage":4,"enemies":"Lagavulin","floor":13,"turns":6},{"damage":3,"enemies":"Exordium Thugs","floor":14,"turns":5},{"damage":17,"enemies":"The Guardian","floor":16,"turns":13},{"damage":3,"enemies":"Chosen","floor":18,"turns":7},{"damage":11,"enemies":"Spheric Guardian","floor":20,"turns":4},{"damage":17,"enemies":"Shelled Parasite and Fungi","floor":21,"turns":7},{"damage":28,"enemies":"Snake Plant","floor":24,"turns":5},{"damage":6,"enemies":"Cultist and Chosen","floor":29,"turns":6},{"damage":0,"enemies":"Snecko","floor":31,"turns":5},{"damage":15,"enemies":"Automaton","floor":33,"turns":12},{"damage":23,"enemies":"3 Darklings","floor":35,"turns":6},{"damage":17,"enemies":"Orb Walker","floor":36,"turns":5},{"damage":23,"enemies":"2 Orb Walkers","floor":39,"turns":6},{"damage":5,"enemies":"4 Shapes","floor":41,"turns":7},{"damage":25,"enemies":"Nemesis","floor":44,"turns":7},{"damage":0,"enemies":"Sphere and 2 Shapes","floor":45,"turns":4},{"damage":30,"enemies":"Donu and Deca","floor":50,"turns":10},{"damage":66,"enemies":"Shield and Spear","floor":54,"turns":6},{"damage":22,"enemies":"The Heart","floor":55,"turns":2}],"seed_played":"3190672719305282989","potions_obtained":[{"floor":2,"key":"Fire Potion"},{"floor":10,"key":"FearPotion"},{"floor":14,"key":"GamblersBrew"},{"floor":18,"key":"Strength Potion"},{"floor":24,"key":"Regen Potion"},{"floor":25,"key":"Fruit Juice"},{"floor":25,"key":"SmokeBomb"},{"floor":25,"key":"Dexterity Potion"}],"is_trial":false,"path_per_floor":["M","M","$","?","M","R","E","R","T","E","?","R","E","M","R","B",null,"M","$","M","M","?","R","M","?","T","R","$","M","?","M","R","B",null,"M","M","$","?","?","R","M","R","T","E","M","R","?","$","R","B",null,"R","$","E","B"],"character_chosen":"DEFECT","items_purchased":["Defragment","Leap","Vajra","Anchor","Oddly Smooth Stone"],"campfire_rested":2,"item_purchase_floors":[3,3,19,37,48],"current_hp_per_floor":[60,56,56,56,63,63,46,46,46,38,38,60,66,73,73,66,73,75,75,74,67,67,67,49,54,54,54,54,58,58,68,68,63,76,63,66,66,56,43,67,80,80,80,65,75,75,75,75,75,65,76,76,76,20,0],"gold":36,"neow_bonus":"UPGRADE_CARD","is_prod":false,"is_daily":false,"chose_seed":false,"campfire_upgraded":9,"win_rate":0,"timestamp":1560295819,"path_taken":["M","M","$","?","M","R","E","R","T","E","?","R","E","M","R","BOSS","M","$","M","M","?","R","M","?","T","R","$","?","?","M","R","BOSS","M","M","$","?","?","R","M","R","T","E","M","R","?","$","R","BOSS","R","$","E","BOSS"],"build_version":"2019-01-23","purchased_purges":3,"victory":false,"max_hp_per_floor":[75,75,75,75,75,75,75,75,75,75,75,75,75,75,75,75,75,75,75,75,75,75,75,75,80,80,80,80,80,80,80,80,80,80,80,80,80,80,80,80,80,80,80,80,80,80,80,80,80,80,80,80,80,80,80],"card_choices":[{"not_picked":["Steam","BootSequence"],"picked":"Self Repair","floor":1},{"not_picked":["Static Discharge","Steam"],"picked":"Coolheaded","floor":2},{"not_picked":["Tempest","Redo"],"picked":"Sweeping Beam","floor":5},{"not_picked":["Stack","Redo"],"picked":"FTL","floor":7},{"not_picked":["Redo","Consume","Sweeping Beam"],"picked":"SKIP","floor":10},{"not_picked":["Melter","Amplify","Heatsinks"],"picked":"SKIP","floor":13},{"not_picked":["Barrage","Scrape"],"picked":"Cold Snap","floor":14},{"not_picked":["All For One","Meteor Strike"],"picked":"Rainbow","floor":16},{"not_picked":["Storm","FTL"],"picked":"Redo+1","floor":18},{"not_picked":["Go for the Eyes","Sweeping Beam+1"],"picked":"Reinforced Body","floor":20},{"not_picked":["Steam Power","Hyperbeam","Barrage+1"],"picked":"SKIP","floor":21},{"not_picked":["Cold Snap","Recycle"],"picked":"Sweeping Beam+1","floor":24},{"not_picked":["Reinforced Body","Hologram"],"picked":"Defragment","floor":29},{"not_picked":["Streamline+1","Beam Cell+1"],"picked":"Compile Driver+1","floor":31},{"not_picked":["Hyperbeam+1","Fission"],"picked":"Echo Form","floor":33},{"not_picked":["Hello World+1","Conserve Battery","Streamline+1"],"picked":"SKIP","floor":35},{"not_picked":["Hello World+1","Conserve Battery","Streamline+1"],"picked":"SKIP","floor":35},{"not_picked":["Barrage+1","Scrape+1","Steam Power+1"],"picked":"SKIP","floor":36},{"not_picked":["Panacea","Flash of Steel+1"],"picked":"Dark Shackles","floor":38},{"not_picked":["Swift Strike+1","Discovery"],"picked":"Master of Strategy","floor":38},{"not_picked":["Violence","Swift Strike+1"],"picked":"Mind Blast+1","floor":38},{"not_picked":["Beam Cell+1","Hello World"],"picked":"Redo+1","floor":39},{"not_picked":["Steam Power+1","Force Field"],"picked":"Tempest","floor":41},{"not_picked":["Steam Power","Self Repair"],"picked":"Loop+1","floor":44},{"not_picked":["Sweeping Beam+1","Streamline+1"],"picked":"Blizzard+1","floor":45},{"not_picked":["Tempest","Chaos+1"],"picked":"Static Discharge+1","floor":54}],"player_experience":405371,"relics_obtained":[{"floor":7,"key":"StoneCalendar"},{"floor":9,"key":"Gremlin Horn"},{"floor":10,"key":"Ice Cream"},{"floor":13,"key":"Bottled Tornado"},{"floor":26,"key":"Molten Egg 2"},{"floor":39,"key":"Old Coin"},{"floor":44,"key":"Mummified Hand"},{"floor":54,"key":"Bag of Marbles"}],"event_choices":[{"damage_healed":0,"gold_gain":0,"player_choice":"Leave","damage_taken":0,"max_hp_gain":0,"max_hp_loss":0,"event_name":"The Cleric","floor":4,"gold_loss":0},{"damage_healed":0,"gold_gain":0,"player_choice":"Left Gold","damage_taken":0,"max_hp_gain":0,"max_hp_loss":0,"event_name":"World of Goop","floor":11,"gold_loss":49},{"damage_healed":0,"gold_gain":0,"cards_transformed":["Strike_B","Strike_B"],"player_choice":"Became Test Subject","damage_taken":0,"max_hp_gain":0,"max_hp_loss":0,"event_name":"Drug Dealer","floor":22,"gold_loss":0,"cards_obtained":["Heatsinks","Consume"]},{"damage_healed":0,"gold_gain":0,"player_choice":"Got Potions","damage_taken":0,"max_hp_gain":0,"max_hp_loss":0,"event_name":"Lab","floor":25,"gold_loss":0},{"damage_healed":0,"gold_gain":0,"player_choice":"Forge","damage_taken":0,"max_hp_gain":0,"max_hp_loss":0,"event_name":"Accursed Blacksmith","floor":30,"gold_loss":0,"cards_upgraded":["Defragment"]},{"damage_healed":0,"gold_gain":0,"player_choice":"Memory 3","damage_taken":10,"max_hp_gain":0,"max_hp_loss":0,"event_name":"SensoryStone","floor":38,"gold_loss":0},{"damage_healed":0,"gold_gain":0,"player_choice":"Fight","damage_taken":0,"max_hp_gain":0,"max_hp_loss":0,"event_name":"Mysterious Sphere","floor":39,"gold_loss":0},{"cards_removed":["Strike_B"],"damage_healed":0,"gold_gain":0,"player_choice":"Upgrade and Remove","damage_taken":0,"max_hp_gain":0,"max_hp_loss":0,"event_name":"Designer","floor":47,"gold_loss":90,"cards_upgraded":["FTL"]}],"is_beta":false,"boss_relics":[{"not_picked":["Snecko Eye","Tiny House"],"picked":"FrozenCore"},{"not_picked":["Astrolabe","Empty Cage"],"picked":"Runic Dome"}],"items_purged_floors":[37,48,53],"is_endless":false,"potions_floor_spawned":[2,10,14,18,24,31,35,44,45],"killed_by":"The Heart","ascension_level":11}