{"gold_per_floor":[119,119,44,61,61,61,5,64,90,116,116,149,149,174,174,174],"floor_reached":16,"playtime":728,"items_purged":["Strike_R"],"score":398,"play_id":"e8cb109c-10e0-4391-956d-9c91e9909987","local_time":"20190207234608","is_ascension_mode":true,"campfire_choices":[{"data":"Bash","floor":6,"key":"SMITH"},{"data":"Feed","floor":13,"key":"SMITH"},{"data":"Flame Barrier","floor":15,"key":"SMITH"}],"neow_cost":"TEN_PERCENT_HP_LOSS","seed_source_timestamp":0,"circlet_count":0,"master_deck":["AscendersBane","Strike_R","Strike_R","Strike_R","Strike_R","Defend_R","Defend_R","Defend_R+1","Defend_R+1","Bash+1","Battle Trance","Clothesline+1","Rampage","Shrug It Off","Feed+1","Flame Barrier+1"],"special_seed":0,"relics":["Burning Blood","Pocketwatch","NlothsMask","Tiny Chest","Ancient Tea Set","War Paint","Pear","PreservedInsect"],"potions_floor_usage":[8,10,12,16],"damage_taken":[{"damage":4,"enemies":"2 Louse","floor":1,"turns":3},{"damage":7,"enemies":"Cultist","floor":4,"turns":4},{"damage":25,"enemies":"Lagavulin","floor":8,"turns":6},{"damage":23,"enemies":"3 Sentries","floor":10,"turns":8},{"damage":0,"enemies":"Gremlin Nob","floor":12,"turns":3},{"damage":9,"enemies":"Lagavulin","floor":14,"turns":7},{"damage":48,"enemies":"Slime Boss","floor":16,"turns":10}],"seed_played":"-1101387081836196956","potions_obtained":[{"floor":4,"key":"Energy Potion"},{"floor":10,"key":"Energy Potion"},{"floor":14,"key":"SpeedPotion"}],"is_trial":false,"path_per_floor":["M","?","$","M","T","R","$","E","T","E","?","E","R","E","R","B"],"character_chosen":"IRONCLAD","items_purchased":["Block Potion"],"campfire_rested":0,"item_purchase_floors":[7],"current_hp_per_floor":[68,68,68,67,67,67,67,48,48,31,31,47,47,48,48,0],"gold":174,"neow_bonus":"ONE_RARE_RELIC","is_prod":false,"is_daily":false,"chose_seed":false,"campfire_upgraded":3,"win_rate":0,"timestamp":1549601168,"path_taken":["M","?","?","M","?","R","$","E","T","E","?","E","R","E","R","BOSS"],"build_version":"2019-01-23","purchased_purges":1,"victory":false,"max_hp_per_floor":[68,68,68,68,68,68,68,68,68,68,68,78,78,82,82,82],"card_choices":[{"not_picked":["Flex","True Grit"],"picked":"Battle Trance","floor":1},{"not_picked":["Sword Boomerang","Corruption"],"picked":"Clothesline","floor":4},{"not_picked":["Wild Strike","Uppercut"],"picked":"Rampage","floor":8},{"not_picked":["Heavy Blade","Headbutt"],"picked":"Shrug It Off","floor":10},{"not_picked":["Juggernaut","Shrug It Off"],"picked":"Feed","floor":12},{"not_picked":["Perfected Strike","Feed"],"picked":"Flame Barrier","floor":14}],"player_experience":1361591,"relics_obtained":[{"floor":8,"key":"Tiny Chest"},{"floor":9,"key":"Ancient Tea Set"},{"floor":10,"key":"War Paint"},{"floor":12,"key":"Pear"},{"floor":14,"key":"PreservedInsect"}],"event_choices":[{"damage_healed":0,"gold_gain":0,"player_choice":"Trade","damage_taken":0,"relics_obtained":["NlothsMask"],"max_hp_gain":0,"max_hp_loss":0,"event_name":"FaceTrader","floor":2,"gold_loss":0},{"damage_healed":0,"gold_gain":0,"player_choice":"Upgraded","damage_taken":0,"max_hp_gain":0,"max_hp_loss":0,"event_name":"Upgrade Shrine","floor":11,"gold_loss":0,"cards_upgraded":["Clothesline"]}],"is_beta":false,"boss_relics":[],"items_purged_floors":[3],"is_endless":false,"potions_floor_spawned":[4,10,14],"killed_by":"Slime Boss","ascension_level":20}