{"gold_per_floor":[115,134,154,154,172,172,197,197,197,197,122,180,236,311,311,388,388,406,421,421,421,38,38,69,69,69,112,143,155,192,230,242,325,337,363,375,734,746,774,818,830,877,889,912,924,31,46,46,46,46,46],"floor_reached":52,"playtime":2649,"items_purged":[],"score":2469,"play_id":"84ed8c0f-b7e3-4c68-8b23-6b45c1b92d6c","local_time":"20181116221130","is_ascension_mode":true,"campfire_choices":[{"data":"Zap","floor":6.0,"key":"SMITH"},{"data":"Go for the Eyes","floor":8.0,"key":"SMITH"},{"floor":10.0,"key":"REST"},{"data":"Consume","floor":15.0,"key":"SMITH"},{"floor":23.0,"key":"REST"},{"floor":29.0,"key":"REST"},{"floor":32.0,"key":"REST"},{"floor":41,"key":"REST"},{"data":"Hologram","floor":45,"key":"SMITH"},{"data":"Biased Cognition","floor":49,"key":"SMITH"}],"neow_cost":"NONE","seed_source_timestamp":207474725998448,"circlet_count":0,"master_deck":["AscendersBane","Strike_B+1","Strike_B+1","Defend_B+1","Defend_B+1","Defend_B+1","Defend_B+1","Zap+1","Dualcast","Cold Snap","Electrodynamics","Cold Snap","Go for the Eyes+1","Consume+1","Sweeping Beam","Compile Driver","White Noise","Core Surge","Stack+1","Compile Driver+1","Hologram+1","Compile Driver","Glacier","Barrage","Undo","Ball Lightning","Biased Cognition+1","Sweeping Beam+1","Skim+1","Electrodynamics","Consume+1","Coolheaded+1","Secret Technique+1","Glacier+1"],"special_seed":0,"relics":["Cracked Core","Blood Vial","Anchor","Dream Catcher","Blue Candle","Tiny Chest","Philosopher\u0027s Stone","MutagenicStrength","Runic Capacitor","Bronze Scales","Juzu Bracelet","MawBank","FossilizedHelix","Boot","Kunai","Sozu","Old Coin","Strawberry","Pear","Question Card","Toxic Egg 2","Mercury Hourglass"],"potions_floor_usage":[40,49],"damage_taken":[{"damage":3.0,"enemies":"2 Louse","floor":1.0,"turns":3.0},{"damage":2.0,"enemies":"Small Slimes","floor":2.0,"turns":4.0},{"damage":9.0,"enemies":"Jaw Worm","floor":3.0,"turns":3.0},{"damage":5.0,"enemies":"Large Slime","floor":5.0,"turns":4.0},{"damage":13.0,"enemies":"3 Sentries","floor":7.0,"turns":3.0},{"damage":0.0,"enemies":"3 Sentries","floor":12.0,"turns":2.0},{"damage":18.0,"enemies":"Lagavulin","floor":13.0,"turns":5.0},{"damage":18.0,"enemies":"The Guardian","floor":16.0,"turns":15.0},{"damage":0.0,"enemies":"Spheric Guardian","floor":18.0,"turns":4.0},{"damage":23.0,"enemies":"2 Thieves","floor":19.0,"turns":3.0},{"damage":24.0,"enemies":"Book of Stabbing","floor":24.0,"turns":5.0},{"damage":0.0,"enemies":"Gremlin Leader","floor":27.0,"turns":5.0},{"damage":0.0,"enemies":"3 Cultists","floor":28.0,"turns":3.0},{"damage":24.0,"enemies":"Slavers","floor":31.0,"turns":3.0},{"damage":0.0,"enemies":"Champ","floor":33.0,"turns":13.0},{"damage":0.0,"enemies":"3 Shapes","floor":35.0,"turns":4.0},{"damage":29,"enemies":"2 Orb Walkers","floor":37,"turns":4},{"damage":0,"enemies":"3 Darklings","floor":39,"turns":3},{"damage":0,"enemies":"Reptomancer","floor":40,"turns":7},{"damage":0,"enemies":"Nemesis","floor":42,"turns":7},{"damage":0,"enemies":"4 Shapes","floor":44,"turns":5},{"damage":0,"enemies":"Transient","floor":47,"turns":6},{"damage":0,"enemies":"Donu and Deca","floor":50,"turns":10},{"damage":0,"enemies":"Awakened One","floor":51,"turns":13}],"seed_played":"2341767614217595978","potions_obtained":[{"floor":5.0,"key":"Fruit Juice"},{"floor":7.0,"key":"Strength Potion"},{"floor":16.0,"key":"SpeedPotion"},{"floor":18.0,"key":"Poison Potion"},{"floor":19.0,"key":"Swift Potion"},{"floor":33.0,"key":"SpeedPotion"}],"is_trial":false,"path_per_floor":["M","M","M","?","M","R","E","R","T","R","?","?","E","?","R","B",null,"M","M","?","?","$","R","E","?","T","E","M","R","T","E","R","B",null,"M","?","?","?","M","E","R","E","T","M","R","$","M","?","R","B","B",null],"character_chosen":"DEFECT","items_purchased":["Runic Capacitor","Bronze Scales","Toxic Egg 2","Consume+1","Coolheaded+1","Secret Technique+1","Mercury Hourglass"],"campfire_rested":5,"item_purchase_floors":[22,22,46,46,46,46,46],"current_hp_per_floor":[63,63,56,49,46,46,35,35,35,56,56,58,42,31,31,15,57,59,38,38,38,38,59,37,37,37,39,41,62,62,40,61,63,69,71,71,42,42,44,53,76,88,88,88,88,88,88,84,89,89,89],"gold":46,"neow_bonus":"RANDOM_COMMON_RELIC","is_prod":false,"is_daily":false,"chose_seed":false,"campfire_upgraded":5,"win_rate":0,"timestamp":1542424290,"path_taken":["M","M","M","?","M","R","E","R","T","R","?","?","E","?","R","BOSS","M","M","?","?","$","R","E","?","T","E","M","R","?","E","R","BOSS","M","?","?","?","M","E","R","E","T","M","R","$","M","?","R","BOSS","BOSS"],"build_version":"2018-11-15","purchased_purges":0,"victory":true,"max_hp_per_floor":[71,71,71,71,71,71,71,71,71,71,71,71,71,71,71,71,71,71,71,71,71,71,71,71,71,71,71,71,71,71,71,71,71,71,71,71,71,71,71,78,78,88,88,88,88,88,88,84,89,89,89],"card_choices":[{"not_picked":["Beam Cell","Leap"],"picked":"Cold Snap","floor":1.0},{"not_picked":["Conserve Battery","Cold Snap"],"picked":"Electrodynamics","floor":2.0},{"not_picked":["Go for the Eyes","Sweeping Beam"],"picked":"Cold Snap","floor":3.0},{"not_picked":["Leap","BootSequence"],"picked":"Go for the Eyes","floor":5.0},{"not_picked":["BootSequence","Fusion"],"picked":"Consume","floor":7.0},{"not_picked":["Gash","Skim"],"picked":"Sweeping Beam","floor":10.0},{"not_picked":["Hologram","Skim"],"picked":"Compile Driver","floor":12.0},{"not_picked":["Hyperbeam","Stack"],"picked":"White Noise","floor":13.0},{"not_picked":["Meteor Strike","Hyperbeam"],"picked":"Core Surge","floor":16.0},{"not_picked":["Hello World","Beam Cell","Redo"],"picked":"SKIP","floor":18.0},{"not_picked":["Undo","Conserve Battery"],"picked":"Stack+1","floor":19.0},{"not_picked":["Redo+1","Turbo+1"],"picked":"Compile Driver+1","floor":23.0},{"not_picked":["Stack","Sweeping Beam"],"picked":"Hologram","floor":24.0},{"not_picked":["Gash","Barrage"],"picked":"Glacier","floor":27.0},{"not_picked":["Redo+1","Aggregate"],"picked":"Barrage","floor":28.0},{"not_picked":["Ball Lightning","Chaos"],"picked":"Undo","floor":29.0},{"not_picked":["Amplify","Scrape"],"picked":"Ball Lightning","floor":31.0},{"not_picked":["Core Surge","Machine Learning"],"picked":"Biased Cognition","floor":33.0},{"not_picked":["Coolheaded","Tempest+1"],"picked":"Auto Shields+1","floor":35.0},{"not_picked":["Rip and Tear","Beam Cell"],"picked":"Sweeping Beam+1","floor":39},{"not_picked":["Gash","Sweeping Beam","Go for the Eyes"],"picked":"SKIP","floor":40},{"not_picked":["Reprogram","Conserve Battery"],"picked":"Skim+1","floor":42},{"not_picked":["Beam Cell","Recycle","Compile Driver"],"picked":"Electrodynamics","floor":44},{"not_picked":["Streamline","Sweeping Beam","Tempest+1"],"picked":"Glacier+1","floor":47}],"player_experience":1075016,"relics_obtained":[{"floor":7.0,"key":"Anchor"},{"floor":9.0,"key":"Dream Catcher"},{"floor":12.0,"key":"Blue Candle"},{"floor":13.0,"key":"Tiny Chest"},{"floor":24.0,"key":"Juzu Bracelet"},{"floor":26.0,"key":"MawBank"},{"floor":27.0,"key":"FossilizedHelix"},{"floor":30.0,"key":"Boot"},{"floor":31.0,"key":"Kunai"},{"floor":37,"key":"Old Coin"},{"floor":40,"key":"Strawberry"},{"floor":42,"key":"Pear"},{"floor":43,"key":"Question Card"}],"event_choices":[{"cards_removed":["Strike_B"],"damage_healed":0.0,"max_hp_gain":0.0,"max_hp_loss":0.0,"gold_gain":0.0,"event_name":"Golden Wing","player_choice":"Card Removal","floor":4.0,"gold_loss":0.0,"damage_taken":7.0},{"cards_removed":["Strike_B"],"damage_healed":0.0,"max_hp_gain":0.0,"max_hp_loss":0.0,"gold_gain":0.0,"event_name":"The Cleric","player_choice":"Card Removal","floor":11.0,"gold_loss":75.0,"damage_taken":0.0},{"damage_healed":0.0,"max_hp_gain":0.0,"max_hp_loss":0.0,"gold_gain":30.0,"event_name":"Dead Adventurer","player_choice":"Searched \u00272\u0027 times","floor":12.0,"gold_loss":0.0,"damage_taken":0.0},{"damage_healed":0.0,"max_hp_gain":0.0,"max_hp_loss":0.0,"gold_gain":75.0,"event_name":"World of Goop","player_choice":"Gather Gold","floor":14.0,"gold_loss":0.0,"damage_taken":11.0},{"damage_healed":0.0,"max_hp_gain":0.0,"max_hp_loss":0.0,"gold_gain":0.0,"event_name":"Back to Basics","player_choice":"Simplicity","floor":20.0,"gold_loss":0.0,"damage_taken":0.0,"cards_upgraded":["Strike_B","Strike_B","Defend_B","Defend_B","Defend_B","Defend_B"]},{"damage_healed":0.0,"max_hp_gain":0.0,"max_hp_loss":0.0,"gold_gain":0.0,"event_name":"Drug Dealer","player_choice":"Inject Mutagens","floor":21.0,"gold_loss":0.0,"damage_taken":0.0,"relics_obtained":["MutagenicStrength"]},{"damage_healed":0.0,"max_hp_gain":0.0,"max_hp_loss":0.0,"gold_gain":0.0,"event_name":"The Library","player_choice":"Read","floor":25.0,"gold_loss":0.0,"damage_taken":0.0,"cards_obtained":["Compile Driver"]},{"cards_removed":["Auto Shields"],"damage_healed":0.0,"max_hp_gain":0.0,"max_hp_loss":0.0,"gold_gain":0.0,"event_name":"Falling","player_choice":"Removed Skill","floor":36.0,"gold_loss":0.0,"damage_taken":0.0},{"damage_healed":0,"gold_gain":0,"player_choice":"Fight","damage_taken":0,"max_hp_gain":0,"max_hp_loss":0,"event_name":"Mysterious Sphere","floor":37,"gold_loss":0},{"damage_healed":0,"gold_gain":0,"player_choice":"Ignored","damage_taken":0,"max_hp_gain":0,"max_hp_loss":0,"event_name":"Tomb of Lord Red Mask","floor":38,"gold_loss":0},{"damage_healed":0,"gold_gain":0,"player_choice":"Max HP","damage_taken":0,"max_hp_gain":0,"max_hp_loss":4,"event_name":"Winding Halls","floor":48,"gold_loss":0}],"is_beta":false,"boss_relics":[{"not_picked":["Tiny House","Empty Cage"],"picked":"Philosopher\u0027s Stone"},{"not_picked":["Eternal Feather","Pandora\u0027s Box"],"picked":"Sozu"}],"items_purged_floors":[],"is_endless":false,"potions_floor_spawned":[5,7,16,18,19,33,37,39,40,47],"ascension_level":20}