{"gold_per_floor":[110,73,248,259,176,176,194,194,194,194,213,226,241,273,273,375,375,375,375,375],"floor_reached":20,"playtime":806,"items_purged":[],"score":238,"play_id":"cd3f1e6a-3992-4704-8571-a261f2b29d6c","local_time":"20190511162811","is_ascension_mode":true,"campfire_choices":[{"data":"Heatsinks","floor":6,"key":"SMITH"},{"data":"Zap","floor":8,"key":"SMITH"},{"data":"Loop","floor":10,"key":"SMITH"},{"floor":15,"key":"REST"}],"neow_cost":"NONE","seed_source_timestamp":70976481329160,"circlet_count":0,"master_deck":["Strike_B","Strike_B","Strike_B","Strike_B","Defend_B","Defend_B","Defend_B","Defend_B","Zap+1","Dualcast","Heatsinks+1","Loop+1","Doubt","Auto Shields","Defragment","White Noise","Coolheaded","Biased Cognition","Reinforced Body"],"relics":["Cracked Core","NeowsBlessing","StoneCalendar","Regal Pillow","Ectoplasm"],"potions_floor_usage":[14,19],"damage_taken":[{"damage":0,"enemies":"2 Louse","floor":1,"turns":1},{"damage":0,"enemies":"Small Slimes","floor":4,"turns":1},{"damage":0,"enemies":"Cultist","floor":7,"turns":1},{"damage":20,"enemies":"2 Fungi Beasts","floor":11,"turns":5},{"damage":1,"enemies":"Looter","floor":12,"turns":4},{"damage":15,"enemies":"Lots of Slimes","floor":13,"turns":7},{"damage":22,"enemies":"3 Sentries","floor":14,"turns":7},{"damage":34,"enemies":"Hexaghost","floor":16,"turns":10},{"damage":0,"enemies":"Shell Parasite","floor":18,"turns":7},{"damage":28,"enemies":"3 Byrds","floor":19,"turns":4},{"damage":34,"enemies":"Masked Bandits","floor":20,"turns":3}],"seed_played":"-4344341904254701666","potions_obtained":[{"floor":7,"key":"SpeedPotion"},{"floor":11,"key":"Ancient Potion"},{"floor":16,"key":"Explosive Potion"},{"floor":19,"key":"Strength Potion"}],"is_trial":false,"path_per_floor":["M","$","?","M","?","R","M","R","T","R","M","M","M","E","R","B",null,"M","M","?"],"character_chosen":"DEFECT","items_purchased":["Loop"],"campfire_rested":1,"item_purchase_floors":[2],"current_hp_per_floor":[68,68,68,68,68,68,68,68,68,68,48,47,32,10,47,13,60,60,32,0],"gold":375,"neow_bonus":"THREE_ENEMY_KILL","is_prod":false,"is_daily":false,"chose_seed":false,"campfire_upgraded":3,"win_rate":0,"timestamp":1557606491,"path_taken":["M","$","?","M","?","R","M","R","T","R","M","?","M","E","R","BOSS","M","M","?"],"build_version":"2019-01-23","purchased_purges":0,"victory":false,"max_hp_per_floor":[75,75,75,75,75,75,75,75,75,75,75,75,75,75,75,75,75,75,75,75],"card_choices":[{"not_picked":["Compile Driver","Hologram"],"picked":"Heatsinks","floor":1},{"not_picked":["Steam Power","Steam","Go for the Eyes"],"picked":"SKIP","floor":4},{"not_picked":["Compile Driver","Stack"],"picked":"Auto Shields","floor":7},{"not_picked":["Auto Shields","Darkness"],"picked":"Defragment","floor":11},{"not_picked":["Compile Driver","Leap"],"picked":"White Noise","floor":12},{"not_picked":["Static Discharge","All For One"],"picked":"Coolheaded","floor":13},{"not_picked":["Sunder","Gash","Fusion"],"picked":"SKIP","floor":14},{"not_picked":["Buffer","Thunder Strike"],"picked":"Biased Cognition","floor":16},{"not_picked":["Steam Power","Blizzard"],"picked":"Reinforced Body","floor":18},{"not_picked":["Beam Cell","Stack","Ball Lightning"],"picked":"SKIP","floor":19}],"player_experience":280008,"relics_obtained":[{"floor":14,"key":"Regal Pillow"}],"event_choices":[{"damage_healed":0,"gold_gain":175,"player_choice":"AGREE","damage_taken":0,"max_hp_gain":0,"max_hp_loss":0,"event_name":"Liars Game","floor":3,"gold_loss":0,"cards_obtained":["Doubt"]},{"damage_healed":0,"gold_gain":0,"player_choice":"Paid Gold","damage_taken":0,"relics_obtained":["StoneCalendar"],"max_hp_gain":0,"max_hp_loss":0,"event_name":"WeMeetAgain","floor":5,"gold_loss":83},{"damage_healed":0,"gold_gain":0,"player_choice":"Fought Bandits","damage_taken":0,"max_hp_gain":0,"max_hp_loss":0,"event_name":"Masked Bandits","floor":20,"gold_loss":0}],"is_beta":false,"boss_relics":[{"not_picked":["Calling Bell","White Beast Statue"],"picked":"Ectoplasm"}],"items_purged_floors":[],"is_endless":false,"potions_floor_spawned":[7,11,16,19],"killed_by":"Masked Bandits","ascension_level":7}