{"gold_per_floor":[217,18,18,30,44,44,74,74,74,21,21,72,87,101,101,101],"floor_reached":16,"playtime":517,"items_purged":["Strike_R"],"score":170,"play_id":"932cd822-209c-499d-811d-4be94e4c5041","local_time":"20190707081727","is_ascension_mode":true,"campfire_choices":[{"data":"Body Slam","floor":6,"key":"SMITH"},{"data":"Flame Barrier","floor":8,"key":"SMITH"},{"data":"Body Slam","floor":11,"key":"SMITH"},{"data":"Limit Break","floor":15,"key":"SMITH"}],"neow_cost":"NONE","seed_source_timestamp":948627844783,"circlet_count":0,"master_deck":["AscendersBane","Strike_R","Strike_R","Strike_R","Defend_R","Defend_R","Defend_R","Defend_R","Bash","Flame Barrier+1","Body Slam+1","Pommel Strike","Body Slam+1","Limit Break+1","Flex"],"relics":["Burning Blood","Dodecahedron","Blood Vial","Bronze Scales"],"potions_floor_usage":[7,7,14],"damage_taken":[{"damage":7,"enemies":"2 Louse","floor":1,"turns":4},{"damage":6,"enemies":"Jaw Worm","floor":4,"turns":5},{"damage":0,"enemies":"Cultist","floor":5,"turns":4},{"damage":35,"enemies":"Lagavulin","floor":7,"turns":5},{"damage":6,"enemies":"Large Slime","floor":13,"turns":5},{"damage":0,"enemies":"Red Slaver","floor":14,"turns":2},{"damage":52,"enemies":"Hexaghost","floor":16,"turns":9}],"seed_played":"7959664246886999229","potions_obtained":[{"floor":1,"key":"Strength Potion"},{"floor":4,"key":"AttackPotion"},{"floor":5,"key":"Fire Potion"},{"floor":13,"key":"Energy Potion"}],"is_trial":false,"path_per_floor":["M","$","?","M","M","R","E","R","T","$","R","T","M","M","R","B"],"character_chosen":"IRONCLAD","items_purchased":["Flame Barrier","Body Slam","Body Slam"],"campfire_rested":0,"item_purchase_floors":[2,2,10],"current_hp_per_floor":[67,67,60,60,66,66,37,37,37,37,37,37,39,47,47,0],"gold":101,"neow_bonus":"HUNDRED_GOLD","is_prod":false,"is_daily":false,"chose_seed":false,"campfire_upgraded":4,"win_rate":0,"timestamp":1562501847,"path_taken":["M","$","?","M","M","R","E","R","T","$","R","?","M","M","R","BOSS"],"build_version":"2019-07-05","purchased_purges":1,"victory":false,"max_hp_per_floor":[75,75,75,75,75,75,75,75,75,75,75,75,75,75,75,75],"card_choices":[{"not_picked":["Blood for Blood","Clash","Rupture"],"picked":"SKIP","floor":1},{"not_picked":["Thunderclap","True Grit"],"picked":"Pommel Strike","floor":4},{"not_picked":["Anger","Iron Wave","Perfected Strike"],"picked":"SKIP","floor":5},{"not_picked":["Hemokinesis","Pommel Strike","Twin Strike"],"picked":"SKIP","floor":7},{"not_picked":["Clash","Second Wind"],"picked":"Limit Break","floor":13},{"not_picked":["Headbutt","Clothesline"],"picked":"Flex","floor":14}],"player_experience":459286,"relics_obtained":[{"floor":7,"key":"Dodecahedron"},{"floor":9,"key":"Blood Vial"},{"floor":12,"key":"Bronze Scales"}],"event_choices":[{"cards_removed":["Strike_R"],"damage_healed":0,"gold_gain":0,"player_choice":"Card Removal","damage_taken":7,"max_hp_gain":0,"max_hp_loss":0,"event_name":"Golden Wing","floor":3,"gold_loss":0}],"is_beta":false,"boss_relics":[],"items_purged_floors":[2],"is_endless":false,"potions_floor_spawned":[1,4,5,13],"killed_by":"Hexaghost","ascension_level":14}