{"gold_per_floor":[118,118,88,107,123,158,158,189,212,212,230,86,86,97,97,200,200,211,230,230,249,112,112,145,156,156,156,174,174,99,114,114,216,216,230,247,301,311,0,13,13,13,13,41,41,55,67,84,84,84],"floor_reached":50,"playtime":3509,"items_purged":["Defend_R","Ghostly Armor"],"score":531,"play_id":"f750b8b2-00e2-4f98-a968-e852f8da3212","local_time":"20180624202947","is_ascension_mode":false,"campfire_choices":[{"data":"Flex","floor":7,"key":"SMITH"},{"data":"Double Tap","floor":10,"key":"SMITH"},{"data":"Inflame","floor":13,"key":"SMITH"},{"floor":15,"key":"REST"},{"data":"Pommel Strike","floor":23,"key":"SMITH"},{"data":"Offering","floor":27,"key":"SMITH"},{"data":"Seeing Red","floor":29,"key":"SMITH"},{"floor":32,"key":"REST"},{"data":"Defend_R+1","floor":42,"key":"PURGE"},{"data":"Strike_R","floor":45,"key":"PURGE"},{"floor":49,"key":"REST"}],"neow_cost":"NONE","seed_source_timestamp":620745563258507,"circlet_count":0,"master_deck":["Strike_R+1","Bash","Seeing Red+1","Flex+1","Warcry","Anger","Double Tap+1","Pommel Strike+1","Inflame+1","Clash","Offering+1","Fiend Fire+1","Offering+1","Pommel Strike+1","Infernal Blade+1","Battle Trance","Carnage+1","Headbutt","Thunderclap+1","Brutality+1","Clash+1","Flex+1","Anger","Rage+1","Dual Wield+1","Anger","Inflame+1"],"relics":["Burning Blood","Omamori","Oddly Smooth Stone","Happy Flower","Astrolabe","Bird Faced Urn","Frozen Egg 2","Empty Cage","Peace Pipe","Red Mask","Thread and Needle","Potion Belt"],"potions_floor_usage":[3,6,8,8,8,33,36,38,50,50,50,50,50],"damage_taken":[{"damage":9,"enemies":"Jaw Worm","floor":1,"turns":4},{"damage":0,"enemies":"2 Louse","floor":4,"turns":3},{"damage":1,"enemies":"Cultist","floor":5,"turns":3},{"damage":23,"enemies":"Gremlin Nob","floor":6,"turns":4},{"damage":22,"enemies":"Lagavulin","floor":8,"turns":5},{"damage":0,"enemies":"3 Louse","floor":11,"turns":4},{"damage":7,"enemies":"Red Slaver","floor":14,"turns":2},{"damage":56,"enemies":"The Guardian","floor":16,"turns":8},{"damage":11,"enemies":"3 Byrds","floor":18,"turns":3},{"damage":4,"enemies":"Chosen","floor":19,"turns":2},{"damage":17,"enemies":"Centurion and Healer","floor":21,"turns":3},{"damage":31,"enemies":"Gremlin Leader","floor":24,"turns":3},{"damage":4,"enemies":"Snake Plant","floor":25,"turns":2},{"damage":7,"enemies":"Slaver and Parasite","floor":28,"turns":2},{"damage":5,"enemies":"Cultist and Chosen","floor":31,"turns":2},{"damage":20,"enemies":"Champ","floor":33,"turns":3},{"damage":26,"enemies":"Orb Walker","floor":35,"turns":3},{"damage":21,"enemies":"3 Darklings","floor":36,"turns":2},{"damage":8,"floor":37,"turns":1},{"damage":30,"enemies":"Maw","floor":38,"turns":4},{"damage":30,"enemies":"4 Shapes","floor":40,"turns":2},{"damage":1,"enemies":"2 Orb Walkers","floor":44,"turns":2},{"damage":16,"enemies":"3 Darklings","floor":46,"turns":5},{"damage":7,"enemies":"Maw","floor":47,"turns":4},{"damage":31,"enemies":"4 Shapes","floor":48,"turns":4},{"damage":83,"enemies":"Time Eater","floor":50,"turns":5}],"seed_played":"4763473352694391380","potions_obtained":[{"floor":1,"key":"Strength Potion"},{"floor":3,"key":"Fruit Juice"},{"floor":3,"key":"Ancient Potion"},{"floor":5,"key":"LiquidBronze"},{"floor":6,"key":"Dexterity Potion"},{"floor":16,"key":"Strength Potion"},{"floor":21,"key":"GamblersBrew"},{"floor":25,"key":"Ancient Potion"},{"floor":33,"key":"BloodPotion"},{"floor":36,"key":"AttackPotion"},{"floor":38,"key":"Fire Potion"},{"floor":46,"key":"Weak Potion"},{"floor":48,"key":"Weak Potion"}],"is_trial":false,"path_per_floor":["M","?","?","M","M","E","R","E","T","R","M","$","R","M","R","B",null,"M","M","?","M","$","R","E","M","T","R","M","R","?","M","R","B",null,"M","M","?","M","?","M","?","R","T","E","R","M","M","M","R"],"character_chosen":"IRONCLAD","items_purchased":["Inflame","Battle Trance"],"campfire_rested":3,"item_purchase_floors":[12,22],"current_hp_per_floor":[77,61,66,72,77,60,60,44,44,44,50,50,50,49,74,24,85,80,82,82,71,71,71,46,50,50,50,51,51,51,56,81,71,85,67,64,66,46,46,26,74,74,74,74,74,66,69,48,70,0],"gold":84,"neow_bonus":"THREE_CARDS","is_prod":false,"is_daily":false,"chose_seed":false,"campfire_upgraded":6,"win_rate":0.0,"timestamp":1529886587,"path_taken":["M","?","?","M","M","E","R","E","T","R","M","$","R","M","R","BOSS","M","M","?","M","$","R","E","M","T","R","M","R","?","?","R","BOSS","M","M","?","M","?","M","?","R","T","E","R","?","M","M","R","BOSS"],"build_version":"2018-06-21v2","purchased_purges":2,"victory":false,"max_hp_per_floor":[80,80,85,85,85,85,85,85,85,85,85,85,85,85,85,85,85,85,85,85,85,85,85,85,85,85,85,85,85,85,85,85,85,85,85,85,85,85,85,85,74,74,74,74,74,74,74,74,74,74],"card_choices":[{"not_picked":["Heavy Blade","Body Slam"],"picked":"Seeing Red","floor":0},{"not_picked":["Seeing Red","Body Slam"],"picked":"Flex","floor":1},{"not_picked":["Sever Soul","Perfected Strike"],"picked":"Warcry","floor":4},{"not_picked":["Feel No Pain","Pommel Strike"],"picked":"Anger","floor":5},{"not_picked":["Blood for Blood","Sword Boomerang"],"picked":"Double Tap","floor":6},{"not_picked":["Entrench","Warcry"],"picked":"Ghostly Armor","floor":8},{"not_picked":["Rampage","Combust"],"picked":"Pommel Strike","floor":11},{"not_picked":["Carnage","Infernal Blade"],"picked":"Clash","floor":14},{"not_picked":["Dark Embrace","Brutality"],"picked":"Offering","floor":16},{"not_picked":["Cleave","Iron Wave"],"picked":"Pommel Strike","floor":18},{"not_picked":["Perfected Strike","Entrench"],"picked":"Infernal Blade+1","floor":19},{"not_picked":["Spot Weakness","Cleave","Perfected Strike"],"picked":"SKIP","floor":21},{"not_picked":["Spot Weakness","Cleave"],"picked":"Carnage+1","floor":24},{"not_picked":["Corruption+1","Heavy Blade","Shrug It Off"],"picked":"SKIP","floor":25},{"not_picked":["Iron Wave","Uppercut"],"picked":"Headbutt","floor":28},{"not_picked":["Flame Barrier","Shrug It Off"],"picked":"Thunderclap+1","floor":31},{"not_picked":["Berserk+1","Barricade+1"],"picked":"Brutality+1","floor":33},{"not_picked":["Pommel Strike","Flex"],"picked":"Clash+1","floor":35},{"not_picked":["Iron Wave","Carnage","Dropkick"],"picked":"SKIP","floor":36},{"not_picked":["Sever Soul+1","Sword Boomerang"],"picked":"Flex+1","floor":37},{"not_picked":["Heavy Blade+1","Intimidate"],"picked":"Anger","floor":38},{"not_picked":["True Grit+1","Shockwave+1"],"picked":"Rage+1","floor":40},{"not_picked":["Hemokinesis","Dropkick+1"],"picked":"Dual Wield+1","floor":44},{"not_picked":["Bludgeon","Twin Strike","Body Slam"],"picked":"SKIP","floor":46},{"not_picked":["Clothesline+1","Battle Trance+1"],"picked":"Anger","floor":47},{"not_picked":["Infernal Blade","Dual Wield+1"],"picked":"Inflame+1","floor":48}],"player_experience":22859,"relics_obtained":[{"floor":6,"key":"Omamori"},{"floor":8,"key":"Oddly Smooth Stone"},{"floor":9,"key":"Happy Flower"},{"floor":24,"key":"Bird Faced Urn"},{"floor":26,"key":"Frozen Egg 2"},{"floor":37,"key":"Peace Pipe"},{"floor":43,"key":"Thread and Needle"},{"floor":44,"key":"Potion Belt"}],"event_choices":[{"event_name":"Shining Light","player_choice":"Entered Light","floor":2,"damage_taken":0},{"event_name":"The Woman in Blue","player_choice":"Bought 2 Potions","floor":3,"damage_taken":0},{"event_name":"Upgrade Shrine","player_choice":"Upgraded","floor":20,"damage_taken":0},{"event_name":"Beggar","player_choice":"Gave Gold","floor":30,"damage_taken":0},{"event_name":"Mysterious Sphere","player_choice":"Fight","floor":37,"damage_taken":0},{"event_name":"Tomb of Lord Red Mask","player_choice":"Paid","floor":39,"damage_taken":0},{"event_name":"The Moai Head","player_choice":"Heal","floor":41,"damage_taken":0}],"boss_relics":[{"not_picked":["Busted Crown","Runic Dome"],"picked":"Astrolabe"},{"not_picked":["Velvet Choker","White Beast Statue"],"picked":"Empty Cage"}],"items_purged_floors":[12,22],"is_endless":false,"potions_floor_spawned":[1,5,6,16,21,25,33,36,38,46,48],"killed_by":"Time Eater","ascension_level":0}