{"gold_per_floor":[119,5,19,19,39,64,64,64,64,83,115,115,135,169,169,244,244,201,201,219,231,10,10],"floor_reached":23,"playtime":1031,"items_purged":["Strike_R"],"score":422,"play_id":"da71d831-7a32-4fc8-812d-34b4b32887d3","local_time":"20190514231655","is_ascension_mode":true,"campfire_choices":[{"data":"Bash","floor":8,"key":"SMITH"},{"floor":12,"key":"REST"},{"floor":15,"key":"REST"}],"neow_cost":"NONE","seed_source_timestamp":885179690987966,"circlet_count":0,"master_deck":["AscendersBane","Strike_R","Strike_R","Strike_R","Strike_R","Defend_R","Defend_R","Defend_R","Defend_R","Bash+1","Anger","Disarm","Clothesline","Armaments+1","Battle Trance","Impervious","Inflame","Whirlwind+1","Demon Form","Headbutt+1","Feed+1","Body Slam+1","Pommel Strike+1","Uppercut+1"],"relics":["Burning Blood","Molten Egg 2","Dream Catcher","Pen Nib","Orichalcum","Ornamental Fan","Coffee Dripper","Blood Vial","OrangePellets"],"potions_floor_usage":[6,13,14,21,23],"damage_taken":[{"damage":2,"enemies":"Cultist","floor":1,"turns":4},{"damage":0,"enemies":"2 Louse","floor":3,"turns":3},{"damage":7,"enemies":"Small Slimes","floor":5,"turns":4},{"damage":45,"enemies":"3 Sentries","floor":6,"turns":15},{"damage":23,"enemies":"Exordium Wildlife","floor":10,"turns":6},{"damage":16,"enemies":"Lagavulin","floor":11,"turns":6},{"damage":10,"enemies":"Gremlin Gang","floor":13,"turns":4},{"damage":25,"enemies":"3 Sentries","floor":14,"turns":9},{"damage":23,"enemies":"Slime Boss","floor":16,"turns":9},{"damage":31,"enemies":"2 Thieves","floor":18,"turns":5},{"damage":10,"enemies":"Chosen","floor":20,"turns":5},{"damage":36,"enemies":"Sentry and Sphere","floor":21,"turns":10},{"damage":15,"enemies":"Book of Stabbing","floor":23,"turns":4}],"seed_played":"6205934909932967889","potions_obtained":[{"floor":3,"key":"Dexterity Potion"},{"floor":10,"key":"SteroidPotion"},{"floor":13,"key":"Poison Potion"},{"floor":18,"key":"SkillPotion"},{"floor":21,"key":"FearPotion"}],"is_trial":false,"path_per_floor":["M","$","M","?","M","E","?","R","T","M","E","R","M","E","R","B",null,"M","?","M","M","$","E"],"character_chosen":"IRONCLAD","items_purchased":["Disarm","OrangePellets"],"campfire_rested":2,"item_purchase_floors":[2,22],"current_hp_per_floor":[79,79,82,77,76,37,37,37,37,20,10,34,30,11,35,18,66,41,41,39,11,11,0],"gold":10,"neow_bonus":"TEN_PERCENT_HP_BONUS","is_prod":false,"is_daily":false,"chose_seed":false,"campfire_upgraded":1,"win_rate":0,"timestamp":1557890215,"path_taken":["M","$","?","?","M","E","?","R","T","M","E","R","M","E","R","BOSS","M","?","M","?","$","E"],"build_version":"2019-01-23","purchased_purges":1,"victory":false,"max_hp_per_floor":[82,82,82,82,82,82,82,82,82,82,82,82,82,82,82,82,82,82,82,82,82,82,82],"card_choices":[{"not_picked":["Wild Strike","Thunderclap"],"picked":"Anger","floor":1},{"not_picked":["Thunderclap","Sever Soul"],"picked":"Clothesline","floor":3},{"not_picked":["Carnage+1","Second Wind"],"picked":"Armaments","floor":5},{"not_picked":["Berserk","Armaments","Intimidate"],"picked":"SKIP","floor":6},{"not_picked":["Perfected Strike+1","Searing Blow+1"],"picked":"Battle Trance","floor":10},{"not_picked":["Shockwave","Flame Barrier"],"picked":"Impervious","floor":11},{"not_picked":["Sword Boomerang+1","Perfected Strike+1"],"picked":"Inflame","floor":12},{"not_picked":["Sentinel","True Grit"],"picked":"Whirlwind+1","floor":13},{"not_picked":["Clothesline+1","Havoc"],"picked":"Demon Form","floor":14},{"not_picked":["Warcry","Seeing Red"],"picked":"Headbutt+1","floor":15},{"not_picked":["Dark Embrace","Reaper+1"],"picked":"Feed+1","floor":16},{"not_picked":["Spot Weakness","Clash+1"],"picked":"Body Slam+1","floor":18},{"not_picked":["Flex","Entrench"],"picked":"Pommel Strike+1","floor":20},{"not_picked":["Thunderclap+1","Perfected Strike+1"],"picked":"Uppercut+1","floor":21}],"player_experience":1405648,"relics_obtained":[{"floor":6,"key":"Dream Catcher"},{"floor":9,"key":"Pen Nib"},{"floor":11,"key":"Orichalcum"},{"floor":14,"key":"Ornamental Fan"},{"floor":19,"key":"Blood Vial"}],"event_choices":[{"damage_healed":0,"gold_gain":0,"player_choice":"Success","damage_taken":5,"relics_obtained":["Molten Egg 2"],"max_hp_gain":0,"max_hp_loss":0,"event_name":"Scrap Ooze","floor":4,"gold_loss":0},{"damage_healed":0,"gold_gain":0,"player_choice":"Upgraded","damage_taken":0,"max_hp_gain":0,"max_hp_loss":0,"event_name":"Upgrade Shrine","floor":7,"gold_loss":0,"cards_upgraded":["Armaments"]},{"damage_healed":0,"gold_gain":0,"player_choice":"Relic","damage_taken":0,"max_hp_gain":0,"max_hp_loss":0,"event_name":"Wheel of Change","floor":19,"gold_loss":0}],"is_beta":false,"boss_relics":[{"not_picked":["Orrery","Eternal Feather"],"picked":"Coffee Dripper"}],"items_purged_floors":[2],"is_endless":false,"potions_floor_spawned":[3,10,13,18,21],"killed_by":"Book of Stabbing","ascension_level":20}