{"gold_per_floor":[110,124,139,139,153,153,186,186,261,261],"floor_reached":10,"playtime":413,"items_purged":[],"score":136,"play_id":"40c5f6e6-0a0d-4944-92a2-e1ec3cc87b17","local_time":"20181030184040","is_ascension_mode":true,"campfire_choices":[{"data":"Uppercut","floor":6,"key":"SMITH"},{"data":"Armaments","floor":8,"key":"SMITH"}],"neow_cost":"NONE","seed_source_timestamp":1031818838224535,"circlet_count":0,"master_deck":["Strike_R","Strike_R","Strike_R","Strike_R","Strike_R","Defend_R","Defend_R","Defend_R","Defend_R","Bash","AscendersBane","Uppercut+1","Armaments+1","Entrench","Cleave","Thunderclap"],"relics":["Burning Blood","WingedGreaves","Juzu Bracelet","Frozen Egg 2"],"potions_floor_usage":[10],"damage_taken":[{"damage":2,"enemies":"Cultist","floor":1,"turns":4},{"damage":4,"enemies":"Small Slimes","floor":2,"turns":3},{"damage":4,"enemies":"Jaw Worm","floor":3,"turns":3},{"damage":13,"enemies":"Blue Slaver","floor":5,"turns":8},{"damage":60,"enemies":"3 Sentries","floor":7,"turns":11},{"damage":30,"enemies":"Gremlin Nob","floor":10,"turns":3}],"seed_played":"1378552274535156790","potions_obtained":[{"floor":3,"key":"LiquidBronze"},{"floor":7,"key":"Poison Potion"}],"is_trial":false,"path_per_floor":["M","M","M","?","M","R","E","R","T"],"character_chosen":"IRONCLAD","items_purchased":[],"campfire_rested":0,"item_purchase_floors":[],"current_hp_per_floor":[79,81,82,82,75,75,21,21,21,0],"gold":261,"neow_bonus":"TEN_PERCENT_HP_BONUS","is_prod":false,"is_daily":false,"chose_seed":false,"campfire_upgraded":2,"win_rate":0,"timestamp":1540939240,"path_taken":["M","M","?","?","M","R","E","R","T","E"],"build_version":"2018-10-25v2","purchased_purges":0,"victory":false,"max_hp_per_floor":[82,82,82,82,82,82,82,82,82,82],"card_choices":[{"not_picked":["Cleave","Sword Boomerang"],"picked":"Uppercut","floor":1},{"not_picked":["Iron Wave","Infernal Blade"],"picked":"Armaments","floor":2},{"not_picked":["Power Through","Clothesline"],"picked":"Entrench","floor":3},{"not_picked":["Pommel Strike","Seeing Red"],"picked":"Cleave","floor":5},{"not_picked":["Searing Blow","Flex"],"picked":"Thunderclap","floor":7}],"player_experience":1018334,"relics_obtained":[{"floor":7,"key":"Juzu Bracelet"},{"floor":9,"key":"Frozen Egg 2"}],"event_choices":[{"damage_healed":0,"gold_gain":0,"player_choice":"Gave Potion","damage_taken":0,"relics_obtained":["WingedGreaves"],"max_hp_gain":0,"max_hp_loss":0,"event_name":"WeMeetAgain","floor":4,"gold_loss":0}],"is_beta":false,"boss_relics":[],"items_purged_floors":[],"is_endless":false,"potions_floor_spawned":[3,7],"killed_by":"Gremlin Nob","ascension_level":20}