{"gold_per_floor":[116,135,154,172,182,211,211,240,240,240,240,267,267,279,279,376,376,388,401,15,25,25,25,25,25,25,36,63,75,97,109,121,228,240,266,278,300,324,349,393,405,417],"floor_reached":42,"playtime":3444,"items_purged":["Decay"],"score":711,"play_id":"ab914438-7001-4f2b-9d9d-a3a06a8fb901","local_time":"20190601081759","is_ascension_mode":true,"campfire_choices":[{"floor":7,"key":"REST"},{"floor":11,"key":"REST"},{"data":"Flame Barrier","floor":13,"key":"SMITH"},{"data":"Body Slam","floor":15,"key":"SMITH"},{"data":"Shrug It Off","floor":23,"key":"SMITH"},{"data":"True Grit","floor":29,"key":"SMITH"},{"data":"Whirlwind","floor":32,"key":"SMITH"},{"floor":41,"key":"REST"}],"neow_cost":"NONE","seed_source_timestamp":70954829389888,"circlet_count":0,"master_deck":["Strike_R","Strike_R","Strike_R","Strike_R","Defend_R","Defend_R","Defend_R","Defend_R+1","Bash","Whirlwind+1","Flame Barrier+1","Body Slam+1","Inflame","Shrug It Off+1","Pommel Strike+1","Twin Strike+1","Twin Strike+1","Heavy Blade+1","Reaper+1","Shrug It Off+1","Anger+1","Double Tap","Inflame","RitualDagger+1","True Grit+1","Clothesline+1","Limit Break","Sword Boomerang+1","Sword Boomerang+1","Flame Barrier","Parasite","Warcry+1","Impervious"],"relics":["Black Blood","Molten Egg 2","Question Card","Pen Nib","War Paint","Velvet Choker","Lantern","Mango","MawBank","Bag of Marbles"],"potions_floor_usage":[8,12,14,25,28,28,33,39,40,40,40,42,42],"damage_taken":[{"damage":4,"enemies":"2 Louse","floor":1,"turns":4},{"damage":6,"enemies":"Cultist","floor":2,"turns":4},{"damage":2,"enemies":"Small Slimes","floor":3,"turns":4},{"damage":20,"enemies":"Red Slaver","floor":4,"turns":5},{"damage":13,"enemies":"Blue Slaver","floor":5,"turns":5},{"damage":40,"enemies":"Lagavulin","floor":6,"turns":10},{"damage":18,"enemies":"Gremlin Nob","floor":8,"turns":4},{"damage":11,"enemies":"Lagavulin","floor":12,"turns":8},{"damage":9,"enemies":"Gremlin Gang","floor":14,"turns":6},{"damage":42,"enemies":"The Guardian","floor":16,"turns":14},{"damage":14,"enemies":"2 Thieves","floor":18,"turns":3},{"damage":0,"enemies":"Chosen","floor":19,"turns":4},{"damage":0,"enemies":"Centurion and Healer","floor":21,"turns":4},{"damage":0,"enemies":"Slavers","floor":25,"turns":1},{"damage":0,"enemies":"Snecko","floor":27,"turns":2},{"damage":33,"enemies":"Book of Stabbing","floor":28,"turns":4},{"damage":30,"enemies":"Shelled Parasite and Fungi","floor":30,"turns":4},{"damage":71,"enemies":"Automaton","floor":33,"turns":10},{"damage":7,"enemies":"3 Shapes","floor":35,"turns":5},{"damage":31,"enemies":"3 Darklings","floor":37,"turns":4},{"damage":57,"enemies":"Writhing Mass","floor":38,"turns":7},{"damage":46,"enemies":"4 Shapes","floor":39,"turns":7},{"damage":13,"enemies":"Nemesis","floor":40,"turns":3},{"damage":82,"enemies":"Reptomancer","floor":42,"turns":7}],"seed_played":"-4544043111985850550","potions_obtained":[{"floor":2,"key":"AttackPotion"},{"floor":4,"key":"SpeedPotion"},{"floor":8,"key":"PowerPotion"},{"floor":19,"key":"Regen Potion"},{"floor":24,"key":"Fire Potion"},{"floor":24,"key":"SmokeBomb"},{"floor":30,"key":"Strength Potion"},{"floor":33,"key":"Energy Potion"},{"floor":37,"key":"Swift Potion"},{"floor":39,"key":"EntropicBrew"}],"is_trial":false,"path_per_floor":["M","M","M","M","M","E","R","E","T","?","R","E","R","M","R","B",null,"M","M","$","M","?","R","?","E","T","M","E","R","M","?","R","B",null,"M","?","M","M","M","E","R","E"],"character_chosen":"IRONCLAD","items_purchased":["Lantern","Double Tap"],"campfire_rested":3,"item_purchase_floors":[20,20],"current_hp_per_floor":[74,74,78,64,57,23,47,35,35,35,59,54,54,51,51,15,64,56,69,69,75,69,69,69,75,89,94,76,76,52,83,83,45,82,85,85,75,28,20,29,57,0],"gold":417,"neow_bonus":"REMOVE_CARD","is_prod":false,"is_daily":false,"chose_seed":false,"campfire_upgraded":5,"win_rate":0,"timestamp":1559391479,"path_taken":["M","M","M","M","M","E","R","E","T","?","R","E","R","M","R","BOSS","M","M","$","M","?","R","?","E","T","M","E","R","?","?","R","BOSS","M","?","M","?","M","E","R","E"],"build_version":"2019-01-23","purchased_purges":1,"victory":false,"max_hp_per_floor":[80,80,80,80,80,80,80,80,80,80,80,80,80,80,80,80,80,80,80,80,80,80,80,80,80,94,94,94,94,94,94,94,94,94,94,94,94,94,94,94,94,94],"card_choices":[{"not_picked":["Headbutt","Sentinel"],"picked":"Whirlwind","floor":1},{"not_picked":["True Grit","Perfected Strike"],"picked":"Flame Barrier","floor":2},{"not_picked":["Heavy Blade","Dual Wield"],"picked":"Body Slam","floor":3},{"not_picked":["Battle Trance","Warcry"],"picked":"Inflame","floor":4},{"not_picked":["Clash","Armaments"],"picked":"Shrug It Off","floor":5},{"not_picked":["Warcry","Havoc"],"picked":"Pommel Strike","floor":6},{"not_picked":["Sentinel","True Grit"],"picked":"Twin Strike+1","floor":8},{"not_picked":["Brutality","Sentinel","Thunderclap+1"],"picked":"Twin Strike+1","floor":12},{"not_picked":["Pummel+1","Headbutt+1","Sentinel"],"picked":"Heavy Blade+1","floor":14},{"not_picked":["Berserk","Juggernaut","Brutality"],"picked":"Reaper+1","floor":16},{"not_picked":["Warcry","Cleave+1","Perfected Strike+1"],"picked":"Shrug It Off","floor":18},{"not_picked":["Hemokinesis+1","Sever Soul+1","Iron Wave+1"],"picked":"Anger+1","floor":19},{"not_picked":["Reckless Charge+1","Clash+1","Armaments"],"picked":"Inflame","floor":21},{"not_picked":["Heavy Blade+1","Clash+1","Corruption","Rampage+1"],"picked":"SKIP","floor":27},{"not_picked":["Heavy Blade+1","Rage","Inflame"],"picked":"True Grit","floor":28},{"not_picked":["Warcry","Rage","Heavy Blade+1"],"picked":"Clothesline+1","floor":30},{"not_picked":["Impervious","Dark Embrace","Barricade"],"picked":"Limit Break","floor":33},{"not_picked":["Dropkick+1","Clothesline+1","Rampage+1"],"picked":"Sword Boomerang+1","floor":35},{"not_picked":["Clash+1","Sword Boomerang+1","Perfected Strike+1"],"picked":"Flame Barrier","floor":37},{"not_picked":["Twin Strike+1","Whirlwind+1","Clash+1","Cleave+1"],"picked":"SKIP","floor":38},{"not_picked":["Anger+1","Havoc+1","Second Wind"],"picked":"Warcry+1","floor":39},{"not_picked":["Limit Break","Reckless Charge+1","Bloodletting+1"],"picked":"Impervious","floor":40}],"player_experience":331768,"relics_obtained":[{"floor":6,"key":"Molten Egg 2"},{"floor":8,"key":"Question Card"},{"floor":9,"key":"Pen Nib"},{"floor":12,"key":"War Paint"},{"floor":26,"key":"Mango"},{"floor":28,"key":"MawBank"},{"floor":40,"key":"Bag of Marbles"}],"event_choices":[{"damage_healed":0,"gold_gain":0,"player_choice":"Cursed","damage_taken":0,"max_hp_gain":0,"max_hp_loss":0,"event_name":"Wheel of Change","floor":10,"gold_loss":0,"cards_obtained":["Decay"]},{"damage_healed":0,"gold_gain":0,"player_choice":"Joined the Cult","damage_taken":6,"max_hp_gain":0,"max_hp_loss":0,"event_name":"Nest","floor":22,"gold_loss":0,"cards_obtained":["RitualDagger"]},{"damage_healed":0,"gold_gain":0,"player_choice":"Got Potions","damage_taken":0,"max_hp_gain":0,"max_hp_loss":0,"event_name":"Lab","floor":24,"gold_loss":0},{"damage_healed":31,"gold_gain":0,"player_choice":"Heal","damage_taken":0,"max_hp_gain":0,"max_hp_loss":0,"event_name":"The Library","floor":31,"gold_loss":0},{"damage_healed":0,"gold_gain":0,"player_choice":"1 cards matched","damage_taken":0,"max_hp_gain":0,"max_hp_loss":0,"event_name":"Match and Keep!","floor":36,"gold_loss":0,"cards_obtained":["Sword Boomerang"]}],"is_beta":false,"boss_relics":[{"not_picked":["Runic Pyramid","Calling Bell"],"picked":"Velvet Choker"},{"not_picked":["Black Star","Runic Cube"],"picked":"Black Blood"}],"items_purged_floors":[20],"is_endless":false,"potions_floor_spawned":[2,4,8,19,25,30,33,37,39],"killed_by":"Reptomancer","ascension_level":9}