{"gold_per_floor":[112,112,37,37,12,41,53,99,111,123,190,219,259,271,283,295],"floor_reached":16,"playtime":410,"items_purged":["Strike_R"],"score":328,"play_id":"744844b6-86ff-486b-a25b-0ded7f5c2cd5","local_time":"20181127173120","is_ascension_mode":true,"campfire_choices":[{"data":"Rupture","floor":7,"key":"SMITH"},{"data":"Hemokinesis","floor":10,"key":"SMITH"},{"data":"Bash","floor":15,"key":"SMITH"}],"neow_cost":"NONE","seed_source_timestamp":189182797799961,"circlet_count":0,"master_deck":["AscendersBane","Strike_R","Strike_R","Strike_R+1","Strike_R","Defend_R","Defend_R","Defend_R","Defend_R","Bash+1","Rupture+1","Anger+1","Wild Strike","Hemokinesis+1","Shrug It Off","Clothesline","Feel No Pain+1"],"relics":["Burning Blood","NeowsBlessing","Ornamental Fan","MawBank","Pear","Whetstone","Vajra","Frozen Egg 2","Golden Idol"],"potions_floor_usage":[11,13,16,16],"damage_taken":[{"damage":0,"enemies":"Small Slimes","floor":1,"turns":1},{"damage":0,"enemies":"Gremlin Nob","floor":6,"turns":1},{"damage":0,"enemies":"Lagavulin","floor":8,"turns":1},{"damage":6,"enemies":"Gremlin Nob","floor":11,"turns":3},{"damage":2,"enemies":"Jaw Worm","floor":12,"turns":2},{"damage":38,"enemies":"3 Sentries","floor":13,"turns":7},{"damage":66,"enemies":"Slime Boss","floor":16,"turns":10}],"seed_played":"7222184028920857448","potions_obtained":[{"floor":1,"key":"EssenceOfSteel"},{"floor":11,"key":"GamblersBrew"},{"floor":12,"key":"Poison Potion"},{"floor":13,"key":"Strength Potion"}],"is_trial":false,"path_per_floor":["M","?","$","?","$","E","R","E","T","R","?","M","E","?","R","B"],"character_chosen":"IRONCLAD","items_purchased":["Anger"],"campfire_rested":0,"item_purchase_floors":[5],"current_hp_per_floor":[74,63,63,68,68,74,74,90,90,90,90,90,58,58,58,0],"gold":295,"neow_bonus":"THREE_ENEMY_KILL","is_prod":false,"is_daily":false,"chose_seed":false,"campfire_upgraded":3,"win_rate":0,"timestamp":1543357880,"path_taken":["M","?","$","?","?","E","R","E","T","R","?","M","E","?","R","BOSS"],"build_version":"2018-11-15","purchased_purges":1,"victory":false,"max_hp_per_floor":[75,75,75,80,80,80,80,90,90,90,90,90,90,81,81,81],"card_choices":[{"not_picked":["Hemokinesis","Wild Strike"],"picked":"Rupture","floor":1},{"not_picked":["Perfected Strike","Fire Breathing"],"picked":"Wild Strike","floor":6},{"not_picked":["Sentinel","Twin Strike"],"picked":"Hemokinesis","floor":8},{"not_picked":["Havoc","Corruption"],"picked":"Shrug It Off","floor":11},{"not_picked":["Headbutt","Intimidate"],"picked":"Clothesline","floor":12},{"not_picked":["Cleave","Warcry"],"picked":"Feel No Pain","floor":13}],"player_experience":1172046,"relics_obtained":[{"floor":6,"key":"MawBank"},{"floor":8,"key":"Pear"},{"floor":9,"key":"Whetstone"},{"floor":13,"key":"Frozen Egg 2"}],"event_choices":[{"damage_healed":0,"gold_gain":0,"player_choice":"Success","damage_taken":11,"relics_obtained":["Ornamental Fan"],"max_hp_gain":0,"max_hp_loss":0,"event_name":"Scrap Ooze","floor":2,"gold_loss":0},{"damage_healed":0,"gold_gain":0,"player_choice":"Donut","damage_taken":0,"max_hp_gain":5,"max_hp_loss":0,"event_name":"Big Fish","floor":4,"gold_loss":0},{"damage_healed":0,"gold_gain":0,"player_choice":"Searched \u00272\u0027 times","damage_taken":0,"relics_obtained":["Vajra"],"max_hp_gain":0,"max_hp_loss":0,"event_name":"Dead Adventurer","floor":11,"gold_loss":0},{"damage_healed":0,"gold_gain":0,"player_choice":"Lose Max HP","damage_taken":0,"relics_obtained":["Golden Idol"],"max_hp_gain":0,"max_hp_loss":9,"event_name":"Golden Idol","floor":14,"gold_loss":0}],"is_beta":false,"boss_relics":[],"items_purged_floors":[3],"is_endless":false,"potions_floor_spawned":[1,11,12,13],"killed_by":"Slime Boss","ascension_level":20}