{"gold_per_floor":[111,125,136,149,163,194,213,245,245,270,282,302,302,322,322,422,422,432,100,119,119,153,153,181,181,181,200,235,286,286,286,286,404,404,415,434,150,161,281,310,310,343,343,343,392,392,392,45,45,45,45,45,45,78,78],"floor_reached":55,"playtime":3905,"items_purged":["Strike_G","Decay","Writhe"],"score":1141,"play_id":"3d8d8895-6199-4ccb-afe8-b9ca29748986","local_time":"20190602191516","is_ascension_mode":true,"campfire_choices":[{"floor":13,"key":"REST"},{"data":"Adrenaline","floor":15,"key":"SMITH"},{"floor":23,"key":"REST"},{"data":"Tactician","floor":25,"key":"SMITH"},{"floor":30,"key":"REST"},{"data":"Choke","floor":32,"key":"SMITH"},{"floor":41,"key":"REST"},{"data":"Calculated Gamble","floor":44,"key":"SMITH"},{"floor":47,"key":"RECALL"},{"floor":49,"key":"REST"},{"data":"Reflex","floor":52,"key":"SMITH"}],"neow_cost":"NONE","seed_source_timestamp":123432775819299,"circlet_count":0,"master_deck":["Defend_G","Defend_G","Defend_G","Defend_G","Defend_G","Strike_G","Strike_G","Strike_G","Strike_G","Survivor","Neutralize","Dagger Throw","Dash","Backflip","Cloak And Dagger","Calculated Gamble+1","Tactician+1","Backstab","Dash","Adrenaline+1","Infinite Blades+1","Skewer","After Image+1","Underhanded Strike+1","HandOfGreed","Dash","Footwork+1","Footwork+1","Predator","Choke+1","After Image+1","Caltrops+1","Infinite Blades+1","Noxious Fumes+1","Dash","Eviscerate","Reflex+1","Magnetism+1","Acrobatics","Caltrops+1"],"relics":["Sozu","Matryoshka","Mercury Hourglass","Pantograph","Turnip","Frozen Egg 2","Snecko Eye","Calipers","Ancient Tea Set","Mummified Hand","PreservedInsect","Question Card","Philosopher\u0027s Stone","Oddly Smooth Stone","Tingsha","Vajra","Sundial","The Specimen","Ninja Scroll"],"potions_floor_usage":[],"damage_taken":[{"damage":1,"enemies":"Jaw Worm","floor":1,"turns":5},{"damage":0,"enemies":"2 Louse","floor":2,"turns":3},{"damage":1,"enemies":"Small Slimes","floor":3,"turns":3},{"damage":0,"enemies":"3 Louse","floor":4,"turns":3},{"damage":2,"enemies":"Large Slime","floor":5,"turns":6},{"damage":17,"enemies":"Lagavulin","floor":6,"turns":9},{"damage":0,"enemies":"2 Fungi Beasts","floor":7,"turns":4},{"damage":10,"enemies":"3 Sentries","floor":8,"turns":8},{"damage":22,"enemies":"Gremlin Nob","floor":10,"turns":5},{"damage":0,"enemies":"Exordium Thugs","floor":11,"turns":3},{"damage":0,"enemies":"Lots of Slimes","floor":12,"turns":2},{"damage":0,"enemies":"Exordium Wildlife","floor":14,"turns":2},{"damage":43,"enemies":"The Guardian","floor":16,"turns":14},{"damage":12,"enemies":"3 Byrds","floor":18,"turns":4},{"damage":6,"enemies":"Shell Parasite","floor":20,"turns":3},{"damage":0,"enemies":"Snake Plant","floor":22,"turns":5},{"damage":14,"enemies":"Gremlin Leader","floor":24,"turns":6},{"damage":0,"enemies":"Cultist and Chosen","floor":27,"turns":6},{"damage":8,"enemies":"Shelled Parasite and Fungi","floor":28,"turns":4},{"damage":0,"enemies":"Book of Stabbing","floor":29,"turns":5},{"damage":0,"enemies":"Collector","floor":33,"turns":10},{"damage":28,"enemies":"3 Darklings","floor":35,"turns":4},{"damage":0,"enemies":"Orb Walker","floor":36,"turns":2},{"damage":15,"enemies":"Transient","floor":38,"turns":5},{"damage":0,"enemies":"Mind Bloom Boss Battle","floor":39,"turns":5},{"damage":18,"enemies":"Reptomancer","floor":40,"turns":5},{"damage":0,"enemies":"Giant Head","floor":42,"turns":6},{"damage":22,"enemies":"2 Orb Walkers","floor":45,"turns":4},{"damage":26,"enemies":"Time Eater","floor":50,"turns":11},{"damage":21,"enemies":"Shield and Spear","floor":54,"turns":5},{"damage":77,"enemies":"The Heart","floor":55,"turns":5}],"seed_played":"-7035763387264804215","potions_obtained":[],"is_trial":false,"path_per_floor":["M","M","M","M","M","E","M","E","T","E","M","M","R","M","R","B",null,"M","$","M","?","M","R","E","R","T","M","M","E","R","?","R","B",null,"M","M","$","M","?","E","R","E","T","R","?","?","R","$","R","B",null,"R","$","E","B"],"character_chosen":"THE_SILENT","items_purchased":["HandOfGreed","Dash","Caltrops+1","Oddly Smooth Stone","Magnetism+1","Acrobatics"],"campfire_rested":5,"item_purchase_floors":[19,19,37,37,48,48],"current_hp_per_floor":[62,62,61,61,59,42,42,32,32,10,10,10,31,31,31,13,56,44,44,38,38,38,59,45,45,45,45,37,37,58,58,58,70,70,42,42,42,27,52,34,55,55,55,55,33,33,33,33,54,44,64,64,64,43,0],"gold":78,"neow_bonus":"BOSS_RELIC","is_prod":false,"is_daily":false,"chose_seed":false,"campfire_upgraded":5,"win_rate":0,"timestamp":1559517316,"path_taken":["M","M","M","M","M","E","M","E","T","E","M","M","R","M","R","BOSS","M","$","M","?","M","R","E","R","T","M","M","E","R","?","R","BOSS","M","M","$","M","?","E","R","E","T","R","?","?","R","$","R","BOSS","R","$","E","BOSS"],"build_version":"2019-01-23","purchased_purges":3,"victory":false,"max_hp_per_floor":[70,70,70,70,70,70,70,70,70,70,70,70,70,70,70,70,70,70,70,70,70,70,70,70,70,70,70,70,70,70,70,70,70,70,70,70,70,70,70,70,70,70,70,70,70,70,70,70,70,70,70,70,70,70,70],"card_choices":[{"not_picked":["Flechettes","Prepared"],"picked":"Dagger Throw","floor":1},{"not_picked":["Prepared","Eviscerate"],"picked":"Dash","floor":2},{"not_picked":["Terror","Dagger Throw"],"picked":"Backflip","floor":3},{"not_picked":["Sucker Punch","Distraction"],"picked":"Cloak And Dagger","floor":4},{"not_picked":["Outmaneuver","Blade Dance"],"picked":"Calculated Gamble","floor":5},{"not_picked":["Dodge and Roll","Dagger Throw"],"picked":"Tactician","floor":6},{"not_picked":["Heel Hook","Flying Knee"],"picked":"Backstab","floor":7},{"not_picked":["Catalyst","Slice"],"picked":"Dash","floor":8},{"not_picked":["Caltrops","Acrobatics"],"picked":"Adrenaline","floor":10},{"not_picked":["Riddle With Holes","Acrobatics"],"picked":"Infinite Blades+1","floor":11},{"not_picked":["Masterful Stab","Poisoned Stab"],"picked":"Skewer","floor":12},{"not_picked":["Deadly Poison","Heel Hook","Underhanded Strike"],"picked":"SKIP","floor":14},{"not_picked":["Burst","Malaise"],"picked":"After Image+1","floor":16},{"not_picked":["Well Laid Plans+1","Bane"],"picked":"Underhanded Strike+1","floor":18},{"not_picked":["Poisoned Stab","Quick Slash"],"picked":"Footwork+1","floor":20},{"not_picked":["Prepared+1","Escape Plan","Expertise"],"picked":"SKIP","floor":22},{"not_picked":["Deflect","Outmaneuver"],"picked":"Footwork+1","floor":24},{"not_picked":["Caltrops+1","Deflect+1"],"picked":"Predator","floor":27},{"not_picked":["PiercingWail","Acrobatics","Deflect+1"],"picked":"SKIP","floor":28},{"not_picked":["Well Laid Plans+1","Corpse Explosion"],"picked":"Choke","floor":29},{"not_picked":["Doppelganger","Die Die Die","Unload"],"picked":"After Image+1","floor":33},{"not_picked":["Underhanded Strike+1","Quick Slash","Outmaneuver+1","Endless Agony+1"],"picked":"SKIP","floor":35},{"not_picked":["Dagger Spray","Dodge and Roll","Blade Dance","Slice+1"],"picked":"SKIP","floor":36},{"not_picked":["Finisher+1","Masterful Stab+1","PiercingWail"],"picked":"Infinite Blades+1","floor":38},{"not_picked":["Finisher","Poisoned Stab+1","Infinite Blades+1"],"picked":"Noxious Fumes+1","floor":39},{"not_picked":["Dagger Spray+1","Terror+1","Quick Slash"],"picked":"Dash","floor":40},{"not_picked":["Glass Knife","Prepared","Dagger Spray+1"],"picked":"Eviscerate","floor":42},{"not_picked":["Heel Hook","Leg Sweep","Quick Slash+1"],"picked":"Reflex","floor":45},{"not_picked":["Setup","Leg Sweep","Grand Finale"],"picked":"Caltrops+1","floor":54}],"player_experience":364480,"relics_obtained":[{"floor":6,"key":"Matryoshka"},{"floor":8,"key":"Mercury Hourglass"},{"floor":9,"key":"Pantograph"},{"floor":9,"key":"Turnip"},{"floor":10,"key":"Frozen Egg 2"},{"floor":24,"key":"Calipers"},{"floor":26,"key":"Ancient Tea Set"},{"floor":26,"key":"Mummified Hand"},{"floor":29,"key":"PreservedInsect"},{"floor":39,"key":"Tingsha"},{"floor":40,"key":"Vajra"},{"floor":42,"key":"Sundial"},{"floor":45,"key":"The Specimen"},{"floor":54,"key":"Ninja Scroll"}],"event_choices":[{"damage_healed":0,"gold_gain":0,"player_choice":"Smashed Altar","damage_taken":0,"max_hp_gain":0,"max_hp_loss":0,"event_name":"Forgotten Altar","floor":21,"gold_loss":0,"cards_obtained":["Decay"]},{"damage_healed":0,"gold_gain":0,"player_choice":"Opened","damage_taken":0,"relics_obtained":["Question Card"],"max_hp_gain":0,"max_hp_loss":0,"event_name":"The Mausoleum","floor":31,"gold_loss":0,"cards_obtained":["Writhe"]},{"damage_healed":0,"gold_gain":0,"player_choice":"Fight","damage_taken":0,"max_hp_gain":0,"max_hp_loss":0,"event_name":"MindBloom","floor":39,"gold_loss":0},{"damage_healed":0,"gold_gain":0,"player_choice":"Fight","damage_taken":0,"max_hp_gain":0,"max_hp_loss":0,"event_name":"Mysterious Sphere","floor":45,"gold_loss":0},{"damage_healed":0,"gold_gain":0,"player_choice":"Memory 1","damage_taken":0,"max_hp_gain":0,"max_hp_loss":0,"event_name":"SensoryStone","floor":46,"gold_loss":0}],"is_beta":false,"boss_relics":[{"not_picked":["Eternal Feather","Lizard Tail"],"picked":"Snecko Eye"},{"not_picked":["Black Star","HoveringKite"],"picked":"Philosopher\u0027s Stone"}],"items_purged_floors":[19,37,48],"is_endless":false,"potions_floor_spawned":[1,5,7,10,14,16,18,24,27,28,33,36,39,42,45],"killed_by":"The Heart","ascension_level":6}