{"gold_per_floor":[116,127,140,160,179,211,211,228,309,328,342,342,377,13,13,116,116,83,8,108,33,33,33,33],"floor_reached":24,"playtime":2019,"items_purged":[],"score":208,"play_id":"2cae9d80-2e3a-44be-a37e-b39705fe3c89","local_time":"20190628205554","is_ascension_mode":false,"campfire_choices":[{"floor":7,"key":"REST"},{"data":"1","floor":15,"key":"LIFT"},{"data":"2","floor":23,"key":"LIFT"}],"neow_cost":"NONE","seed_source_timestamp":541052776410511,"circlet_count":0,"master_deck":["Strike_R","Strike_R","Strike_R","Strike_R","Defend_R","Defend_R","Defend_R","Defend_R","Bash","Shrug It Off","Iron Wave","Heavy Blade","Perfected Strike","Feel No Pain","Blood for Blood","Spot Weakness","Flex","Warcry","Twin Strike","Flex","Barricade","Metallicize","Seeing Red","Iron Wave","RitualDagger"],"relics":["Burning Blood","PreservedInsect","Shuriken","Oddly Smooth Stone","Girya","Sozu","Pocketwatch","Gremlin Horn"],"potions_floor_usage":[3,4,13,16],"damage_taken":[{"damage":9,"enemies":"Cultist","floor":1,"turns":4},{"damage":5,"enemies":"Small Slimes","floor":2,"turns":4},{"damage":6,"enemies":"Jaw Worm","floor":3,"turns":2},{"damage":6,"enemies":"2 Fungi Beasts","floor":4,"turns":4},{"damage":14,"enemies":"Gremlin Gang","floor":5,"turns":6},{"damage":59,"enemies":"Lagavulin","floor":6,"turns":7},{"damage":13,"enemies":"3 Louse","floor":8,"turns":4},{"damage":19,"enemies":"Large Slime","floor":10,"turns":8},{"damage":14,"enemies":"2 Fungi Beasts","floor":11,"turns":3},{"damage":30,"enemies":"Gremlin Nob","floor":13,"turns":4},{"damage":77,"enemies":"The Guardian","floor":16,"turns":10},{"damage":28,"enemies":"2 Thieves","floor":18,"turns":5},{"damage":33,"enemies":"Colosseum Slavers","floor":20,"turns":7},{"damage":27,"enemies":"Colosseum Nobs","floor":20,"turns":4},{"damage":10,"enemies":"Shell Parasite","floor":24,"turns":1}],"seed_played":"-6176996864571450616","potions_obtained":[{"floor":2,"key":"Fruit Juice"},{"floor":3,"key":"Ancient Potion"},{"floor":6,"key":"PowerPotion"},{"floor":11,"key":"Regen Potion"},{"floor":13,"key":"Regen Potion"}],"is_trial":false,"path_per_floor":["M","M","M","M","M","E","R","M","T","M","M","?","E","$","R","B",null,"M","$","?","?","?","R","M"],"character_chosen":"IRONCLAD","items_purchased":["Girya","Flex","Seeing Red"],"campfire_rested":1,"item_purchase_floors":[14,14,19],"current_hp_per_floor":[77,78,83,83,75,22,47,40,40,27,19,85,64,64,64,8,85,63,63,15,15,9,9,0],"gold":33,"neow_bonus":"TRANSFORM_CARD","is_prod":false,"is_daily":false,"chose_seed":false,"campfire_upgraded":0,"win_rate":0.0,"timestamp":1561780554,"path_taken":["M","M","M","M","M","E","R","M","T","M","M","?","E","$","R","BOSS","M","$","?","?","?","R","M"],"build_version":"2019-01-23","purchased_purges":0,"victory":false,"max_hp_per_floor":[80,80,85,85,85,85,85,85,85,85,85,85,85,85,85,85,85,85,85,85,85,85,85,85],"card_choices":[{"not_picked":["Sword Boomerang","Armaments"],"picked":"Iron Wave","floor":1},{"not_picked":["Iron Wave","Dual Wield"],"picked":"Heavy Blade","floor":2},{"not_picked":["Shrug It Off","Warcry"],"picked":"Perfected Strike","floor":3},{"not_picked":["Disarm","Power Through"],"picked":"Feel No Pain","floor":4},{"not_picked":["Body Slam","Pommel Strike"],"picked":"Blood for Blood","floor":5},{"not_picked":["Fire Breathing","Cleave"],"picked":"Spot Weakness","floor":6},{"not_picked":["Dual Wield","Whirlwind"],"picked":"True Grit","floor":8},{"not_picked":["Berserk","Heavy Blade"],"picked":"Flex","floor":10},{"not_picked":["Iron Wave","Combust"],"picked":"Warcry","floor":11},{"not_picked":["Pommel Strike","Heavy Blade"],"picked":"Twin Strike","floor":13},{"not_picked":["Reaper","Limit Break"],"picked":"Barricade","floor":16},{"not_picked":["True Grit+1","Shrug It Off"],"picked":"Metallicize","floor":18},{"not_picked":["Clash","Warcry"],"picked":"Iron Wave","floor":20}],"player_experience":9376,"relics_obtained":[{"floor":6,"key":"PreservedInsect"},{"floor":9,"key":"Shuriken"},{"floor":13,"key":"Oddly Smooth Stone"},{"floor":20,"key":"Pocketwatch"},{"floor":20,"key":"Gremlin Horn"}],"event_choices":[{"damage_healed":66,"gold_gain":0,"player_choice":"Full Heal","damage_taken":0,"max_hp_gain":0,"max_hp_loss":0,"event_name":"Wheel of Change","floor":12,"gold_loss":0},{"damage_healed":0,"gold_gain":0,"player_choice":"Fight","damage_taken":0,"max_hp_gain":0,"max_hp_loss":0,"event_name":"Colosseum","floor":20,"gold_loss":0},{"damage_healed":0,"gold_gain":0,"player_choice":"Fought Nobs","damage_taken":0,"max_hp_gain":0,"max_hp_loss":0,"event_name":"Colosseum","floor":20,"gold_loss":0},{"cards_removed":["True Grit"],"damage_healed":0,"gold_gain":0,"player_choice":"Gave Gold","damage_taken":0,"max_hp_gain":0,"max_hp_loss":0,"event_name":"Beggar","floor":21,"gold_loss":75},{"damage_healed":0,"gold_gain":0,"player_choice":"Joined the Cult","damage_taken":6,"max_hp_gain":0,"max_hp_loss":0,"event_name":"Nest","floor":22,"gold_loss":0,"cards_obtained":["RitualDagger"]}],"is_beta":false,"boss_relics":[{"not_picked":["Eternal Feather","Tiny House"],"picked":"Sozu"}],"items_purged_floors":[],"is_endless":false,"potions_floor_spawned":[2,3,6,11,13,18],"killed_by":"Shell Parasite","ascension_level":0}