{"gold_per_floor":[115,115,115,40,65,65,15,35,58,83,98,137,137,160,160,279,279,293,45,45,64,89,89,127,127,154,154,154,170,201,220,220,341,341,362,375,708,724,313,313,328,288,288,288,313,329,329,360,360,360,360,360,40,73,73],"floor_reached":55,"playtime":6892,"items_purged":["Strike_G","Distraction","Dagger Spray"],"score":1372,"play_id":"6f68fdad-684e-4071-8f89-c6d4741a2e1f","local_time":"20190713095225","is_ascension_mode":true,"campfire_choices":[{"floor":6.0,"key":"REST"},{"data":"Glass Knife","floor":13.0,"key":"SMITH"},{"data":"Blur","floor":15.0,"key":"SMITH"},{"data":"Bullet Time","floor":23,"key":"SMITH"},{"floor":25,"key":"REST"},{"floor":28,"key":"REST"},{"data":"Burst","floor":32,"key":"SMITH"},{"floor":40,"key":"RECALL"},{"data":"A Thousand Cuts","floor":44,"key":"SMITH"},{"data":"A Thousand Cuts","floor":47,"key":"SMITH"},{"floor":49,"key":"REST"},{"data":"Deflect","floor":52,"key":"SMITH"}],"neow_cost":"PERCENT_DAMAGE","seed_source_timestamp":0,"circlet_count":0,"master_deck":["AscendersBane","Survivor+1","Neutralize+1","Adrenaline","Deflect+1","Flying Knee+1","Dagger Throw","Backflip","Blur+1","Glass Knife+1","After Image","Adrenaline","A Thousand Cuts+1","Tools of the Trade","Bullet Time+1","A Thousand Cuts+1","Deadly Poison","Bouncing Flask+1","Leg Sweep+1","PiercingWail+1","Burst+1","Venomology","Tactician+1","Escape Plan+1","Blade Dance+1","Corpse Explosion","Noxious Fumes+1","Catalyst","PiercingWail"],"special_seed":0,"relics":["Ring of the Snake","Omamori","Thread and Needle","Pandora\u0027s Box","Centennial Puzzle","Kunai","Snake Skull","Regal Pillow","Blood Vial","Lizard Tail","Incense Burner","Happy Flower","Whetstone","TheAbacus","Ornamental Fan"],"potions_floor_usage":[30,33,35,35,36,36,36,36,36,41,41,45,46,48,50,50,50,54,55,55],"damage_taken":[{"damage":0.0,"enemies":"2 Louse","floor":1.0,"turns":2.0},{"damage":4.0,"enemies":"Small Slimes","floor":5.0,"turns":6.0},{"damage":0.0,"enemies":"Cultist","floor":8.0,"turns":4.0},{"damage":0.0,"enemies":"Gremlin Gang","floor":10.0,"turns":2.0},{"damage":4.0,"enemies":"Large Slime","floor":11.0,"turns":5.0},{"damage":6.0,"enemies":"3 Sentries","floor":12.0,"turns":11.0},{"damage":0.0,"enemies":"Exordium Thugs","floor":14.0,"turns":3.0},{"damage":49.0,"enemies":"Hexaghost","floor":16.0,"turns":12.0},{"damage":0.0,"enemies":"Chosen","floor":18.0,"turns":5.0},{"damage":0.0,"enemies":"Shell Parasite","floor":21.0,"turns":6.0},{"damage":0,"enemies":"Centurion and Healer","floor":22,"turns":7},{"damage":45,"enemies":"Gremlin Leader","floor":24,"turns":7},{"damage":0,"enemies":"Chosen and Byrds","floor":29,"turns":5},{"damage":0,"enemies":"Slavers","floor":30,"turns":6},{"damage":0,"enemies":"Snake Plant","floor":31,"turns":3},{"damage":0,"enemies":"Collector","floor":33,"turns":8},{"damage":0,"enemies":"3 Shapes","floor":35,"turns":4},{"damage":0,"enemies":"Orb Walker","floor":36,"turns":6},{"damage":3,"enemies":"Writhing Mass","floor":38,"turns":7},{"damage":5,"enemies":"Spire Growth","floor":41,"turns":6},{"damage":0,"enemies":"Giant Head","floor":45,"turns":8},{"damage":11,"enemies":"Sphere and 2 Shapes","floor":46,"turns":4},{"damage":20,"enemies":"Nemesis","floor":48,"turns":5},{"damage":34,"enemies":"Donu and Deca","floor":50,"turns":7},{"damage":47,"enemies":"Shield and Spear","floor":54,"turns":8},{"damage":97,"enemies":"The Heart","floor":55,"turns":6}],"seed_played":"1949260605367759858","potions_obtained":[{"floor":5.0,"key":"SkillPotion"},{"floor":8.0,"key":"Block Potion"},{"floor":12.0,"key":"SkillPotion"},{"floor":14.0,"key":"EssenceOfSteel"},{"floor":21,"key":"Dexterity Potion"},{"floor":30,"key":"Fire Potion"},{"floor":35,"key":"PowerPotion"},{"floor":45,"key":"SkillPotion"},{"floor":48,"key":"Swift Potion"},{"floor":54,"key":"Swift Potion"}],"is_trial":false,"path_per_floor":["M","?","?","$","M","R","?","M","T","M","M","E","R","M","R","B",null,"M","$","?","M","M","R","E","R","T","?","R","M","E","M","R","B",null,"M","M","?","M","$","R","M","?","T","R","E","M","R","E","R","B",null,"R","$","E","B"],"character_chosen":"THE_SILENT","items_purchased":["Centennial Puzzle","Incense Burner","Catalyst","TheAbacus","Dexterity Potion"],"campfire_rested":4,"item_purchase_floors":[19,39,53,53,53],"current_hp_per_floor":[45,45,45,45,41,62,62,62,62,62,58,52,52,52,52,3,53,53,53,53,53,53,53,8,29,29,22,58,58,58,60,60,62,68,70,70,70,67,67,67,64,64,64,64,66,57,57,39,70,36,62,62,62,17,0],"gold":73,"neow_bonus":"THREE_RARE_CARDS","is_prod":false,"is_daily":false,"chose_seed":false,"campfire_upgraded":7,"win_rate":0,"timestamp":1563025945,"path_taken":["M","?","?","$","M","R","?","M","T","M","M","E","R","M","R","BOSS","M","$","?","M","M","R","E","R","T","?","R","?","E","?","R","BOSS","M","M","?","M","$","R","M","?","T","R","E","M","R","E","R","BOSS","R","$","E","BOSS"],"build_version":"2019-07-05","purchased_purges":3,"victory":false,"max_hp_per_floor":[70,70,70,70,70,70,70,70,70,70,70,70,70,70,70,70,70,70,70,70,70,70,70,70,70,70,70,70,70,70,70,70,70,70,70,70,70,70,70,70,70,70,70,70,70,70,70,70,70,70,70,70,70,70,70],"card_choices":[{"not_picked":["Tools of the Trade","After Image"],"picked":"Adrenaline","floor":0.0},{"not_picked":["PiercingWail","Outmaneuver"],"picked":"Deflect","floor":1.0},{"not_picked":["Caltrops","PiercingWail"],"picked":"Flying Knee","floor":5.0},{"not_picked":["Dodge and Roll","Outmaneuver"],"picked":"Dagger Throw","floor":8.0},{"not_picked":["Catalyst","Cloak And Dagger"],"picked":"Backflip","floor":10.0},{"not_picked":["Poisoned Stab","Blade Dance"],"picked":"Blur","floor":11.0},{"not_picked":["Masterful Stab","Tools of the Trade"],"picked":"Glass Knife","floor":12.0},{"not_picked":["Deadly Poison","Prepared"],"picked":"Dagger Spray","floor":14.0},{"not_picked":["Envenom","Wraith Form v2"],"picked":"After Image","floor":16.0},{"not_picked":["Prepared","Sucker Punch","Dodge and Roll"],"picked":"SKIP","floor":18.0},{"not_picked":["Outmaneuver","Backflip"],"picked":"Leg Sweep+1","floor":21},{"not_picked":["Slice","Bane"],"picked":"PiercingWail+1","floor":22},{"not_picked":["Outmaneuver","Underhanded Strike","Cloak And Dagger"],"picked":"SKIP","floor":24},{"not_picked":["Blade Dance","Setup","Sucker Punch"],"picked":"SKIP","floor":29},{"not_picked":["Crippling Poison","Sucker Punch"],"picked":"Burst","floor":30},{"not_picked":["Acrobatics+1","Reflex","Dagger Throw"],"picked":"SKIP","floor":31},{"not_picked":["Wraith Form v2","Glass Knife"],"picked":"Venomology","floor":33},{"not_picked":["Prepared","Underhanded Strike+1","Blade Dance"],"picked":"SKIP","floor":35},{"not_picked":["Acrobatics","Blade Dance"],"picked":"Tactician+1","floor":36},{"not_picked":["Blade Dance","Underhanded Strike","Quick Slash"],"picked":"SKIP","floor":38},{"not_picked":["Blur","PiercingWail"],"picked":"Escape Plan+1","floor":41},{"not_picked":["Outmaneuver+1","Prepared"],"picked":"Blade Dance+1","floor":45},{"not_picked":["Bane","Sucker Punch"],"picked":"Corpse Explosion","floor":46},{"not_picked":["Dagger Spray","Sucker Punch+1"],"picked":"Noxious Fumes+1","floor":48},{"not_picked":["Cloak And Dagger","Concentrate+1"],"picked":"PiercingWail","floor":54}],"player_experience":499953,"relics_obtained":[{"floor":9.0,"key":"Omamori"},{"floor":12.0,"key":"Thread and Needle"},{"floor":24,"key":"Snake Skull"},{"floor":26,"key":"Regal Pillow"},{"floor":30,"key":"Blood Vial"},{"floor":45,"key":"Happy Flower"},{"floor":48,"key":"Whetstone"},{"floor":54,"key":"Ornamental Fan"}],"event_choices":[{"damage_healed":0.0,"max_hp_gain":0.0,"max_hp_loss":0.0,"gold_gain":0.0,"event_name":"Golden Idol","player_choice":"Take Wound","floor":2.0,"gold_loss":0.0,"damage_taken":0.0,"relics_obtained":["Golden Idol"],"cards_obtained":["Injury"]},{"cards_removed":["Injury"],"damage_healed":0.0,"max_hp_gain":0.0,"max_hp_loss":0.0,"gold_gain":0.0,"event_name":"Living Wall","player_choice":"Forget","floor":3.0,"gold_loss":0.0,"damage_taken":0.0},{"cards_removed":["Defend_G"],"damage_healed":0.0,"max_hp_gain":0.0,"max_hp_loss":0.0,"gold_gain":0.0,"event_name":"The Cleric","player_choice":"Card Removal","floor":7.0,"gold_loss":50.0,"damage_taken":0.0},{"damage_healed":0.0,"max_hp_gain":0.0,"max_hp_loss":0.0,"gold_gain":0.0,"event_name":"Addict","player_choice":"Stole Relic","floor":20.0,"gold_loss":0.0,"damage_taken":0.0,"relics_obtained":["Kunai"],"cards_obtained":["Shame"]},{"damage_healed":0,"gold_gain":0,"player_choice":"Damaged","damage_taken":7,"max_hp_gain":0,"max_hp_loss":0,"event_name":"Wheel of Change","floor":27,"gold_loss":0},{"damage_healed":0,"gold_gain":333,"player_choice":"Gave Idol","damage_taken":0,"max_hp_gain":0,"max_hp_loss":0,"event_name":"The Moai Head","floor":37,"relics_lost":["Golden Idol"],"gold_loss":0},{"damage_healed":0,"gold_gain":0,"player_choice":"Upgraded Two","damage_taken":0,"max_hp_gain":0,"max_hp_loss":0,"event_name":"Designer","floor":42,"gold_loss":40,"cards_upgraded":["Bouncing Flask","Survivor"]}],"is_beta":false,"boss_relics":[{"not_picked":["Snecko Eye","Empty Cage"],"picked":"Pandora\u0027s Box"},{"not_picked":["Orrery","WristBlade"],"picked":"Lizard Tail"}],"items_purged_floors":[4,19,39],"is_endless":false,"potions_floor_spawned":[5,8,12,14,21,29,30,31,35,45,48,54],"killed_by":"The Heart","ascension_level":12}