{"gold_per_floor":[111,125,137,137,41,41,53,53,76,101,113],"floor_reached":11,"playtime":356,"items_purged":[],"score":130,"play_id":"d3c23956-6a93-413b-9cbf-a2d348afe8de","local_time":"20181024173252","is_ascension_mode":true,"campfire_choices":[{"data":"Streamline","floor":6,"key":"SMITH"},{"floor":8,"key":"REST"}],"neow_cost":"NONE","seed_source_timestamp":509376873458844,"circlet_count":0,"master_deck":["Strike_B","Strike_B+1","Strike_B","Strike_B+1","Defend_B","Defend_B","Defend_B","Defend_B","Zap+1","Dualcast","AscendersBane","Streamline+1","Ball Lightning","Sweeping Beam","Forethought","Loop","Cold Snap"],"relics":["Cracked Core","MawBank"],"potions_floor_usage":[7,10],"damage_taken":[{"damage":0,"enemies":"Cultist","floor":1,"turns":3},{"damage":15,"enemies":"Small Slimes","floor":2,"turns":3},{"damage":2,"enemies":"2 Louse","floor":3,"turns":2},{"damage":23,"enemies":"Exordium Thugs","floor":7,"turns":5},{"damage":9,"enemies":"Exordium Wildlife","floor":10,"turns":4},{"damage":26,"enemies":"Lagavulin","floor":11,"turns":4}],"seed_played":"1564984380793648158","potions_obtained":[{"floor":3,"key":"Weak Potion"},{"floor":7,"key":"Block Potion"}],"is_trial":false,"path_per_floor":["M","M","M","?","$","R","M","R","T","M"],"character_chosen":"DEFECT","items_purchased":["Forethought"],"campfire_rested":1,"item_purchase_floors":[5],"current_hp_per_floor":[64,49,47,26,26,26,3,24,24,15,0],"gold":113,"neow_bonus":"UPGRADE_CARD","is_prod":false,"is_daily":false,"chose_seed":false,"campfire_upgraded":1,"win_rate":0,"timestamp":1540416772,"path_taken":["M","M","?","?","?","R","M","R","T","M","E"],"build_version":"2018-10-18","purchased_purges":0,"victory":false,"max_hp_per_floor":[71,71,71,71,71,71,71,71,71,71,71],"card_choices":[{"not_picked":["Steam","Aggregate"],"picked":"Streamline","floor":1},{"not_picked":["Coolheaded","Steam"],"picked":"Ball Lightning","floor":2},{"not_picked":["Steam","Tempest"],"picked":"Sweeping Beam","floor":3},{"not_picked":["Beam Cell","Genetic Algorithm"],"picked":"Loop","floor":7},{"not_picked":["Rebound","Redo"],"picked":"Cold Snap","floor":10}],"player_experience":970005,"relics_obtained":[{"floor":9,"key":"MawBank"}],"event_choices":[{"damage_healed":0,"gold_gain":0,"player_choice":"Entered Light","damage_taken":21,"max_hp_gain":0,"max_hp_loss":0,"event_name":"Shining Light","floor":4,"gold_loss":0,"cards_upgraded":["Strike_B","Strike_B"]}],"is_beta":false,"boss_relics":[],"items_purged_floors":[],"is_endless":false,"potions_floor_spawned":[3,7],"killed_by":"Lagavulin","ascension_level":20}