{"gold_per_floor":[110,120,48,48,48,48,48,81,108,108,122,136,148,164,164,164],"floor_reached":16,"playtime":478,"items_purged":[],"score":117,"play_id":"d1776d39-72db-448d-b36a-1ebda3f060b5","local_time":"20190718080227","is_ascension_mode":true,"campfire_choices":[{"data":"Poisoned Stab","floor":6,"key":"SMITH"},{"data":"Backstab","floor":10,"key":"SMITH"},{"data":"Prepared","floor":15,"key":"SMITH"}],"neow_cost":"NONE","seed_source_timestamp":27329494449987,"circlet_count":0,"master_deck":["Strike_G","Strike_G","Strike_G","Strike_G","Strike_G","Defend_G","Defend_G","Defend_G","Defend_G","Defend_G","Survivor","Neutralize+1","Poisoned Stab+1","Grand Finale","Backstab+1","Prepared+1"],"relics":["Ring of the Snake","WingedGreaves","Bag of Marbles"],"potions_floor_usage":[16,16,16],"damage_taken":[{"damage":3,"enemies":"Jaw Worm","floor":1,"turns":5},{"damage":0,"enemies":"Cultist","floor":2,"turns":3},{"damage":17,"enemies":"3 Sentries","floor":8,"turns":6},{"damage":0,"enemies":"Small Slimes","floor":11,"turns":2},{"damage":4,"enemies":"Exordium Thugs","floor":12,"turns":3},{"damage":0,"enemies":"Looter","floor":13,"turns":1},{"damage":3,"enemies":"3 Louse","floor":14,"turns":2},{"damage":29,"enemies":"Slime Boss","floor":16,"turns":6}],"seed_played":"-6709194371069954227","potions_obtained":[{"floor":2,"key":"Ancient Potion"},{"floor":11,"key":"LiquidBronze"},{"floor":12,"key":"EssenceOfSteel"}],"is_trial":false,"path_per_floor":["M","M","$","?","$","R","?","E","T","R","M","M","M","M","R","B"],"character_chosen":"THE_SILENT","items_purchased":["Grand Finale"],"campfire_rested":0,"item_purchase_floors":[3],"current_hp_per_floor":[67,67,67,67,67,67,72,55,55,55,55,51,51,48,48,19],"gold":164,"neow_bonus":"UPGRADE_CARD","is_prod":false,"is_daily":false,"chose_seed":false,"campfire_upgraded":3,"win_rate":0,"timestamp":1563454947,"path_taken":["M","M","$","?","?","R","?","E","T","R","M","M","M","M","R","BOSS"],"build_version":"2019-07-17","purchased_purges":0,"victory":false,"max_hp_per_floor":[70,70,70,70,70,70,75,75,75,75,75,75,75,75,75,75],"card_choices":[{"not_picked":["PiercingWail","Backflip","Endless Agony"],"picked":"SKIP","floor":1},{"not_picked":["Deflect","Masterful Stab"],"picked":"Poisoned Stab","floor":2},{"not_picked":["All Out Attack","Deadly Poison"],"picked":"Backstab","floor":8},{"not_picked":["Caltrops","Tactician"],"picked":"Prepared","floor":11},{"not_picked":["Blade Dance","PiercingWail","Heel Hook"],"picked":"SKIP","floor":12},{"not_picked":["Noxious Fumes","Flying Knee","Crippling Poison"],"picked":"SKIP","floor":13},{"not_picked":["Bane","Cloak And Dagger","Slice"],"picked":"SKIP","floor":14}],"player_experience":151910,"relics_obtained":[{"floor":8,"key":"WingedGreaves"},{"floor":9,"key":"Bag of Marbles"}],"event_choices":[{"damage_healed":0,"gold_gain":0,"player_choice":"Leave","damage_taken":0,"max_hp_gain":0,"max_hp_loss":0,"event_name":"FaceTrader","floor":4,"gold_loss":0},{"damage_healed":0,"gold_gain":0,"player_choice":"Donut","damage_taken":0,"max_hp_gain":5,"max_hp_loss":0,"event_name":"Big Fish","floor":7,"gold_loss":0}],"is_beta":false,"boss_relics":[],"items_purged_floors":[],"is_endless":false,"potions_floor_spawned":[2,11,12,13,14],"killed_by":"Slime Boss","ascension_level":3}