{"gold_per_floor":[411,411,424,42,55,87,87,119,170,170],"floor_reached":10,"playtime":428,"items_purged":[],"score":144,"play_id":"cc9ceb75-e11d-4f86-9a41-4d0218ea3ac4","local_time":"20190707164340","is_ascension_mode":true,"campfire_choices":[{"floor":7,"key":"REST"}],"neow_cost":"TEN_PERCENT_HP_LOSS","seed_source_timestamp":118466488193,"circlet_count":0,"master_deck":["AscendersBane","Strike_R","Strike_R","Strike_R","Strike_R","Defend_R","Defend_R","Defend_R","Defend_R","Bash","Feed","Clothesline","Spot Weakness","Pummel","Flame Barrier","Body Slam"],"relics":["Burning Blood","Old Coin","Unceasing Top","Mercury Hourglass","Bronze Scales","Vajra"],"potions_floor_usage":[5,5,5],"damage_taken":[{"damage":16,"enemies":"Jaw Worm","floor":1,"turns":5},{"damage":12,"enemies":"Small Slimes","floor":3,"turns":6},{"damage":6,"enemies":"Cultist","floor":5,"turns":4},{"damage":47,"enemies":"3 Sentries","floor":6,"turns":10},{"damage":40,"enemies":"Lagavulin","floor":8,"turns":7},{"damage":11,"enemies":"Red Slaver","floor":10,"turns":2}],"seed_played":"8624584805751600071","potions_obtained":[{"floor":1,"key":"AttackPotion"},{"floor":3,"key":"GamblersBrew"},{"floor":5,"key":"Fruit Juice"}],"is_trial":false,"path_per_floor":["M","?","M","$","M","E","R","E","T","M"],"character_chosen":"IRONCLAD","items_purchased":["Unceasing Top","Spot Weakness"],"campfire_rested":1,"item_purchase_floors":[4,4],"current_hp_per_floor":[58,58,55,55,60,22,45,11,11,0],"gold":170,"neow_bonus":"ONE_RARE_RELIC","is_prod":false,"is_daily":false,"chose_seed":false,"campfire_upgraded":0,"win_rate":0,"timestamp":1562532220,"path_taken":["M","?","M","$","M","E","R","E","T","M"],"build_version":"2019-07-05","purchased_purges":0,"victory":false,"max_hp_per_floor":[68,68,71,71,76,79,79,79,79,79],"card_choices":[{"not_picked":["Dual Wield","Flex","Warcry"],"picked":"SKIP","floor":1},{"not_picked":["Dual Wield","Rampage"],"picked":"Clothesline","floor":3},{"not_picked":["Thunderclap","Cleave"],"picked":"Pummel","floor":5},{"not_picked":["Heavy Blade","Cleave"],"picked":"Flame Barrier","floor":6},{"not_picked":["Iron Wave","Rage"],"picked":"Body Slam","floor":8}],"player_experience":476975,"relics_obtained":[{"floor":6,"key":"Mercury Hourglass"},{"floor":8,"key":"Bronze Scales"},{"floor":9,"key":"Vajra"}],"event_choices":[{"damage_healed":0,"gold_gain":0,"cards_transformed":["Strike_R"],"player_choice":"Change","damage_taken":0,"max_hp_gain":0,"max_hp_loss":0,"event_name":"Living Wall","floor":2,"gold_loss":0,"cards_obtained":["Feed"]}],"is_beta":false,"boss_relics":[],"items_purged_floors":[],"is_endless":false,"potions_floor_spawned":[1,3,5],"killed_by":"Red Slaver","ascension_level":18}