{"gold_per_floor":[117,137,52,127,127,127,153,153,153,78,3,30,57,69,69,147,147,159,178,178,15,28,28,28],"floor_reached":24,"playtime":929,"items_purged":["Strike_R"],"score":454,"play_id":"2630c1cc-250c-43bf-8c27-cb8fe02792e6","local_time":"20190119152003","is_ascension_mode":true,"campfire_choices":[{"data":"Bash","floor":6,"key":"SMITH"},{"data":"True Grit","floor":8,"key":"SMITH"},{"data":"True Grit","floor":15,"key":"SMITH"},{"data":"Limit Break","floor":23,"key":"SMITH"}],"neow_cost":"NONE","seed_source_timestamp":12770007841917,"circlet_count":0,"master_deck":["AscendersBane","Strike_R","Strike_R","Strike_R","Defend_R","Defend_R","Defend_R","Defend_R","Bash+1","Inflame","Twin Strike","Shrug It Off","Pommel Strike","True Grit+1","Clothesline+1","True Grit+1","Wild Strike+1","Limit Break+1","Sword Boomerang+1","Shrug It Off","Reaper+1","Flame Barrier"],"relics":["Burning Blood","NeowsBlessing","Thread and Needle","Molten Egg 2","Odd Mushroom","Ice Cream","Coffee Dripper"],"potions_floor_usage":[16,16,24],"damage_taken":[{"damage":0,"enemies":"Small Slimes","floor":1,"turns":1},{"damage":0,"enemies":"Jaw Worm","floor":2,"turns":1},{"damage":0,"enemies":"Lagavulin","floor":7,"turns":1},{"damage":9,"enemies":"The Mushroom Lair","floor":12,"turns":6},{"damage":19,"enemies":"Gremlin Nob","floor":13,"turns":5},{"damage":0,"enemies":"2 Louse","floor":14,"turns":3},{"damage":17,"enemies":"The Guardian","floor":16,"turns":14},{"damage":24,"enemies":"Spheric Guardian","floor":18,"turns":6},{"damage":0,"enemies":"Chosen","floor":19,"turns":6},{"damage":13,"enemies":"3 Cultists","floor":22,"turns":6},{"damage":95,"enemies":"Slavers","floor":24,"turns":6}],"seed_played":"-1072674071235722936","potions_obtained":[{"floor":1,"key":"Swift Potion"},{"floor":13,"key":"FearPotion"},{"floor":16,"key":"Regen Potion"},{"floor":18,"key":"GamblersBrew"},{"floor":22,"key":"Ancient Potion"}],"is_trial":false,"path_per_floor":["M","M","$","?","?","R","E","R","T","$","?","?","E","M","R","B",null,"M","M","?","$","M","R","E"],"character_chosen":"IRONCLAD","items_purchased":["Shrug It Off","Pommel Strike","Reaper+1"],"campfire_rested":0,"item_purchase_floors":[3,3,21],"current_hp_per_floor":[74,75,75,64,69,69,75,75,75,75,75,72,59,65,65,54,74,56,62,62,62,55,55,0],"gold":28,"neow_bonus":"THREE_ENEMY_KILL","is_prod":false,"is_daily":false,"chose_seed":false,"campfire_upgraded":4,"win_rate":0,"timestamp":1547929203,"path_taken":["M","M","$","?","?","R","E","R","T","$","?","?","E","M","R","BOSS","M","M","?","$","M","R","E"],"build_version":"2019-01-17v2","purchased_purges":1,"victory":false,"max_hp_per_floor":[75,75,75,75,80,80,80,80,80,80,80,80,80,80,80,80,80,80,80,80,80,80,80,80],"card_choices":[{"not_picked":["Spot Weakness","Body Slam"],"picked":"Inflame","floor":1},{"not_picked":["Rage","Warcry"],"picked":"Twin Strike","floor":2},{"not_picked":["Perfected Strike","Cleave"],"picked":"True Grit","floor":7},{"not_picked":["Armaments","Perfected Strike+1"],"picked":"Clothesline+1","floor":12},{"not_picked":["Power Through","Evolve"],"picked":"True Grit","floor":13},{"not_picked":["Clash+1","Burning Pact"],"picked":"Wild Strike+1","floor":14},{"not_picked":["Reaper+1","Juggernaut"],"picked":"Limit Break","floor":16},{"not_picked":["Shrug It Off","Heavy Blade+1"],"picked":"Sword Boomerang+1","floor":18},{"not_picked":["Flex","Sword Boomerang+1","Wild Strike+1"],"picked":"SKIP","floor":19},{"not_picked":["True Grit","Rupture"],"picked":"Flame Barrier","floor":22}],"player_experience":1334812,"relics_obtained":[{"floor":7,"key":"Thread and Needle"},{"floor":9,"key":"Molten Egg 2"},{"floor":12,"key":"Odd Mushroom"},{"floor":13,"key":"Ice Cream"}],"event_choices":[{"damage_healed":0,"gold_gain":75,"player_choice":"Gather Gold","damage_taken":11,"max_hp_gain":0,"max_hp_loss":0,"event_name":"World of Goop","floor":4,"gold_loss":0},{"damage_healed":0,"gold_gain":0,"player_choice":"Donut","damage_taken":0,"max_hp_gain":5,"max_hp_loss":0,"event_name":"Big Fish","floor":5,"gold_loss":0},{"cards_removed":["Strike_R"],"damage_healed":0,"gold_gain":0,"player_choice":"Card Removal","damage_taken":0,"max_hp_gain":0,"max_hp_loss":0,"event_name":"The Cleric","floor":11,"gold_loss":75},{"damage_healed":0,"gold_gain":0,"player_choice":"Fought Mushrooms","damage_taken":0,"max_hp_gain":0,"max_hp_loss":0,"event_name":"Mushrooms","floor":12,"gold_loss":0},{"damage_healed":0,"gold_gain":0,"player_choice":"Copied","damage_taken":0,"max_hp_gain":0,"max_hp_loss":0,"event_name":"Duplicator","floor":20,"gold_loss":0,"cards_obtained":["Shrug It Off"]}],"is_beta":false,"boss_relics":[{"not_picked":["Calling Bell","Mark of Pain"],"picked":"Coffee Dripper"}],"items_purged_floors":[10],"is_endless":false,"potions_floor_spawned":[1,13,16,18,22],"killed_by":"Slavers","ascension_level":20}