{"gold_per_floor":[117,142,142,12,12,44,44,44,44,44,70,70,95,111,111,111],"floor_reached":16,"playtime":237,"items_purged":["Strike_R"],"score":328,"play_id":"09b955d0-8991-4a02-98ba-210540b7aff3","local_time":"20181127205706","is_ascension_mode":true,"campfire_choices":[{"data":"Whirlwind","floor":8,"key":"SMITH"},{"data":"Fiend Fire","floor":12,"key":"SMITH"},{"data":"Bash","floor":15,"key":"SMITH"}],"neow_cost":"NONE","seed_source_timestamp":201701504099391,"circlet_count":0,"master_deck":["AscendersBane","Strike_R","Strike_R","Strike_R","Defend_R","Defend_R","Defend_R","Defend_R","Bash+1","Whirlwind+1","Shrug It Off","Wild Strike","Fiend Fire+1","Pommel Strike"],"relics":["Burning Blood","NeowsBlessing","Dream Catcher","Ancient Tea Set","Boot","Dodecahedron","Gremlin Horn"],"potions_floor_usage":[16,16],"damage_taken":[{"damage":0,"enemies":"Cultist","floor":1,"turns":1},{"damage":0,"enemies":"Gremlin Nob","floor":6,"turns":1},{"damage":0,"enemies":"Lagavulin","floor":11,"turns":1},{"damage":8,"enemies":"Gremlin Nob","floor":13,"turns":3},{"damage":0,"enemies":"2 Louse","floor":14,"turns":1},{"damage":79,"enemies":"Hexaghost","floor":16,"turns":9}],"seed_played":"2924488005910304287","potions_obtained":[{"floor":1,"key":"SteroidPotion"},{"floor":10,"key":"EssenceOfSteel"}],"is_trial":false,"path_per_floor":["M","T","?","$","?","E","$","R","T","?","E","R","E","M","R","B"],"character_chosen":"IRONCLAD","items_purchased":["Shrug It Off"],"campfire_rested":0,"item_purchase_floors":[4],"current_hp_per_floor":[74,74,67,67,67,73,73,73,73,73,75,75,73,75,75,0],"gold":111,"neow_bonus":"THREE_ENEMY_KILL","is_prod":false,"is_daily":false,"chose_seed":false,"campfire_upgraded":3,"win_rate":0,"timestamp":1543370226,"path_taken":["M","?","?","$","?","E","$","R","T","?","E","R","E","?","R","BOSS"],"build_version":"2018-11-15","purchased_purges":1,"victory":false,"max_hp_per_floor":[75,75,75,75,75,75,75,75,75,75,75,75,75,75,75,75],"card_choices":[{"not_picked":["Metallicize","True Grit"],"picked":"Whirlwind","floor":1},{"not_picked":["Twin Strike","Fire Breathing"],"picked":"Wild Strike","floor":6},{"not_picked":["Combust","Thunderclap"],"picked":"Fiend Fire","floor":11},{"not_picked":["Cleave","Clothesline"],"picked":"Pommel Strike","floor":13},{"not_picked":["Twin Strike","Clash","Heavy Blade"],"picked":"SKIP","floor":14}],"player_experience":1175566,"relics_obtained":[{"floor":2,"key":"Dream Catcher"},{"floor":6,"key":"Ancient Tea Set"},{"floor":9,"key":"Boot"},{"floor":11,"key":"Dodecahedron"},{"floor":13,"key":"Gremlin Horn"}],"event_choices":[{"cards_removed":["Strike_R"],"damage_healed":0,"gold_gain":0,"player_choice":"Card Removal","damage_taken":7,"max_hp_gain":0,"max_hp_loss":0,"event_name":"Golden Wing","floor":3,"gold_loss":0},{"damage_healed":0,"gold_gain":0,"player_choice":"Leave","damage_taken":0,"max_hp_gain":0,"max_hp_loss":0,"event_name":"The Cleric","floor":5,"gold_loss":0},{"damage_healed":0,"gold_gain":0,"player_choice":"Got Potions","damage_taken":0,"max_hp_gain":0,"max_hp_loss":0,"event_name":"Lab","floor":10,"gold_loss":0}],"is_beta":false,"boss_relics":[],"items_purged_floors":[4],"is_endless":false,"potions_floor_spawned":[1,13],"killed_by":"Hexaghost","ascension_level":20}