{"gold_per_floor":[117,142,68,68,122,147,16,49,49,49,67,77,94,110,110,210,210,227,227,25,25,35,61,61,96,122,149,165,182,510,524,524,621,621,634,634,280,297,297,327,327,360,385,414,141,167,179,194,194,194,194,194,46,72,72],"floor_reached":56,"playtime":3902,"items_purged":["Strike_G","Strike_G","Defend_G","Strike_G","Defend_G"],"score":1703,"play_id":"eb338694-95b4-4bbb-8682-90c734048706","local_time":"20190601103832","is_ascension_mode":true,"campfire_choices":[{"data":"Footwork","floor":10,"key":"SMITH"},{"data":"Backflip","floor":15,"key":"SMITH"},{"floor":24,"key":"REST"},{"floor":32,"key":"REST"},{"floor":41,"key":"REST"},{"floor":49,"key":"RECALL"},{"floor":52,"key":"REST"}],"neow_cost":"NONE","seed_source_timestamp":78911663287683,"circlet_count":0,"master_deck":["Defend_G","Defend_G","Defend_G","Strike_G+1","Strike_G+1","Survivor","Neutralize+1","Crippling Poison","Backflip+1","Bouncing Flask","Footwork+1","Noxious Fumes","Crippling Poison","Malaise","Deadly Poison+1","Bane+1","Backflip+1","Cloak And Dagger","Footwork+1","Escape Plan+1","PiercingWail","Venomology","Deflect+1","Footwork+1","Noxious Fumes+1","Prepared+1","Prepared+1","Blur","Tactician","Footwork+1","Noxious Fumes+1"],"relics":["Ring of the Snake","NeowsBlessing","Smiling Mask","Tiny Chest","Bag of Preparation","Juzu Bracelet","Dream Catcher","Fusion Hammer","Ice Cream","Ancient Tea Set","Whetstone","Happy Flower","Dodecahedron","Old Coin","Runic Pyramid","PreservedInsect","Gambling Chip","Strawberry","Centennial Puzzle","Lantern","MawBank","TwistedFunnel","Snake Skull","Blue Candle"],"potions_floor_usage":[16,16,23,23,28,30,30,40,44,47,50,50,54,55,55,55],"damage_taken":[{"damage":0,"enemies":"Cultist","floor":1,"turns":1},{"damage":0,"enemies":"Gremlin Nob","floor":6,"turns":1},{"damage":0,"enemies":"3 Sentries","floor":8,"turns":1},{"damage":0,"enemies":"Jaw Worm","floor":11,"turns":4},{"damage":0,"enemies":"2 Louse","floor":12,"turns":3},{"damage":0,"enemies":"Blue Slaver","floor":13,"turns":4},{"damage":16,"enemies":"3 Louse","floor":14,"turns":3},{"damage":0,"enemies":"Hexaghost","floor":16,"turns":9},{"damage":0,"enemies":"Chosen","floor":18,"turns":5},{"damage":20,"enemies":"2 Thieves","floor":22,"turns":4},{"damage":3,"enemies":"Slavers","floor":23,"turns":5},{"damage":17,"enemies":"Gremlin Leader","floor":25,"turns":5},{"damage":22,"enemies":"Book of Stabbing","floor":27,"turns":6},{"damage":0,"enemies":"Sentry and Sphere","floor":28,"turns":5},{"damage":6,"enemies":"Snake Plant","floor":29,"turns":4},{"damage":32,"enemies":"Slavers","floor":30,"turns":6},{"damage":0,"enemies":"Snecko","floor":31,"turns":4},{"damage":14,"enemies":"Collector","floor":33,"turns":9},{"damage":8,"enemies":"3 Shapes","floor":35,"turns":4},{"damage":2,"enemies":"3 Darklings","floor":38,"turns":5},{"damage":39,"enemies":"Reptomancer","floor":40,"turns":6},{"damage":0,"enemies":"Giant Head","floor":42,"turns":8},{"damage":3,"enemies":"Nemesis","floor":44,"turns":7},{"damage":0,"enemies":"Jaw Worm Horde","floor":47,"turns":4},{"damage":18,"enemies":"Maw","floor":48,"turns":7},{"damage":20,"enemies":"Awakened One","floor":50,"turns":16},{"damage":23,"enemies":"Shield and Spear","floor":54,"turns":5},{"damage":55,"enemies":"The Heart","floor":55,"turns":11}],"seed_played":"-3957560305517713201","potions_obtained":[{"floor":8,"key":"GamblersBrew"},{"floor":13,"key":"Energy Potion"},{"floor":14,"key":"AttackPotion"},{"floor":16,"key":"Energy Potion"},{"floor":18,"key":"EssenceOfSteel"},{"floor":25,"key":"AttackPotion"},{"floor":27,"key":"Block Potion"},{"floor":31,"key":"SpeedPotion"},{"floor":35,"key":"AttackPotion"},{"floor":54,"key":"Regen Potion"}],"is_trial":false,"path_per_floor":["M","T","$","?","T","E","$","E","T","R","M","M","M","M","R","B",null,"M","?","$","?","M","E","R","E","T","E","M","M","E","M","R","B",null,"M","T","$","M","?","E","R","E","T","E","$","T","M","M","R","B",null,"R","$","E","B",null],"character_chosen":"THE_SILENT","items_purchased":["Backflip","Footwork","Envenom","Gambling Chip","TwistedFunnel","Blur","Snake Skull"],"campfire_rested":4,"item_purchase_floors":[3,7,20,37,45,45,53],"current_hp_per_floor":[70,70,70,70,70,70,70,70,70,70,70,70,70,54,54,54,70,70,70,70,80,60,57,80,63,63,41,41,35,3,3,27,13,80,72,72,72,70,70,38,64,64,64,61,61,61,61,43,43,23,87,87,87,64,24],"gold":72,"neow_bonus":"THREE_ENEMY_KILL","is_prod":false,"is_daily":false,"chose_seed":false,"campfire_upgraded":2,"win_rate":0,"timestamp":1559399912,"path_taken":["M","?","$","?","?","E","?","E","T","R","M","M","M","M","R","BOSS","M","?","$","?","M","E","R","E","T","E","M","M","E","M","R","BOSS","M","?","$","M","?","E","R","E","T","E","$","?","M","M","R","BOSS","R","$","E","BOSS"],"build_version":"2019-01-23","purchased_purges":5,"victory":true,"max_hp_per_floor":[70,70,70,70,70,70,70,70,70,70,70,70,70,70,70,70,70,70,70,70,80,80,80,80,80,80,80,80,80,80,80,80,80,80,80,80,80,80,80,87,87,87,87,87,87,87,87,87,87,87,87,87,87,87,87],"card_choices":[{"not_picked":["Cloak And Dagger","Well Laid Plans"],"picked":"Crippling Poison","floor":1},{"not_picked":["Acrobatics","Well Laid Plans"],"picked":"Bouncing Flask","floor":6},{"not_picked":["All Out Attack","Deadly Poison"],"picked":"Glass Knife","floor":8},{"not_picked":["Riddle With Holes","Poisoned Stab","Endless Agony"],"picked":"SKIP","floor":11},{"not_picked":["Expertise","Reflex","Blade Dance"],"picked":"SKIP","floor":12},{"not_picked":["PiercingWail","Crippling Poison"],"picked":"Noxious Fumes","floor":13},{"not_picked":["Calculated Gamble","Quick Slash"],"picked":"Crippling Poison","floor":14},{"not_picked":["Grand Finale","Doppelganger"],"picked":"Malaise","floor":16},{"not_picked":["Slice","Outmaneuver+1"],"picked":"Deadly Poison+1","floor":18},{"not_picked":["Flying Knee","Flechettes"],"picked":"Bane+1","floor":22},{"not_picked":["Caltrops","Acrobatics"],"picked":"Backflip+1","floor":23},{"not_picked":["Calculated Gamble","Dagger Throw+1"],"picked":"Cloak And Dagger","floor":24},{"not_picked":["Bullet Time","Masterful Stab+1"],"picked":"Footwork+1","floor":25},{"not_picked":["After Image","Leg Sweep","Masterful Stab"],"picked":"SKIP","floor":27},{"not_picked":["Outmaneuver","Caltrops","Acrobatics+1"],"picked":"SKIP","floor":28},{"not_picked":["Acrobatics","Flying Knee"],"picked":"Escape Plan+1","floor":29},{"not_picked":["Deadly Poison+1","Poisoned Stab","Acrobatics"],"picked":"SKIP","floor":30},{"not_picked":["Slice","Cloak And Dagger","Quick Slash"],"picked":"SKIP","floor":31},{"not_picked":["Outmaneuver","Dagger Throw+1"],"picked":"PiercingWail","floor":32},{"not_picked":["Night Terror","Doppelganger"],"picked":"Venomology","floor":33},{"not_picked":["Dagger Throw","Well Laid Plans"],"picked":"Deflect+1","floor":35},{"not_picked":["Sucker Punch","Choke"],"picked":"Footwork+1","floor":38},{"not_picked":["Terror+1","Crippling Poison"],"picked":"Noxious Fumes+1","floor":40},{"not_picked":["Deadly Poison","Poisoned Stab"],"picked":"Prepared+1","floor":41},{"not_picked":["Predator+1","Dagger Spray+1","Expertise+1"],"picked":"SKIP","floor":42},{"not_picked":["Riddle With Holes","Bane"],"picked":"Prepared+1","floor":44},{"not_picked":["Calculated Gamble+1","Deadly Poison"],"picked":"Tactician","floor":47},{"not_picked":["Slice","Quick Slash","Heel Hook+1"],"picked":"SKIP","floor":48},{"not_picked":["Accuracy+1","Prepared"],"picked":"Footwork+1","floor":52},{"not_picked":["Blur+1","Adrenaline"],"picked":"Noxious Fumes+1","floor":54}],"player_experience":339447,"relics_obtained":[{"floor":2,"key":"Smiling Mask"},{"floor":5,"key":"Tiny Chest"},{"floor":6,"key":"Bag of Preparation"},{"floor":8,"key":"Juzu Bracelet"},{"floor":9,"key":"Dream Catcher"},{"floor":23,"key":"Ancient Tea Set"},{"floor":25,"key":"Whetstone"},{"floor":26,"key":"Happy Flower"},{"floor":27,"key":"Dodecahedron"},{"floor":30,"key":"Old Coin"},{"floor":36,"key":"PreservedInsect"},{"floor":40,"key":"Strawberry"},{"floor":42,"key":"Centennial Puzzle"},{"floor":43,"key":"Lantern"},{"floor":44,"key":"MawBank"},{"floor":54,"key":"Blue Candle"}],"event_choices":[{"damage_healed":0,"gold_gain":0,"player_choice":"Grow","damage_taken":0,"max_hp_gain":0,"max_hp_loss":0,"event_name":"Living Wall","floor":4,"gold_loss":0,"cards_upgraded":["Neutralize"]},{"damage_healed":0,"gold_gain":0,"player_choice":"Opened","damage_taken":0,"relics_obtained":["Ice Cream"],"max_hp_gain":0,"max_hp_loss":0,"event_name":"The Mausoleum","floor":19,"gold_loss":0},{"cards_removed":["Envenom"],"damage_healed":0,"gold_gain":0,"player_choice":"Offered Rare","damage_taken":0,"max_hp_gain":10,"max_hp_loss":0,"event_name":"Bonfire Elementals","floor":21,"gold_loss":0},{"cards_removed":["Glass Knife"],"damage_healed":0,"gold_gain":0,"player_choice":"Purged","damage_taken":0,"max_hp_gain":0,"max_hp_loss":0,"event_name":"Purifier","floor":39,"gold_loss":0}],"is_beta":false,"boss_relics":[{"not_picked":["WristBlade","Orrery"],"picked":"Fusion Hammer"},{"not_picked":["Runic Dome","Tiny House"],"picked":"Runic Pyramid"}],"items_purged_floors":[3,7,20,37,45],"is_endless":false,"potions_floor_spawned":[8,13,14,16,18,25,27,31,35,38,44,54],"ascension_level":4}