{"gold_per_floor":[116,116,135,135,160,160,178,328,328,328,109,145,160,160,160,256,256,270,49,63,86,3,3,3,3],"floor_reached":25,"playtime":1042,"items_purged":["Doubt"],"score":402,"play_id":"de74cd56-314c-411a-b519-0b2a1e1d2ae9","local_time":"20181118205544","is_ascension_mode":true,"campfire_choices":[{"data":"Bash","floor":6,"key":"SMITH"},{"data":"Body Slam","floor":10,"key":"SMITH"},{"data":"Feel No Pain","floor":15,"key":"SMITH"},{"data":"Evolve","floor":23,"key":"SMITH"}],"neow_cost":"NONE","seed_source_timestamp":377435233069884,"circlet_count":0,"master_deck":["AscendersBane","Strike_R","Strike_R","Strike_R","Strike_R","Defend_R","Defend_R","Defend_R","Defend_R","Bash+1","Feel No Pain+1","Shrug It Off","Evolve+1","Body Slam+1","Shrug It Off","Blind","Reaper","Reckless Charge","Heavy Blade","Immolate","Sword Boomerang+1","Spot Weakness+1","Warcry","Feel No Pain"],"relics":["Burning Blood","Golden Idol","Meat on the Bone","Orichalcum","Mark of Pain","OrangePellets"],"potions_floor_usage":[5,7,16,25],"damage_taken":[{"damage":3,"enemies":"2 Louse","floor":1,"turns":3},{"damage":9,"enemies":"Jaw Worm","floor":3,"turns":4},{"damage":20,"enemies":"Cultist","floor":5,"turns":6},{"damage":8,"enemies":"Blue Slaver","floor":7,"turns":5},{"damage":10,"enemies":"3 Sentries","floor":12,"turns":10},{"damage":7,"enemies":"Looter","floor":13,"turns":4},{"damage":45,"enemies":"The Guardian","floor":16,"turns":19},{"damage":13,"enemies":"Chosen","floor":18,"turns":5},{"damage":35,"enemies":"Spheric Guardian","floor":20,"turns":6},{"damage":18,"enemies":"Snake Plant","floor":21,"turns":2},{"damage":57,"enemies":"Slavers","floor":25,"turns":3}],"seed_played":"1312301643453141723","potions_obtained":[{"floor":3,"key":"PowerPotion"},{"floor":5,"key":"Fire Potion"},{"floor":12,"key":"FearPotion"},{"floor":18,"key":"BloodPotion"}],"is_trial":false,"path_per_floor":["M","?","M","T","M","R","M","?","T","R","$","E","M","?","R","B",null,"M","$","M","M","$","R","?","E"],"character_chosen":"IRONCLAD","items_purchased":["Shrug It Off","Blind","OrangePellets","Feel No Pain"],"campfire_rested":0,"item_purchase_floors":[11,11,19,22],"current_hp_per_floor":[78,74,71,71,57,57,55,55,55,55,55,51,50,50,50,27,62,59,59,42,42,42,42,42,0],"gold":3,"neow_bonus":"TEN_PERCENT_HP_BONUS","is_prod":false,"is_daily":false,"chose_seed":false,"campfire_upgraded":4,"win_rate":0,"timestamp":1542592544,"path_taken":["M","?","M","?","M","R","M","?","T","R","$","E","?","?","R","BOSS","M","$","M","M","?","R","?","E"],"build_version":"2018-11-15","purchased_purges":1,"victory":false,"max_hp_per_floor":[82,74,74,74,74,74,74,74,74,74,74,74,74,74,74,74,74,74,74,74,74,74,74,74,74],"card_choices":[{"not_picked":["Thunderclap","Carnage"],"picked":"Feel No Pain","floor":1},{"not_picked":["Anger","Havoc"],"picked":"Shrug It Off","floor":3},{"not_picked":["Bloodletting","Headbutt"],"picked":"Evolve","floor":5},{"not_picked":["Cleave","Evolve"],"picked":"Body Slam","floor":7},{"not_picked":["Perfected Strike","Clothesline"],"picked":"Reaper","floor":12},{"not_picked":["Twin Strike","Rage"],"picked":"Reckless Charge","floor":13},{"not_picked":["Bludgeon","Barricade"],"picked":"Immolate","floor":16},{"not_picked":["Pommel Strike","Combust"],"picked":"Sword Boomerang+1","floor":18},{"not_picked":["Flex","True Grit"],"picked":"Spot Weakness+1","floor":20},{"not_picked":["Pummel","Clash"],"picked":"Warcry","floor":21}],"player_experience":1102537,"relics_obtained":[{"floor":4,"key":"Meat on the Bone"},{"floor":12,"key":"Orichalcum"}],"event_choices":[{"damage_healed":0,"gold_gain":0,"player_choice":"Lose Max HP","damage_taken":0,"relics_obtained":["Golden Idol"],"max_hp_gain":0,"max_hp_loss":8,"event_name":"Golden Idol","floor":2,"gold_loss":0},{"damage_healed":0,"gold_gain":150,"player_choice":"AGREE","damage_taken":0,"max_hp_gain":0,"max_hp_loss":0,"event_name":"Liars Game","floor":8,"gold_loss":0,"cards_obtained":["Doubt"]},{"damage_healed":0,"gold_gain":0,"cards_transformed":["Strike_R"],"player_choice":"Transformed","damage_taken":0,"max_hp_gain":0,"max_hp_loss":0,"event_name":"Transmorgrifier","floor":14,"gold_loss":0,"cards_obtained":["Heavy Blade"]},{"damage_healed":0,"gold_gain":0,"player_choice":"Ignored","damage_taken":0,"max_hp_gain":0,"max_hp_loss":0,"event_name":"The Mausoleum","floor":24,"gold_loss":0}],"is_beta":false,"boss_relics":[{"not_picked":["Runic Pyramid","Ectoplasm"],"picked":"Mark of Pain"}],"items_purged_floors":[11],"is_endless":false,"potions_floor_spawned":[3,5,12,18],"killed_by":"Slavers","ascension_level":20}