{"gold_per_floor":[110,260,260,14,79,114,175,150,150,168,185,3,3,21,21,96,96,107,126,176,196,68,68,93,93,144,178,18,68,118],"floor_reached":30,"playtime":1112,"items_purged":["Doubt","Strike_B"],"score":636,"play_id":"9a1db340-077c-4593-907f-255e6dae6060","local_time":"20181201220422","is_ascension_mode":true,"campfire_choices":[{"data":"Zap","floor":13,"key":"SMITH"},{"data":"Defragment","floor":15,"key":"SMITH"},{"data":"Defragment","floor":23,"key":"SMITH"},{"data":"Biased Cognition","floor":25,"key":"SMITH"}],"neow_cost":"NONE","seed_source_timestamp":550481406699353,"circlet_count":0,"master_deck":["AscendersBane","Strike_B","Strike_B","Defend_B","Defend_B","Defend_B","Defend_B","Zap+1","Dualcast","Cold Snap","Static Discharge","Auto Shields","Rainbow","Ball Lightning+1","Electrodynamics","Ball Lightning+1","Defragment+1","Core Surge","Compile Driver","Coolheaded","Defragment+1","Defragment+1","Biased Cognition+1","Hologram+1"],"relics":["Cracked Core","Regal Pillow","SsserpentHead","Happy Flower","FossilizedHelix","Thread and Needle","Velvet Choker","Symbiotic Virus","Whetstone","Anchor","Omamori","Enchiridion"],"potions_floor_usage":[6,10,24],"damage_taken":[{"damage":4,"enemies":"Jaw Worm","floor":1,"turns":4},{"damage":0,"enemies":"2 Louse","floor":5,"turns":3},{"damage":21,"enemies":"Gremlin Nob","floor":6,"turns":4},{"damage":0,"enemies":"Cultist","floor":7,"turns":4},{"damage":4,"enemies":"Gremlin Gang","floor":10,"turns":5},{"damage":0,"enemies":"Blue Slaver","floor":11,"turns":4},{"damage":0,"enemies":"Exordium Thugs","floor":14,"turns":3},{"damage":0,"enemies":"Hexaghost","floor":16,"turns":7},{"damage":11,"enemies":"2 Thieves","floor":18,"turns":3},{"damage":7,"enemies":"Shell Parasite","floor":19,"turns":4},{"damage":0,"enemies":"Snecko","floor":21,"turns":5},{"damage":9,"enemies":"Slavers","floor":24,"turns":3},{"damage":11,"enemies":"Book of Stabbing","floor":27,"turns":4},{"damage":11,"enemies":"Sentry and Sphere","floor":30,"turns":2}],"seed_played":"-6683200427909674017","potions_obtained":[{"floor":5,"key":"EssenceOfSteel"},{"floor":6,"key":"SteroidPotion"},{"floor":7,"key":"GamblersBrew"},{"floor":11,"key":"SkillPotion"},{"floor":21,"key":"Swift Potion"}],"is_trial":false,"path_per_floor":["M","?","?","$","M","E","M","?","T","M","M","$","R","M","R","B",null,"M","M","?","M","$","R","E","R","T","E","$","?","M"],"character_chosen":"DEFECT","items_purchased":["Happy Flower","Electrodynamics","Ball Lightning","Defragment","Omamori"],"campfire_rested":0,"item_purchase_floors":[4,12,12,22,28],"current_hp_per_floor":[60,60,60,60,60,39,39,39,39,35,35,35,35,35,35,35,62,51,44,44,44,44,44,35,35,35,24,24,3,0],"gold":118,"neow_bonus":"RANDOM_COMMON_RELIC","is_prod":false,"is_daily":false,"chose_seed":false,"campfire_upgraded":4,"win_rate":0,"timestamp":1543719862,"path_taken":["M","?","?","$","?","E","?","?","T","M","M","$","R","M","R","BOSS","M","M","?","M","?","R","E","R","T","E","$","?","?"],"build_version":"2018-11-15","purchased_purges":2,"victory":false,"max_hp_per_floor":[71,71,71,71,71,71,71,71,71,71,71,71,71,71,71,71,71,71,71,71,71,71,71,71,71,71,71,71,71,71],"card_choices":[{"not_picked":["Sweeping Beam","Auto Shields"],"picked":"Cold Snap","floor":1},{"not_picked":["Chill","Beam Cell"],"picked":"Static Discharge","floor":5},{"not_picked":["Turbo","Leap"],"picked":"Auto Shields","floor":6},{"not_picked":["Melter","Sweeping Beam"],"picked":"Rainbow","floor":7},{"not_picked":["Streamline","Rebound","Gash"],"picked":"SKIP","floor":10},{"not_picked":["Streamline","Steam"],"picked":"Ball Lightning","floor":11},{"not_picked":["Steam","Streamline"],"picked":"Defragment","floor":14},{"not_picked":["Electrodynamics","Fission"],"picked":"Core Surge","floor":16},{"not_picked":["Go for the Eyes","Sweeping Beam"],"picked":"Compile Driver","floor":18},{"not_picked":["Ball Lightning","Barrage"],"picked":"Coolheaded","floor":19},{"not_picked":["Leap","Steam","Gash+1"],"picked":"SKIP","floor":21},{"not_picked":["Hello World","Beam Cell"],"picked":"Biased Cognition","floor":24},{"not_picked":["Steam","Compile Driver"],"picked":"Hologram+1","floor":27}],"player_experience":1217956,"relics_obtained":[{"floor":6,"key":"FossilizedHelix"},{"floor":9,"key":"Thread and Needle"},{"floor":24,"key":"Symbiotic Virus"},{"floor":26,"key":"Whetstone"},{"floor":27,"key":"Anchor"},{"floor":29,"key":"Enchiridion"}],"event_choices":[{"damage_healed":0,"gold_gain":150,"player_choice":"AGREE","damage_taken":0,"max_hp_gain":0,"max_hp_loss":0,"event_name":"Liars Game","floor":2,"gold_loss":0,"cards_obtained":["Doubt"]},{"damage_healed":0,"gold_gain":0,"player_choice":"Trade","damage_taken":0,"relics_obtained":["SsserpentHead"],"max_hp_gain":0,"max_hp_loss":0,"event_name":"FaceTrader","floor":3,"gold_loss":0},{"cards_removed":["Strike_B"],"damage_healed":0,"gold_gain":0,"player_choice":"Card Removal","damage_taken":0,"max_hp_gain":0,"max_hp_loss":0,"event_name":"The Cleric","floor":8,"gold_loss":75},{"damage_healed":0,"gold_gain":0,"player_choice":"Copied","damage_taken":0,"max_hp_gain":0,"max_hp_loss":0,"event_name":"Duplicator","floor":20,"gold_loss":0,"cards_obtained":["Defragment"]},{"damage_healed":0,"gold_gain":0,"player_choice":"Obtained Book","damage_taken":21,"max_hp_gain":0,"max_hp_loss":0,"event_name":"Cursed Tome","floor":29,"gold_loss":0}],"is_beta":false,"boss_relics":[{"not_picked":["Tiny House","Sozu"],"picked":"Velvet Choker"}],"items_purged_floors":[4,22],"is_endless":false,"potions_floor_spawned":[5,6,7,11,21],"killed_by":"Sentry and Sphere","ascension_level":20}