{"gold_per_floor":[113,125,125,141,164,164,197,220,220,259,284,284,42,62,62,62],"floor_reached":16,"playtime":605,"items_purged":["Parasite"],"score":228,"play_id":"53f011f9-c907-4904-a954-9cd4f5299212","local_time":"20190119154455","is_ascension_mode":true,"campfire_choices":[{"data":"Zap","floor":6,"key":"SMITH"},{"data":"Electrodynamics","floor":15,"key":"SMITH"}],"neow_cost":"NONE","seed_source_timestamp":14585106660122,"circlet_count":0,"master_deck":["AscendersBane","Strike_B","Strike_B","Strike_B","Strike_B","Defend_B","Defend_B","Defend_B","Defend_B","Zap+1","Dualcast","Hyperbeam+1","Glacier","Coolheaded","Ball Lightning+1","Genetic Algorithm","Electrodynamics+1","Chill","Glacier","Compile Driver","Conserve Battery"],"relics":["Cracked Core","Golden Idol","PreservedInsect","Kunai","Sundial","Whetstone"],"potions_floor_usage":[7,7],"damage_taken":[{"damage":0,"enemies":"Small Slimes","floor":1,"turns":2},{"damage":0,"enemies":"Jaw Worm","floor":2,"turns":3},{"damage":0,"enemies":"Cultist","floor":4,"turns":4},{"damage":1,"enemies":"Blue Slaver","floor":5,"turns":4},{"damage":18,"enemies":"3 Sentries","floor":7,"turns":6},{"damage":7,"enemies":"3 Louse","floor":8,"turns":2},{"damage":11,"enemies":"Lagavulin","floor":10,"turns":9},{"damage":0,"enemies":"Looter","floor":11,"turns":3},{"damage":7,"enemies":"Exordium Wildlife","floor":14,"turns":3},{"damage":23,"enemies":"Slime Boss","floor":16,"turns":6}],"seed_played":"-5718714877093208527","potions_obtained":[{"floor":1,"key":"Strength Potion"},{"floor":4,"key":"Block Potion"},{"floor":10,"key":"Ancient Potion"},{"floor":11,"key":"FairyPotion"},{"floor":14,"key":"GamblersBrew"}],"is_trial":false,"path_per_floor":["M","M","?","M","M","R","E","M","T","E","M","?","$","M","R","B"],"character_chosen":"DEFECT","items_purchased":["Whetstone"],"campfire_rested":0,"item_purchase_floors":[13],"current_hp_per_floor":[64,64,40,40,39,39,21,14,14,3,3,20,20,13,13,0],"gold":62,"neow_bonus":"ONE_RANDOM_RARE_CARD","is_prod":false,"is_daily":false,"chose_seed":false,"campfire_upgraded":2,"win_rate":0,"timestamp":1547930695,"path_taken":["M","M","?","M","M","R","E","M","T","E","M","?","$","M","R","BOSS"],"build_version":"2019-01-17v2","purchased_purges":1,"victory":false,"max_hp_per_floor":[71,71,71,71,71,71,71,71,71,71,71,71,68,68,68,68],"card_choices":[{"not_picked":["Scrape","Genetic Algorithm"],"picked":"Glacier","floor":1},{"not_picked":["Conserve Battery","Gash"],"picked":"Coolheaded","floor":2},{"not_picked":["Stack","Redo"],"picked":"Ball Lightning","floor":4},{"not_picked":["Beam Cell","Heatsinks"],"picked":"Genetic Algorithm","floor":5},{"not_picked":["Rebound","Coolheaded"],"picked":"Electrodynamics","floor":7},{"not_picked":["Capacitor","Go for the Eyes"],"picked":"Chill","floor":8},{"not_picked":["Loop","Chaos"],"picked":"Glacier","floor":10},{"not_picked":["Beam Cell","Streamline"],"picked":"Compile Driver","floor":11},{"not_picked":["Barrage","Steam"],"picked":"Conserve Battery","floor":14}],"player_experience":1336476,"relics_obtained":[{"floor":7,"key":"PreservedInsect"},{"floor":9,"key":"Kunai"},{"floor":10,"key":"Sundial"}],"event_choices":[{"damage_healed":0,"gold_gain":0,"player_choice":"Take Damage","damage_taken":24,"relics_obtained":["Golden Idol"],"max_hp_gain":0,"max_hp_loss":0,"event_name":"Golden Idol","floor":3,"gold_loss":0},{"damage_healed":17,"gold_gain":0,"player_choice":"Healed and dodged fight","damage_taken":0,"max_hp_gain":0,"max_hp_loss":0,"event_name":"Mushrooms","floor":12,"gold_loss":0,"cards_obtained":["Parasite"]}],"is_beta":false,"boss_relics":[],"items_purged_floors":[13],"is_endless":false,"potions_floor_spawned":[1,4,10,11,14],"killed_by":"Slime Boss","ascension_level":20}