{"gold_per_floor":[114,131,146,146,13,13,32,32,59,73,73,91,104,137,137,237,237,247,262,187,187,187,187,216,216,216,216,235,266,24,41,41,144,144,163,183,133,133,0,0,0,14,14,33,47,67,67,67,67,67],"floor_reached":51,"playtime":4425,"items_purged":["Injury","Strike_G"],"score":739,"play_id":"5e1a0e17-8821-463c-9420-f9f880a58229","local_time":"20180625085339","is_ascension_mode":false,"campfire_choices":[{"data":"Footwork","floor":6,"key":"SMITH"},{"data":"Acrobatics","floor":8,"key":"SMITH"},{"data":"Reflex","floor":11,"key":"SMITH"},{"data":"Terror","floor":15,"key":"SMITH"},{"data":"Prepared","floor":23,"key":"SMITH"},{"data":"Flechettes","floor":25,"key":"SMITH"},{"data":"After Image","floor":27,"key":"SMITH"},{"data":"Apotheosis","floor":32,"key":"SMITH"},{"data":"Backflip","floor":40,"key":"SMITH"},{"data":"Backstab","floor":47,"key":"SMITH"},{"data":"Backstab","floor":49,"key":"SMITH"}],"neow_cost":"NONE","seed_source_timestamp":637769157583391,"circlet_count":0,"master_deck":["Defend_G","Defend_G","Defend_G","Defend_G","Defend_G","Strike_G","Strike_G","Strike_G","Survivor","Neutralize","Terror+1","Backstab+1","Deflect","Reflex+1","Acrobatics+1","Dagger Throw","Footwork+1","Dagger Throw","Backflip+1","Die Die Die","Flying Knee","Dash","After Image+1","Prepared+1","Backstab+1","Acrobatics+1","Flechettes+1","Apotheosis+1","Underhanded Strike+1","Phantasmal Killer+1","Escape Plan+1","Backstab+1","Flying Knee+1"],"relics":["Orrery","Oddly Smooth Stone","Anchor","Smiling Mask","Cursed Key","Bird Faced Urn","Molten Egg 2","Pen Nib","Busted Crown","Red Mask"],"potions_floor_usage":[16,24,29,33,33,50,50,50],"damage_taken":[{"damage":0,"enemies":"Cultist","floor":1,"turns":2},{"damage":0,"enemies":"Jaw Worm","floor":2,"turns":2},{"damage":0,"enemies":"2 Louse","floor":3,"turns":2},{"damage":6,"enemies":"Blue Slaver","floor":7,"turns":3},{"damage":0,"enemies":"2 Fungi Beasts","floor":10,"turns":4},{"damage":0,"enemies":"Looter","floor":12,"turns":2},{"damage":0,"enemies":"Large Slime","floor":13,"turns":7},{"damage":0,"enemies":"3 Sentries","floor":14,"turns":6},{"damage":13,"enemies":"Slime Boss","floor":16,"turns":12},{"damage":0,"enemies":"2 Thieves","floor":18,"turns":4},{"damage":0,"enemies":"Shell Parasite","floor":19,"turns":6},{"damage":18,"enemies":"Slavers","floor":24,"turns":5},{"damage":0,"enemies":"Chosen and Byrds","floor":28,"turns":5},{"damage":0,"enemies":"Book of Stabbing","floor":29,"turns":6},{"damage":14,"enemies":"Slaver and Parasite","floor":31,"turns":5},{"damage":0,"enemies":"Automaton","floor":33,"turns":9},{"damage":0,"enemies":"3 Shapes","floor":35,"turns":4},{"damage":0,"enemies":"Orb Walker","floor":36,"turns":3},{"damage":8,"enemies":"4 Shapes","floor":42,"turns":5},{"damage":6,"enemies":"Sphere and 2 Shapes","floor":44,"turns":5},{"damage":0,"enemies":"Maw","floor":45,"turns":6},{"damage":2,"enemies":"4 Shapes","floor":46,"turns":5},{"damage":60,"enemies":"Donu and Deca","floor":50,"turns":16}],"seed_played":"9201747399826202559","potions_obtained":[{"floor":1,"key":"Poison Potion"},{"floor":3,"key":"Strength Potion"},{"floor":12,"key":"GamblersBrew"},{"floor":18,"key":"SkillPotion"},{"floor":24,"key":"Swift Potion"},{"floor":29,"key":"GhostInAJar"},{"floor":44,"key":"AttackPotion"},{"floor":45,"key":"SteroidPotion"}],"is_trial":false,"path_per_floor":["M","M","M","?","$","R","M","R","T","M","R","M","M","E","R","B",null,"M","M","?","?","?","R","E","R","T","R","M","E","$","M","R","B",null,"M","M","$","?","?","R","T","M","T","M","M","M","R","?","R","B"],"character_chosen":"THE_SILENT","items_purchased":["Footwork","Dexterity Potion","Apotheosis"],"campfire_rested":0,"item_purchase_floors":[5,5,30],"current_hp_per_floor":[70,70,70,52,52,52,46,46,46,46,46,46,46,46,46,33,70,70,70,70,70,70,70,52,52,52,52,56,60,60,50,50,54,70,70,70,70,70,70,70,70,62,62,60,64,66,66,66,66,10],"gold":67,"neow_bonus":"BOSS_RELIC","is_prod":false,"is_daily":false,"chose_seed":false,"campfire_upgraded":11,"win_rate":0,"timestamp":1529931219,"path_taken":["M","M","M","?","$","R","M","R","T","M","R","M","M","E","R","BOSS","M","M","?","?","?","R","E","R","T","R","M","E","$","M","R","BOSS","M","M","$","?","?","R","?","M","T","M","M","M","R","?","R","BOSS"],"build_version":"2018-06-21v2","purchased_purges":2,"victory":true,"max_hp_per_floor":[70,70,70,70,70,70,70,70,70,70,70,70,70,70,70,70,70,70,70,70,70,70,70,70,70,70,70,70,70,70,70,70,70,70,70,70,70,70,70,70,70,70,70,70,70,70,70,70,70,70],"card_choices":[{"not_picked":["Prepared","Predator"],"picked":"Terror","floor":0},{"not_picked":["Heel Hook","Leg Sweep"],"picked":"Flying Knee","floor":0},{"not_picked":["Deflect","Slice"],"picked":"Backstab","floor":0},{"not_picked":["Sucker Punch","Dodge and Roll"],"picked":"Deflect","floor":0},{"not_picked":["Masterful Stab","Dagger Spray"],"picked":"Reflex","floor":0},{"not_picked":["Underhanded Strike","Calculated Gamble"],"picked":"Acrobatics","floor":1},{"not_picked":["Deadly Poison","Bouncing Flask","Reflex"],"picked":"SKIP","floor":2},{"not_picked":["Crippling Poison","Glass Knife"],"picked":"Dagger Throw","floor":3},{"not_picked":["Slice","Malaise"],"picked":"Dagger Throw","floor":7},{"not_picked":["Outmaneuver","Well Laid Plans"],"picked":"Backflip","floor":10},{"not_picked":["Outmaneuver","Bane"],"picked":"Die Die Die","floor":12},{"not_picked":["Prepared","Finisher"],"picked":"Flying Knee","floor":13},{"not_picked":["Choke","Leg Sweep"],"picked":"Dash","floor":14},{"not_picked":["Doppelganger","Glass Knife"],"picked":"After Image","floor":16},{"not_picked":["Outmaneuver","Skewer","Endless Agony+1"],"picked":"SKIP","floor":18},{"not_picked":["Acrobatics","Quick Slash"],"picked":"Prepared","floor":19},{"not_picked":["Caltrops","Blade Dance+1"],"picked":"Flechettes","floor":24},{"not_picked":["Malaise+1","PiercingWail","Envenom"],"picked":"SKIP","floor":28},{"not_picked":["Bouncing Flask","Deadly Poison","Corpse Explosion+1"],"picked":"SKIP","floor":29},{"not_picked":["Flying Knee+1","Acrobatics"],"picked":"Underhanded Strike+1","floor":31},{"not_picked":["Die Die Die+1","Unload+1"],"picked":"Phantasmal Killer","floor":33},{"not_picked":["Leg Sweep"],"picked":"SKIP","floor":35},{"not_picked":[],"picked":"Escape Plan+1","floor":36},{"not_picked":[],"picked":"Backstab+1","floor":42},{"not_picked":[],"picked":"Flying Knee+1","floor":44},{"not_picked":["Well Laid Plans+1"],"picked":"SKIP","floor":45},{"not_picked":["Prepared"],"picked":"SKIP","floor":46}],"player_experience":38482,"relics_obtained":[{"floor":9,"key":"Anchor"},{"floor":14,"key":"Smiling Mask"},{"floor":24,"key":"Bird Faced Urn"},{"floor":26,"key":"Molten Egg 2"},{"floor":29,"key":"Pen Nib"}],"event_choices":[{"event_name":"Scrap Ooze","player_choice":"success","floor":4,"damage_taken":18},{"event_name":"Beggar","player_choice":"Gave Gold","floor":20,"damage_taken":0},{"event_name":"The Library","player_choice":"Read","floor":21,"damage_taken":0},{"event_name":"Duplicator","player_choice":"One dupe","floor":22,"damage_taken":0},{"event_name":"Upgrade Shrine","player_choice":"Upgraded","floor":38,"damage_taken":0},{"event_name":"Tomb of Lord Red Mask","player_choice":"Paid","floor":39,"damage_taken":0},{"event_name":"Falling","player_choice":"Removed Attack","floor":48,"damage_taken":0}],"boss_relics":[{"not_picked":["Astrolabe","Philosopher\u0027s Stone"],"picked":"Cursed Key"},{"not_picked":["Calling Bell","Runic Dome"],"picked":"Busted Crown"}],"items_purged_floors":[30,37],"is_endless":false,"potions_floor_spawned":[1,3,12,13,18,24,28,29,44,45,46],"ascension_level":0}