{"gold_per_floor":[419,439,58,71,71,71,89,121,166,166,186,213,213,232,232,304,304,320,58,68,68,338,338],"floor_reached":23,"playtime":967,"items_purged":[],"score":421,"play_id":"921410b0-6908-410e-9cf6-0286eb36af50","local_time":"20190720151345","is_ascension_mode":true,"campfire_choices":[{"data":"Neutralize","floor":6,"key":"SMITH"},{"data":"Footwork","floor":10,"key":"SMITH"},{"data":"Deadly Poison","floor":15,"key":"SMITH"}],"neow_cost":"TEN_PERCENT_HP_LOSS","seed_source_timestamp":240396756206313,"circlet_count":0,"master_deck":["AscendersBane","Defend_G","Defend_G","Defend_G","Defend_G","Defend_G","Survivor","Neutralize+1","Quick Slash","Dash","Die Die Die","Distraction","Footwork+1","Deadly Poison+1","Quick Slash","Footwork","Footwork","Wraith Form v2","Bite","Bite","Bite","Bite","Bite"],"relics":["Ring of the Serpent","Old Coin","Whetstone","Potion Belt","Ninja Scroll","Art of War","Matryoshka"],"potions_floor_usage":[8,12,18,20,23,23],"damage_taken":[{"damage":2,"enemies":"Small Slimes","floor":1,"turns":3},{"damage":6,"enemies":"Cultist","floor":2,"turns":4},{"damage":4,"enemies":"Jaw Worm","floor":4,"turns":3},{"damage":0,"enemies":"Looter","floor":7,"turns":2},{"damage":12,"enemies":"Lagavulin","floor":8,"turns":7},{"damage":0,"enemies":"2 Fungi Beasts","floor":11,"turns":2},{"damage":0,"enemies":"3 Sentries","floor":12,"turns":5},{"damage":1,"enemies":"Exordium Thugs","floor":14,"turns":4},{"damage":4,"enemies":"Hexaghost","floor":16,"turns":13},{"damage":0,"enemies":"3 Byrds","floor":18,"turns":4},{"damage":7,"enemies":"Chosen","floor":20,"turns":6},{"damage":45,"enemies":"Gremlin Leader","floor":23,"turns":8}],"seed_played":"-6818483247609301699","potions_obtained":[{"floor":2,"key":"Explosive Potion"},{"floor":4,"key":"FearPotion"},{"floor":11,"key":"Block Potion"},{"floor":14,"key":"Explosive Potion"},{"floor":16,"key":"LiquidBronze"},{"floor":20,"key":"Weak Potion"}],"is_trial":false,"path_per_floor":["M","M","$","M","?","R","M","E","T","R","M","E","?","M","R","B",null,"M","$","M","?","?","E"],"character_chosen":"THE_SILENT","items_purchased":["Die Die Die","Whetstone","Potion Belt","Matryoshka"],"campfire_rested":0,"item_purchase_floors":[3,3,3,19],"current_hp_per_floor":[57,51,51,47,47,47,47,35,35,35,35,35,35,34,34,30,53,53,53,46,42,18,0],"gold":338,"neow_bonus":"ONE_RARE_RELIC","is_prod":false,"is_daily":false,"chose_seed":false,"campfire_upgraded":3,"win_rate":0,"timestamp":1563650025,"path_taken":["M","M","$","M","?","R","M","E","T","R","?","E","?","M","R","BOSS","M","$","M","?","?","E"],"build_version":"2019-07-17","purchased_purges":0,"victory":false,"max_hp_per_floor":[60,60,60,60,60,60,60,60,60,60,60,60,60,60,60,60,60,60,60,60,42,42,42],"card_choices":[{"not_picked":["Infinite Blades","Dagger Throw"],"picked":"Quick Slash","floor":1},{"not_picked":["Dodge and Roll","Quick Slash"],"picked":"Dash","floor":2},{"not_picked":["Distraction","Poisoned Stab","Reflex"],"picked":"SKIP","floor":4},{"not_picked":["Poisoned Stab","Reflex"],"picked":"Distraction","floor":4},{"not_picked":["Reflex","Poisoned Stab"],"picked":"Footwork","floor":7},{"not_picked":["Venomology","Cloak And Dagger"],"picked":"Deadly Poison","floor":8},{"not_picked":["All Out Attack","Underhanded Strike"],"picked":"Quick Slash","floor":11},{"not_picked":["Leg Sweep","Terror"],"picked":"Footwork","floor":12},{"not_picked":["Blade Dance","Eviscerate"],"picked":"Footwork","floor":14},{"not_picked":["Adrenaline","Tools of the Trade"],"picked":"Wraith Form v2","floor":16},{"not_picked":["Flechettes","Slice","Outmaneuver"],"picked":"SKIP","floor":18},{"not_picked":["Riddle With Holes+1","Bane","Slice"],"picked":"SKIP","floor":20}],"player_experience":1526006,"relics_obtained":[{"floor":8,"key":"Ninja Scroll"},{"floor":12,"key":"Art of War"}],"event_choices":[{"damage_healed":0,"gold_gain":0,"player_choice":"0 cards matched","damage_taken":0,"max_hp_gain":0,"max_hp_loss":0,"event_name":"Match and Keep!","floor":5,"gold_loss":0,"cards_obtained":[]},{"cards_removed":["Strike_G"],"damage_healed":0,"gold_gain":0,"player_choice":"Forget","damage_taken":0,"max_hp_gain":0,"max_hp_loss":0,"event_name":"Living Wall","floor":13,"gold_loss":0},{"damage_healed":0,"gold_gain":0,"player_choice":"Became a vampire","damage_taken":0,"max_hp_gain":0,"max_hp_loss":18,"event_name":"Vampires","floor":21,"gold_loss":0,"cards_obtained":["Bite","Bite","Bite","Bite","Bite"]},{"damage_healed":0,"gold_gain":270,"player_choice":"GOLD GOLD GOLD ","damage_taken":24,"max_hp_gain":0,"max_hp_loss":0,"event_name":"Knowing Skull","floor":22,"potions_obtained":[],"gold_loss":0,"cards_obtained":[]}],"is_beta":false,"boss_relics":[{"not_picked":["HoveringKite","Tiny House"],"picked":"Ring of the Serpent"}],"items_purged_floors":[],"is_endless":false,"potions_floor_spawned":[2,4,11,14,16,20],"killed_by":"Gremlin Leader","ascension_level":15}