{"gold_per_floor":[117,127,11,24,37,37,37,37,87,131,131,150,150,169,169,265,265,280,205,221,221,121,153,153,153,153,166,166,192,192,192,192,265,265,278,296,296,296,171,205,205,238,263,263,263,113,113,124,124,124,124],"floor_reached":51,"playtime":2472,"items_purged":["Strike_G","Strike_G","Blade Dance","Pain"],"score":1378,"play_id":"7631b65c-15d5-42d0-bcb8-d3b2d0090651","local_time":"20181030222846","is_ascension_mode":true,"campfire_choices":[{"data":"Neutralize","floor":6.0,"key":"SMITH"},{"data":"Bouncing Flask","floor":8.0,"key":"SMITH"},{"data":"Caltrops","floor":13.0,"key":"SMITH"},{"data":"Doppelganger","floor":15.0,"key":"SMITH"},{"floor":24.0,"key":"REST"},{"floor":28.0,"key":"REST"},{"data":"After Image","floor":32.0,"key":"SMITH"},{"data":"Mayhem","floor":41.0,"key":"SMITH"},{"data":"Malaise","floor":44.0,"key":"SMITH"},{"floor":47.0,"key":"REST"},{"data":"PiercingWail","floor":49.0,"key":"SMITH"}],"neow_cost":"NONE","seed_source_timestamp":1043228271090507,"circlet_count":0,"master_deck":["Defend_G+1","Defend_G+1","Defend_G+1","Defend_G+1","Defend_G+1","Survivor","Neutralize+1","AscendersBane","Quick Slash","Bouncing Flask+1","Predator","Deflect","Backflip","Caltrops+1","Doppelganger+1","After Image+1","Cloak And Dagger","PiercingWail+1","Flying Knee+1","Endless Agony+1","Corpse Explosion","Malaise+1","Acrobatics+1","Sucker Punch+1","Mayhem+1","Finesse","Well Laid Plans+1","Decay"],"special_seed":0,"relics":["Ring of the Snake","Bloody Idol","Juzu Bracelet","Pen Nib","Runic Dome","Ancient Tea Set","Gremlin Horn","Paper Crane","Cursed Key","Potion Belt","Whetstone","Oddly Smooth Stone","WarpedTongs"],"potions_floor_usage":[],"damage_taken":[{"damage":3.0,"enemies":"Jaw Worm","floor":1.0,"turns":4.0},{"damage":0.0,"enemies":"2 Louse","floor":2.0,"turns":3.0},{"damage":6.0,"enemies":"Small Slimes","floor":4.0,"turns":3.0},{"damage":0.0,"enemies":"3 Louse","floor":5.0,"turns":3.0},{"damage":12.0,"enemies":"Lagavulin","floor":10.0,"turns":7.0},{"damage":5.0,"enemies":"Exordium Wildlife","floor":12.0,"turns":5.0},{"damage":0.0,"enemies":"Blue Slaver","floor":14.0,"turns":4.0},{"damage":20.0,"enemies":"Hexaghost","floor":16.0,"turns":9.0},{"damage":8.0,"enemies":"Spheric Guardian","floor":18.0,"turns":3.0},{"damage":0.0,"enemies":"3 Byrds","floor":20.0,"turns":2.0},{"damage":45.0,"enemies":"Slavers","floor":23.0,"turns":7.0},{"damage":0.0,"enemies":"Colosseum Slavers","floor":25.0,"turns":5.0},{"damage":5.0,"enemies":"Shelled Parasite and Fungi","floor":27.0,"turns":5.0},{"damage":6.0,"enemies":"Gremlin Leader","floor":29.0,"turns":6.0},{"damage":40.0,"enemies":"Collector","floor":33.0,"turns":10.0},{"damage":0.0,"enemies":"3 Shapes","floor":35.0,"turns":5.0},{"damage":3.0,"enemies":"Orb Walker","floor":36.0,"turns":4.0},{"damage":16.0,"enemies":"Giant Head","floor":40.0,"turns":11.0},{"damage":26.0,"enemies":"Reptomancer","floor":42.0,"turns":8.0},{"damage":0.0,"enemies":"Sphere and 2 Shapes","floor":48.0,"turns":7.0},{"damage":45.0,"enemies":"Awakened One","floor":50.0,"turns":19.0},{"damage":45,"enemies":"Time Eater","floor":51,"turns":12}],"seed_played":"4000613781332151286","potions_obtained":[{"floor":1.0,"key":"GhostInAJar"},{"floor":5.0,"key":"SkillPotion"},{"floor":12.0,"key":"Swift Potion"},{"floor":16.0,"key":"SkillPotion"},{"floor":23.0,"key":"Swift Potion"},{"floor":27.0,"key":"SkillPotion"},{"floor":36.0,"key":"Regen Potion"},{"floor":48.0,"key":"SpeedPotion"}],"is_trial":false,"path_per_floor":["M","M","$","M","M","R","?","R","T","E","?","M","R","M","R","B",null,"M","?","M","?","$","E","R","?","T","M","R","E","?","?","R","B",null,"M","M","?","?","$","E","R","E","T","R","?","$","R","M","R","B"],"character_chosen":"THE_SILENT","items_purchased":["Predator"],"campfire_rested":3,"item_purchase_floors":[3],"current_hp_per_floor":[62,62,62,56,56,56,56,56,56,44,49,44,44,44,44,24,59,51,51,51,51,51,11,32,32,32,32,53,52,52,52,52,17,57,62,64,54,54,54,43,43,37,42,42,42,42,61,66,66,21,0],"gold":124,"neow_bonus":"TEN_PERCENT_HP_BONUS","is_prod":false,"is_daily":false,"chose_seed":false,"campfire_upgraded":8,"win_rate":0,"timestamp":1540952926,"path_taken":["M","M","$","M","M","R","?","R","T","E","?","M","R","M","R","BOSS","M","?","M","?","$","E","R","?","T","M","R","E","?","?","R","BOSS","M","M","?","?","$","E","R","E","T","R","?","$","R","M","R","BOSS","BOSS"],"build_version":"2018-10-25v2","purchased_purges":4,"victory":false,"max_hp_per_floor":[72,72,72,72,72,72,65,65,65,65,70,70,70,70,70,70,70,70,70,70,70,70,70,70,70,70,70,70,70,70,70,70,70,70,70,70,70,66,66,66,66,66,66,66,66,66,66,66,66,66,66],"card_choices":[{"not_picked":["Skewer","Concentrate"],"picked":"Quick Slash","floor":1.0},{"not_picked":["Cloak And Dagger","Acrobatics"],"picked":"Bouncing Flask","floor":2.0},{"not_picked":["Underhanded Strike","Poisoned Stab"],"picked":"Deflect","floor":4.0},{"not_picked":["Quick Slash","Blade Dance"],"picked":"Backflip","floor":5.0},{"not_picked":["Dagger Spray","Heel Hook"],"picked":"Caltrops","floor":10.0},{"not_picked":["Riddle With Holes","Bane","Outmaneuver"],"picked":"SKIP","floor":12.0},{"not_picked":["Infinite Blades","Outmaneuver"],"picked":"Doppelganger","floor":14.0},{"not_picked":["Phantasmal Killer","Adrenaline"],"picked":"After Image","floor":16.0},{"not_picked":["Setup","Terror"],"picked":"Cloak And Dagger","floor":18.0},{"not_picked":["Choke","Bouncing Flask"],"picked":"PiercingWail","floor":20.0},{"not_picked":["Blade Dance","Bane"],"picked":"Flying Knee","floor":23.0},{"not_picked":["Skewer","Dagger Throw"],"picked":"Endless Agony","floor":27.0},{"not_picked":["Predator","Phantasmal Killer","Bane+1"],"picked":"SKIP","floor":29.0},{"not_picked":["Storm of Steel","Envenom"],"picked":"Malaise","floor":33.0},{"not_picked":["Terror+1","PiercingWail"],"picked":"Acrobatics+1","floor":35.0},{"not_picked":["Bane+1","Poisoned Stab"],"picked":"Sucker Punch+1","floor":36.0},{"not_picked":["Enlightenment","Transmutation"],"picked":"Mayhem","floor":37.0},{"not_picked":["Swift Strike","Enlightenment"],"picked":"Finesse","floor":37.0},{"not_picked":["Dash","Riddle With Holes"],"picked":"Well Laid Plans+1","floor":40.0},{"not_picked":["Endless Agony","Dagger Throw+1","Blade Dance+1"],"picked":"SKIP","floor":42.0},{"not_picked":["Deflect","Sucker Punch","Eviscerate+1"],"picked":"SKIP","floor":48.0}],"player_experience":1025726,"relics_obtained":[{"floor":9.0,"key":"Juzu Bracelet"},{"floor":10.0,"key":"Pen Nib"},{"floor":23.0,"key":"Ancient Tea Set"},{"floor":26.0,"key":"Gremlin Horn"},{"floor":29.0,"key":"Paper Crane"},{"floor":40.0,"key":"Potion Belt"},{"floor":42.0,"key":"Whetstone"},{"floor":43.0,"key":"Oddly Smooth Stone"}],"event_choices":[{"damage_healed":0.0,"max_hp_gain":0.0,"max_hp_loss":7.0,"gold_gain":0.0,"event_name":"Golden Idol","player_choice":"Lose Max HP","floor":7.0,"gold_loss":0.0,"damage_taken":0.0,"relics_obtained":["Golden Idol"]},{"damage_healed":0.0,"max_hp_gain":5.0,"max_hp_loss":0.0,"gold_gain":0.0,"event_name":"Big Fish","player_choice":"Donut","floor":11.0,"gold_loss":0.0,"damage_taken":0.0},{"cards_removed":["Strike_G"],"damage_healed":0.0,"max_hp_gain":0.0,"max_hp_loss":0.0,"gold_gain":0.0,"event_name":"Beggar","player_choice":"Gave Gold","floor":19.0,"gold_loss":75.0,"damage_taken":0.0},{"damage_healed":0.0,"max_hp_gain":0.0,"max_hp_loss":0.0,"gold_gain":0.0,"event_name":"Forgotten Altar","player_choice":"Gave Idol","floor":21.0,"relics_lost":["Golden Idol"],"gold_loss":0.0,"damage_taken":0.0,"relics_obtained":["Bloody Idol"]},{"damage_healed":0.0,"max_hp_gain":0.0,"max_hp_loss":0.0,"gold_gain":0.0,"event_name":"Colosseum","player_choice":"Fight","floor":25.0,"gold_loss":0.0,"damage_taken":0.0},{"damage_healed":0.0,"max_hp_gain":0.0,"max_hp_loss":0.0,"gold_gain":0.0,"event_name":"Colosseum","player_choice":"Fled From Nobs","floor":25.0,"gold_loss":0.0,"damage_taken":0.0},{"damage_healed":0.0,"max_hp_gain":0.0,"max_hp_loss":0.0,"gold_gain":0.0,"cards_transformed":["Strike_G","Strike_G"],"event_name":"Drug Dealer","player_choice":"Became Test Subject","floor":30.0,"gold_loss":0.0,"damage_taken":0.0,"cards_obtained":["Corpse Explosion","Blade Dance"]},{"damage_healed":0.0,"max_hp_gain":0.0,"max_hp_loss":0.0,"gold_gain":0.0,"event_name":"Back to Basics","player_choice":"Simplicity","floor":31.0,"gold_loss":0.0,"damage_taken":0.0,"cards_upgraded":["Defend_G","Defend_G","Defend_G","Defend_G","Defend_G"]},{"damage_healed":0.0,"max_hp_gain":0.0,"max_hp_loss":0.0,"gold_gain":0.0,"event_name":"SensoryStone","player_choice":"Memory 3","floor":37.0,"gold_loss":0.0,"damage_taken":10.0},{"damage_healed":0.0,"max_hp_gain":0.0,"max_hp_loss":4.0,"gold_gain":0.0,"event_name":"Winding Halls","player_choice":"Max HP","floor":38.0,"gold_loss":0.0,"damage_taken":0.0},{"damage_healed":0.0,"max_hp_gain":0.0,"max_hp_loss":0.0,"gold_gain":0.0,"event_name":"Accursed Blacksmith","player_choice":"Rummage","floor":45.0,"gold_loss":0.0,"damage_taken":0.0,"relics_obtained":["WarpedTongs"],"cards_obtained":["Pain"]}],"is_beta":false,"boss_relics":[{"not_picked":["Calling Bell","HoveringKite"],"picked":"Runic Dome"},{"not_picked":["Orrery","Runic Pyramid"],"picked":"Cursed Key"}],"items_purged_floors":[3,22,39,46],"is_endless":false,"potions_floor_spawned":[1,5,12,16,23,27,36,48],"killed_by":"Time Eater","ascension_level":20}