{"gold_per_floor":[117,28,58,133,147,147,157,186,186,186,203,227,239,279,291,303],"floor_reached":16,"playtime":394,"items_purged":[],"score":216,"play_id":"80d1002e-abcc-4c20-b0f5-140cfa16b14c","local_time":"20181127163840","is_ascension_mode":true,"campfire_choices":[{"data":"Bash","floor":6,"key":"SMITH"},{"floor":10,"key":"REST"},{"data":"Armaments","floor":13,"key":"SMITH"},{"data":"Feel No Pain","floor":15,"key":"SMITH"}],"neow_cost":"NONE","seed_source_timestamp":186038742930202,"circlet_count":0,"master_deck":["AscendersBane","Strike_R","Strike_R","Strike_R","Strike_R","Strike_R","Defend_R","Defend_R","Defend_R","Defend_R","Bash+1","Dropkick","Feel No Pain+1","Combust","Armaments+1","Spot Weakness","Twin Strike","Uppercut"],"relics":["Burning Blood","Tiny Chest","Bottled Tornado","Blue Candle","MawBank","Bag of Marbles"],"potions_floor_usage":[7],"damage_taken":[{"damage":19,"enemies":"Small Slimes","floor":1,"turns":4},{"damage":1,"enemies":"2 Louse","floor":5,"turns":5},{"damage":9,"enemies":"Jaw Worm","floor":7,"turns":3},{"damage":44,"enemies":"Lagavulin","floor":8,"turns":6},{"damage":6,"enemies":"2 Fungi Beasts","floor":11,"turns":5},{"damage":17,"enemies":"3 Sentries","floor":14,"turns":11},{"damage":0,"enemies":"The Guardian","floor":16,"turns":1}],"seed_played":"-4503781255836530041","potions_obtained":[{"floor":1,"key":"Weak Potion"},{"floor":5,"key":"LiquidBronze"},{"floor":8,"key":"LiquidBronze"}],"is_trial":false,"path_per_floor":["M","$","?","?","M","R","M","E","T","R","M","T","R","E","R","B"],"character_chosen":"IRONCLAD","items_purchased":["Feel No Pain"],"campfire_rested":1,"item_purchase_floors":[2],"current_hp_per_floor":[62,62,57,46,51,51,48,10,10,34,34,34,34,23,23,23],"gold":303,"neow_bonus":"TEN_PERCENT_HP_BONUS","is_prod":false,"is_daily":false,"chose_seed":false,"campfire_upgraded":3,"win_rate":0,"timestamp":1543354720,"path_taken":["M","$","?","?","M","R","M","E","T","R","M","?","R","E","R","BOSS"],"build_version":"2018-11-15","purchased_purges":0,"victory":false,"max_hp_per_floor":[82,82,82,82,82,82,82,82,82,82,82,82,82,82,82,82],"card_choices":[{"not_picked":["Iron Wave","Clash"],"picked":"Dropkick","floor":1},{"not_picked":["Perfected Strike","Thunderclap"],"picked":"Combust","floor":5},{"not_picked":["Limit Break","Havoc"],"picked":"Armaments","floor":7},{"not_picked":["Second Wind","Wild Strike"],"picked":"Spot Weakness","floor":8},{"not_picked":["Iron Wave","Ghostly Armor"],"picked":"Twin Strike","floor":11},{"not_picked":["Dual Wield","Searing Blow"],"picked":"Uppercut","floor":14}],"player_experience":1169086,"relics_obtained":[{"floor":8,"key":"Bottled Tornado"},{"floor":9,"key":"Blue Candle"},{"floor":12,"key":"MawBank"},{"floor":14,"key":"Bag of Marbles"}],"event_choices":[{"damage_healed":0,"gold_gain":0,"player_choice":"Success","damage_taken":5,"relics_obtained":["Tiny Chest"],"max_hp_gain":0,"max_hp_loss":0,"event_name":"Scrap Ooze","floor":3,"gold_loss":0},{"damage_healed":0,"gold_gain":75,"player_choice":"Gather Gold","damage_taken":11,"max_hp_gain":0,"max_hp_loss":0,"event_name":"World of Goop","floor":4,"gold_loss":0}],"is_beta":false,"boss_relics":[],"items_purged_floors":[],"is_endless":false,"potions_floor_spawned":[1,5,8,11],"killed_by":"The Guardian","ascension_level":20}