{"gold_per_floor":[109,109,29,46,63,93,107,107,133,106,138,148,178],"floor_reached":13,"playtime":669,"items_purged":[],"score":95,"play_id":"02d76778-cdc7-4e99-8ffd-ae5cd0f7d1cd","local_time":"20190612220356","is_ascension_mode":false,"campfire_choices":[{"data":"Armaments","floor":8,"key":"SMITH"}],"neow_cost":"NONE","seed_source_timestamp":87294495627989,"circlet_count":0,"master_deck":["Strike_R","Strike_R","Strike_R","Strike_R","Strike_R","Defend_R","Defend_R","Defend_R","Defend_R","Bash","Armaments+1","Bash","Writhe","Metallicize","Pommel Strike","Fire Breathing","Dropkick","Armaments","Metallicize","Battle Trance","Barricade"],"relics":["Burning Blood","NeowsBlessing","Bag of Marbles","MawBank","Pen Nib","Juzu Bracelet"],"potions_floor_usage":[11,11],"damage_taken":[{"damage":0,"enemies":"2 Louse","floor":1,"turns":1},{"damage":0,"enemies":"Cultist","floor":4,"turns":1},{"damage":0,"enemies":"Small Slimes","floor":5,"turns":2},{"damage":30,"enemies":"3 Sentries","floor":6,"turns":8},{"damage":17,"enemies":"3 Louse","floor":7,"turns":4},{"damage":23,"enemies":"Gremlin Nob","floor":11,"turns":5},{"damage":13,"enemies":"Large Slime","floor":12,"turns":7},{"damage":35,"enemies":"Gremlin Nob","floor":13,"turns":5}],"seed_played":"7822021804573032933","potions_obtained":[{"floor":4,"key":"Regen Potion"},{"floor":6,"key":"SneckoOil"}],"is_trial":false,"path_per_floor":["M","?","$","M","M","E","M","R","T","$","E","M","?"],"character_chosen":"IRONCLAD","items_purchased":["Metallicize","Metallicize"],"campfire_rested":0,"item_purchase_floors":[3,10],"current_hp_per_floor":[80,80,80,80,80,56,45,45,45,45,33,26,0],"gold":178,"neow_bonus":"THREE_ENEMY_KILL","is_prod":false,"is_daily":false,"chose_seed":false,"campfire_upgraded":1,"win_rate":0.0,"timestamp":1560369836,"path_taken":["M","?","$","M","?","E","M","R","T","?","E","?","?"],"build_version":"2019-01-23","purchased_purges":0,"victory":false,"max_hp_per_floor":[80,80,80,80,80,80,80,80,80,80,80,80,80],"card_choices":[{"not_picked":["True Grit","Rage"],"picked":"Armaments","floor":1},{"not_picked":["Cleave","True Grit"],"picked":"Pommel Strike","floor":4},{"not_picked":["Pummel","Twin Strike"],"picked":"Fire Breathing","floor":5},{"not_picked":["Clothesline","Perfected Strike"],"picked":"Dropkick","floor":6},{"not_picked":["Twin Strike","Infernal Blade"],"picked":"Armaments","floor":7},{"not_picked":["Perfected Strike","Headbutt"],"picked":"Battle Trance","floor":11},{"not_picked":["Cleave","Clothesline"],"picked":"Barricade","floor":12}],"player_experience":5631,"relics_obtained":[{"floor":6,"key":"Bag of Marbles"},{"floor":9,"key":"MawBank"},{"floor":11,"key":"Pen Nib"}],"event_choices":[{"damage_healed":0,"gold_gain":0,"player_choice":"2 cards matched","damage_taken":0,"max_hp_gain":0,"max_hp_loss":0,"event_name":"Match and Keep!","floor":2,"gold_loss":0,"cards_obtained":["Bash","Writhe"]},{"damage_healed":0,"gold_gain":30,"player_choice":"Searched \u00273\u0027 times","damage_taken":0,"relics_obtained":["Juzu Bracelet"],"max_hp_gain":0,"max_hp_loss":0,"event_name":"Dead Adventurer","floor":13,"gold_loss":0}],"is_beta":false,"boss_relics":[],"items_purged_floors":[],"is_endless":false,"potions_floor_spawned":[4,6],"killed_by":"Gremlin Nob","ascension_level":0}