{"gold_per_floor":[18,18,93,93,112,112,151,151,151,151,151,167,167,181,181,272,272,296,320,47,63,86,86,86,86,111,9,47,47,71,71,71,71],"floor_reached":33,"playtime":1364,"items_purged":["Strike_B"],"score":630,"play_id":"4a03eb02-26eb-47ba-a8eb-bf0128a663e2","local_time":"20181117150643","is_ascension_mode":true,"campfire_choices":[{"data":"Zap","floor":6.0,"key":"SMITH"},{"floor":8.0,"key":"REST"},{"data":"Go for the Eyes","floor":10.0,"key":"SMITH"},{"data":"Loop","floor":13.0,"key":"SMITH"},{"data":"Undo","floor":15.0,"key":"SMITH"},{"floor":23.0,"key":"REST"},{"floor":25.0,"key":"REST"},{"floor":29,"key":"REST"},{"floor":32,"key":"REST"}],"neow_cost":"NO_GOLD","seed_source_timestamp":269665942814611,"circlet_count":0,"master_deck":["AscendersBane","Strike_B","Strike_B","Defend_B","Defend_B","Defend_B","Defend_B","Zap+1","Dualcast","Go for the Eyes+1","Loop+1","Streamline","Cold Snap","Undo+1","All For One","Conserve Battery","Compile Driver","Coolheaded","Deep Breath","Capacitor","Steam+1","Steam+1","Flash of Steel","Gash","Ball Lightning","Core Surge"],"special_seed":0,"relics":["Cracked Core","Turnip","Golden Idol","Bag of Marbles","Mango","Philosopher\u0027s Stone","Anchor"],"potions_floor_usage":[28,33],"damage_taken":[{"damage":2.0,"enemies":"Jaw Worm","floor":1.0,"turns":3.0},{"damage":0.0,"enemies":"2 Louse","floor":5.0,"turns":3.0},{"damage":42.0,"enemies":"Lagavulin","floor":7.0,"turns":8.0},{"damage":6.0,"enemies":"Small Slimes","floor":12.0,"turns":3.0},{"damage":0.0,"enemies":"2 Fungi Beasts","floor":14.0,"turns":3.0},{"damage":0.0,"enemies":"The Guardian","floor":16.0,"turns":13.0},{"damage":29.0,"enemies":"2 Thieves","floor":18.0,"turns":4.0},{"damage":14.0,"enemies":"Chosen","floor":19.0,"turns":6.0},{"damage":14.0,"enemies":"Centurion and Healer","floor":21.0,"turns":8.0},{"damage":8.0,"enemies":"Snake Plant","floor":22.0,"turns":5.0},{"damage":0.0,"enemies":"Cultist and Chosen","floor":24.0,"turns":3.0},{"damage":43,"enemies":"Book of Stabbing","floor":28,"turns":5},{"damage":32,"enemies":"Chosen and Byrds","floor":30,"turns":7},{"damage":45,"enemies":"Collector","floor":33,"turns":6}],"seed_played":"5990660876734925030","potions_obtained":[{"floor":7.0,"key":"SmokeBomb"},{"floor":14.0,"key":"SkillPotion"},{"floor":16.0,"key":"Energy Potion"},{"floor":18.0,"key":"SteroidPotion"},{"floor":21.0,"key":"Block Potion"},{"floor":30,"key":"Block Potion"}],"is_trial":false,"path_per_floor":["M","?","?","?","M","R","E","R","T","R","?","M","R","M","R","B",null,"M","M","$","M","M","R","M","R","T","$","E","R","M","?","R","B"],"character_chosen":"DEFECT","items_purchased":["Coolheaded","Deep Breath","Capacitor","Flash of Steel"],"campfire_rested":5,"item_purchase_floors":[20,20,20,27],"current_hp_per_floor":[62,55,44,44,44,44,2,21,35,35,40,34,34,34,34,34,71,42,28,28,14,6,30,30,54,54,54,11,35,3,3,27,0],"gold":71,"neow_bonus":"ONE_RARE_RELIC","is_prod":false,"is_daily":false,"chose_seed":false,"campfire_upgraded":4,"win_rate":0,"timestamp":1542485203,"path_taken":["M","?","?","?","M","R","E","R","T","R","?","?","R","M","R","BOSS","M","M","$","M","M","R","?","R","T","$","E","R","M","?","R","BOSS"],"build_version":"2018-11-15","purchased_purges":1,"victory":false,"max_hp_per_floor":[71,71,71,64,64,64,64,64,78,78,83,83,83,83,83,83,83,83,83,83,83,83,83,83,83,83,83,83,83,83,83,83,83],"card_choices":[{"not_picked":["Rebound","Conserve Battery"],"picked":"Go for the Eyes","floor":1.0},{"not_picked":["Beam Cell","Rebound"],"picked":"Loop","floor":5.0},{"not_picked":["Echo Form","Barrage"],"picked":"Streamline","floor":7.0},{"not_picked":["Turbo","Sweeping Beam"],"picked":"Cold Snap","floor":12.0},{"not_picked":["Rip and Tear","Conserve Battery"],"picked":"Undo","floor":14.0},{"not_picked":["Reboot","Multi-Cast"],"picked":"All For One","floor":16.0},{"not_picked":["Redo","Streamline"],"picked":"Conserve Battery","floor":18.0},{"not_picked":["Glacier","Conserve Battery"],"picked":"Compile Driver","floor":19.0},{"not_picked":["Hologram","Conserve Battery"],"picked":"Steam+1","floor":21.0},{"not_picked":["Lockon","Gash"],"picked":"Steam+1","floor":22.0},{"not_picked":["Chill+1","BootSequence"],"picked":"Gash","floor":28},{"not_picked":["Steam Power","Rainbow"],"picked":"Ball Lightning","floor":30}],"player_experience":1092881,"relics_obtained":[{"floor":7.0,"key":"Bag of Marbles"},{"floor":9.0,"key":"Mango"},{"floor":28,"key":"Anchor"}],"event_choices":[{"cards_removed":["Strike_B"],"damage_healed":0.0,"max_hp_gain":0.0,"max_hp_loss":0.0,"gold_gain":0.0,"event_name":"Golden Wing","player_choice":"Card Removal","floor":2.0,"gold_loss":0.0,"damage_taken":7.0},{"damage_healed":0.0,"max_hp_gain":0.0,"max_hp_loss":0.0,"gold_gain":75.0,"event_name":"World of Goop","player_choice":"Gather Gold","floor":3.0,"gold_loss":0.0,"damage_taken":11.0},{"damage_healed":0.0,"max_hp_gain":0.0,"max_hp_loss":7.0,"gold_gain":0.0,"event_name":"Golden Idol","player_choice":"Lose Max HP","floor":4.0,"gold_loss":0.0,"damage_taken":0.0,"relics_obtained":["Golden Idol"]},{"damage_healed":0.0,"max_hp_gain":5.0,"max_hp_loss":0.0,"gold_gain":0.0,"event_name":"Big Fish","player_choice":"Donut","floor":11.0,"gold_loss":0.0,"damage_taken":0.0},{"damage_healed":0,"gold_gain":0,"player_choice":"1 cards matched","damage_taken":0,"max_hp_gain":0,"max_hp_loss":0,"event_name":"Match and Keep!","floor":31,"gold_loss":0,"cards_obtained":["Core Surge"]}],"is_beta":false,"boss_relics":[{"not_picked":["White Beast Statue","Lizard Tail"],"picked":"Philosopher\u0027s Stone"}],"items_purged_floors":[20],"is_endless":false,"potions_floor_spawned":[7,14,16,18,21,30],"killed_by":"Collector","ascension_level":20}