{"gold_per_floor":[116,129,142,142,166,166,200,200,200,216,70,70,70,86,86,180,180,201,7,7,22,22,22,60,60],"floor_reached":25,"playtime":1033,"items_purged":["Strike_G"],"score":383,"play_id":"34db23c2-840f-459f-9781-f00916f66a98","local_time":"20181016123638","is_ascension_mode":true,"campfire_choices":[{"data":"Cloak And Dagger","floor":6,"key":"SMITH"},{"data":"Escape Plan","floor":8,"key":"SMITH"},{"data":"Envenom","floor":12,"key":"SMITH"},{"data":"Footwork","floor":15,"key":"SMITH"},{"data":"Apotheosis","floor":23,"key":"SMITH"}],"neow_cost":"NONE","seed_source_timestamp":508614529046043,"circlet_count":0,"master_deck":["Defend_G","Defend_G","Defend_G","Defend_G","Defend_G","Strike_G","Strike_G+1","Strike_G","Survivor","Neutralize+1","AscendersBane","Escape Plan+1","Deflect","Cloak And Dagger+1","PiercingWail","Envenom+1","Footwork+1","Injury","Dagger Spray","Wraith Form v2","Tactician","Apotheosis+1","Flechettes","Escape Plan"],"relics":["Ring of the Serpent","Whetstone","Bag of Marbles","Du-Vu Doll","Tough Bandages","Golden Idol","Nilry\u0027s Codex","Singing Bowl"],"potions_floor_usage":[7,24],"damage_taken":[{"damage":0,"enemies":"Jaw Worm","floor":1,"turns":4},{"damage":4,"enemies":"Small Slimes","floor":2,"turns":5},{"damage":0,"enemies":"Cultist","floor":3,"turns":4},{"damage":24,"enemies":"Gremlin Nob","floor":7,"turns":5},{"damage":9,"enemies":"Exordium Wildlife","floor":10,"turns":6},{"damage":0,"enemies":"Large Slime","floor":14,"turns":6},{"damage":3,"enemies":"The Guardian","floor":16,"turns":10},{"damage":1,"enemies":"Shell Parasite","floor":18,"turns":9},{"damage":10,"enemies":"Spheric Guardian","floor":21,"turns":6},{"damage":14,"enemies":"Slavers","floor":24,"turns":4},{"damage":7,"enemies":"Snecko","floor":25,"turns":4}],"seed_played":"8383300375256245966","potions_obtained":[{"floor":2,"key":"Poison Potion"},{"floor":14,"key":"SkillPotion"},{"floor":16,"key":"LiquidBronze"}],"is_trial":false,"path_per_floor":["M","M","M","?","T","R","E","R","T","M","$","R","?","M","R","B",null,"M","$","?","M","?","R","E"],"character_chosen":"THE_SILENT","items_purchased":["Footwork","Apotheosis"],"campfire_rested":0,"item_purchase_floors":[11,19],"current_hp_per_floor":[59,55,55,48,48,48,24,24,24,15,15,15,15,15,15,12,53,52,52,31,21,21,21,7,0],"gold":60,"neow_bonus":"RANDOM_COMMON_RELIC","is_prod":false,"is_daily":false,"chose_seed":false,"campfire_upgraded":5,"win_rate":0,"timestamp":1539707798,"path_taken":["M","M","M","?","?","R","E","R","T","?","$","R","?","M","R","BOSS","M","$","?","M","?","R","E","?"],"build_version":"2018-10-11","purchased_purges":1,"victory":false,"max_hp_per_floor":[66,66,66,66,66,66,66,66,66,66,66,66,66,66,66,66,66,66,66,66,66,66,66,66,66],"card_choices":[{"not_picked":["Bane","Outmaneuver"],"picked":"Escape Plan","floor":1},{"not_picked":["Dagger Throw","Flechettes"],"picked":"Deflect","floor":2},{"not_picked":["Blade Dance","Finisher"],"picked":"Cloak And Dagger","floor":3},{"not_picked":["Flechettes","Reflex"],"picked":"PiercingWail","floor":7},{"not_picked":["Dodge and Roll","Flying Knee"],"picked":"Envenom","floor":10},{"not_picked":["Poisoned Stab","Tactician"],"picked":"Dagger Spray","floor":14},{"not_picked":["A Thousand Cuts","Grand Finale"],"picked":"Wraith Form v2","floor":16},{"not_picked":["Outmaneuver","Poisoned Stab"],"picked":"Tactician","floor":18},{"not_picked":["Quick Slash","Deadly Poison"],"picked":"Flechettes","floor":21},{"not_picked":["Dagger Throw","Sucker Punch"],"picked":"Escape Plan","floor":24}],"player_experience":901757,"relics_obtained":[{"floor":5,"key":"Bag of Marbles"},{"floor":7,"key":"Du-Vu Doll"},{"floor":9,"key":"Tough Bandages"},{"floor":20,"key":"Nilry\u0027s Codex"},{"floor":24,"key":"Singing Bowl"}],"event_choices":[{"event_name":"Golden Wing","player_choice":"Card Removal","floor":4,"damage_taken":0},{"event_name":"Golden Idol","player_choice":"Take Wound","floor":13,"damage_taken":0},{"event_name":"Cursed Tome","player_choice":"Obtained Book","floor":20,"damage_taken":0},{"event_name":"Beggar","player_choice":"Ignored","floor":22,"damage_taken":0}],"is_beta":false,"boss_relics":[{"not_picked":["Empty Cage","Fusion Hammer"],"picked":"Ring of the Serpent"}],"items_purged_floors":[11],"is_endless":false,"potions_floor_spawned":[2,14,16,18],"killed_by":"Snecko","ascension_level":15}