{"gold_per_floor":[117,137,156,166,181,181,198,228,251,2,13,28,48,48,48,147,147,165,176,192,208,228,261,261,275,275,292,43,70,70,70,70,165,165,184,200,217,217,228,228,28,28,28,28,39,50,50],"floor_reached":47,"playtime":2850,"items_purged":[],"score":529,"play_id":"32e714fc-08fd-4a84-b608-f693a793fe05","local_time":"20190630095918","is_ascension_mode":false,"campfire_choices":[{"data":"Double Tap","floor":6,"key":"SMITH"},{"floor":15,"key":"REST"},{"floor":24,"key":"REST"},{"floor":30,"key":"REST"},{"floor":32,"key":"REST"},{"floor":40,"key":"REST"},{"data":"Metallicize","floor":44,"key":"SMITH"}],"neow_cost":"NONE","seed_source_timestamp":673628318518694,"circlet_count":0,"master_deck":["Strike_R","Strike_R","Strike_R","Strike_R","Strike_R","Defend_R+1","Defend_R+1","Defend_R","Defend_R","Bash","Dark Embrace","Heavy Blade","Heavy Blade","Perfected Strike","Rampage","Double Tap+1","Twin Strike","Inflame","Dropkick","Pommel Strike","Perfected Strike","Reaper","Twin Strike","Spot Weakness+1","Perfected Strike","Anger","Inflame+1","Corruption+1","Bludgeon","Juggernaut","Cleave","Twin Strike","Metallicize+1","Double Tap+1","Inflame","Flash of Steel","Flex+1","Perfected Strike+1"],"relics":["Burning Blood","Self Forming Clay","Happy Flower","Gremlin Horn","Philosopher\u0027s Stone","Mango","Meat on the Bone","Bottled Lightning","War Paint","Orrery","MealTicket","Calipers"],"potions_floor_usage":[5,8,11,13,18,21,29,29,37,37],"damage_taken":[{"damage":9,"enemies":"2 Louse","floor":1,"turns":3},{"damage":11,"enemies":"Jaw Worm","floor":2,"turns":2},{"damage":1,"enemies":"Cultist","floor":3,"turns":3},{"damage":9,"enemies":"2 Fungi Beasts","floor":4,"turns":3},{"damage":26,"enemies":"Large Slime","floor":5,"turns":5},{"damage":20,"enemies":"3 Louse","floor":7,"turns":3},{"damage":31,"enemies":"Lagavulin","floor":8,"turns":5},{"damage":10,"enemies":"Looter","floor":11,"turns":2},{"damage":0,"enemies":"Exordium Wildlife","floor":12,"turns":2},{"damage":13,"enemies":"Red Slaver","floor":13,"turns":2},{"damage":16,"enemies":"Slime Boss","floor":16,"turns":6},{"damage":10,"enemies":"3 Byrds","floor":18,"turns":3},{"damage":15,"enemies":"Shell Parasite","floor":19,"turns":4},{"damage":22,"enemies":"Sentry and Sphere","floor":20,"turns":4},{"damage":20,"enemies":"Centurion and Healer","floor":21,"turns":4},{"damage":13,"enemies":"3 Cultists","floor":22,"turns":4},{"damage":37,"enemies":"Slavers","floor":23,"turns":3},{"damage":19,"enemies":"Snake Plant","floor":25,"turns":2},{"damage":9,"enemies":"Snecko","floor":27,"turns":3},{"damage":24,"enemies":"Gremlin Leader","floor":29,"turns":3},{"damage":93,"enemies":"Automaton","floor":33,"turns":7},{"damage":22,"enemies":"3 Darklings","floor":35,"turns":3},{"damage":28,"enemies":"3 Shapes","floor":36,"turns":3},{"damage":30,"enemies":"Sphere and 2 Shapes","floor":37,"turns":4},{"damage":27,"enemies":"Spire Growth","floor":39,"turns":3},{"damage":74,"enemies":"Writhing Mass","floor":45,"turns":6},{"damage":20,"enemies":"4 Shapes","floor":46,"turns":3},{"damage":29,"enemies":"Nemesis","floor":47,"turns":3}],"seed_played":"-1753603265670756446","potions_obtained":[{"floor":3,"key":"Block Potion"},{"floor":7,"key":"SteroidPotion"},{"floor":8,"key":"AttackPotion"},{"floor":12,"key":"Explosive Potion"},{"floor":16,"key":"Energy Potion"},{"floor":20,"key":"Dexterity Potion"},{"floor":25,"key":"Block Potion"},{"floor":27,"key":"LiquidBronze"},{"floor":35,"key":"Regen Potion"},{"floor":36,"key":"Explosive Potion"}],"is_trial":false,"path_per_floor":["M","M","M","M","M","R","M","E","T","$","M","M","M","?","R","B",null,"M","M","M","M","M","E","R","M","T","M","$","E","R","?","R","B",null,"M","M","M","?","M","R","$","?","T","R","M","M","E"],"character_chosen":"IRONCLAD","items_purchased":["Gremlin Horn","Bottled Lightning","MealTicket"],"campfire_rested":5,"item_purchase_floors":[10,28,41],"current_hp_per_floor":[77,72,77,74,54,54,40,15,15,15,11,17,10,10,34,24,80,76,67,52,48,47,54,82,69,69,66,66,60,88,88,94,19,94,78,64,57,57,58,86,86,86,86,86,30,28,0],"gold":50,"neow_bonus":"ONE_RANDOM_RARE_CARD","is_prod":false,"is_daily":false,"chose_seed":false,"campfire_upgraded":2,"win_rate":0.0,"timestamp":1561913958,"path_taken":["M","M","M","M","M","R","M","E","T","$","M","M","M","?","R","BOSS","M","M","M","M","M","E","R","M","T","M","$","E","R","?","R","BOSS","M","M","M","?","M","R","?","?","T","R","M","M","E"],"build_version":"2019-01-23","purchased_purges":0,"victory":false,"max_hp_per_floor":[80,80,80,80,80,80,80,80,80,80,80,80,80,80,80,80,80,80,80,80,80,80,94,94,94,94,94,94,94,94,94,94,94,94,94,94,94,94,94,94,94,94,94,94,94,94,94],"card_choices":[{"not_picked":["Clash","Fire Breathing"],"picked":"Heavy Blade","floor":1},{"not_picked":["Headbutt","Pommel Strike"],"picked":"Heavy Blade","floor":2},{"not_picked":["Reckless Charge","Clash"],"picked":"Perfected Strike","floor":3},{"not_picked":["Pommel Strike","Cleave"],"picked":"Rampage","floor":4},{"not_picked":["Clash","Wild Strike"],"picked":"Double Tap","floor":5},{"not_picked":["Disarm","Dual Wield"],"picked":"Twin Strike","floor":7},{"not_picked":["Thunderclap","Armaments"],"picked":"Inflame","floor":8},{"not_picked":["Sword Boomerang","Shockwave"],"picked":"Dropkick","floor":11},{"not_picked":["Body Slam","Iron Wave"],"picked":"Pommel Strike","floor":12},{"not_picked":["Evolve","Pommel Strike"],"picked":"Perfected Strike","floor":13},{"not_picked":["Berserk","Fiend Fire"],"picked":"Reaper","floor":16},{"not_picked":["Evolve+1","Heavy Blade"],"picked":"Twin Strike","floor":18},{"not_picked":["Cleave","Reckless Charge"],"picked":"Spot Weakness+1","floor":19},{"not_picked":["Warcry","Armaments"],"picked":"Perfected Strike","floor":20},{"not_picked":["Reckless Charge","Thunderclap"],"picked":"Anger","floor":21},{"not_picked":["Power Through","Havoc","Intimidate"],"picked":"SKIP","floor":22},{"not_picked":["Thunderclap","Disarm"],"picked":"Inflame+1","floor":23},{"not_picked":["Fire Breathing","Body Slam"],"picked":"Corruption+1","floor":25},{"not_picked":["Clash+1","Iron Wave"],"picked":"Bludgeon","floor":27},{"not_picked":["Second Wind+1","Sword Boomerang","Hemokinesis"],"picked":"SKIP","floor":29},{"not_picked":["Feed","Brutality"],"picked":"Juggernaut","floor":33},{"not_picked":["Sword Boomerang","Headbutt"],"picked":"Cleave","floor":34},{"not_picked":["Second Wind+1","Iron Wave"],"picked":"Twin Strike","floor":35},{"not_picked":["Warcry+1","Fiend Fire"],"picked":"Metallicize","floor":36},{"not_picked":["Sword Boomerang+1","True Grit+1","Reckless Charge+1"],"picked":"SKIP","floor":37},{"not_picked":["Seeing Red","Reckless Charge"],"picked":"Inflame","floor":39},{"not_picked":["Mind Blast","Purity"],"picked":"Flash of Steel","floor":42},{"not_picked":["Clothesline+1","Juggernaut"],"picked":"Flex+1","floor":45},{"not_picked":["Cleave","Iron Wave"],"picked":"Perfected Strike+1","floor":46}],"player_experience":44212,"relics_obtained":[{"floor":8,"key":"Self Forming Clay"},{"floor":9,"key":"Happy Flower"},{"floor":23,"key":"Mango"},{"floor":26,"key":"Meat on the Bone"},{"floor":29,"key":"War Paint"},{"floor":43,"key":"Calipers"}],"event_choices":[{"damage_healed":0,"gold_gain":0,"player_choice":"Fled","damage_taken":0,"max_hp_gain":0,"max_hp_loss":0,"event_name":"Scrap Ooze","floor":14,"gold_loss":0},{"damage_healed":0,"gold_gain":0,"player_choice":"Ignored","damage_taken":0,"max_hp_gain":0,"max_hp_loss":0,"event_name":"Ghosts","floor":31,"gold_loss":0},{"damage_healed":0,"gold_gain":0,"player_choice":"Copied","damage_taken":0,"max_hp_gain":0,"max_hp_loss":0,"event_name":"Duplicator","floor":38,"gold_loss":0,"cards_obtained":["Double Tap"]},{"damage_healed":0,"gold_gain":0,"player_choice":"Memory 1","damage_taken":0,"max_hp_gain":0,"max_hp_loss":0,"event_name":"SensoryStone","floor":42,"gold_loss":0}],"is_beta":false,"boss_relics":[{"not_picked":["Cursed Key","Snecko Eye"],"picked":"Philosopher\u0027s Stone"},{"not_picked":["White Beast Statue","Runic Dome"],"picked":"Orrery"}],"items_purged_floors":[],"is_endless":false,"potions_floor_spawned":[3,7,8,12,16,20,25,27,35,36],"killed_by":"Nemesis","ascension_level":0}