{"gold_per_floor":[118,133,144,144,43,43,5,25,80,80,106,120,130,165,165,237,237,227,105,105,115,115,115,53,53,78,423,435,462,474,500,512,603,615,647,677,689,751,773,838,860,872,884,910,842,842,856,874,874,874],"floor_reached":51,"playtime":3019,"items_purged":["Strike_B","Skim"],"score":1176,"play_id":"40d9f8e8-870a-4c19-9c1d-a449b4436a16","local_time":"20190720141359","is_ascension_mode":true,"campfire_choices":[{"data":"Dualcast","floor":6,"key":"SMITH"},{"data":"Hologram","floor":10,"key":"SMITH"},{"data":"Defragment","floor":15,"key":"SMITH"},{"data":"Creative AI","floor":23,"key":"SMITH"},{"data":"Multi-Cast","floor":25,"key":"SMITH"},{"floor":28,"key":"REST"},{"data":"White Noise","floor":32,"key":"SMITH"},{"data":"Apotheosis","floor":42,"key":"SMITH"},{"floor":46,"key":"REST"},{"data":"Defragment","floor":49,"key":"SMITH"}],"neow_cost":"NONE","seed_source_timestamp":66109298187732,"circlet_count":0,"master_deck":["AscendersBane","Zap+1","Dualcast+1","Glacier","Compile Driver","Darkness","BootSequence","Hologram+1","Self Repair","Defragment+1","Doom and Gloom","Undo","Echo Form","Redo","Multi-Cast+1","Steam","Conserve Battery","Machine Learning","Creative AI+1","Leap","Glacier","Genetic Algorithm","White Noise+1","Electrodynamics","Force Field","Dark Shackles","Apotheosis+1","Defragment+1","Leap+1","Glacier+1","Amplify","Glacier+1"],"relics":["Cracked Core","Strawberry","Omamori","The Courier","Pandora\u0027s Box","Happy Flower","Enchiridion","GremlinMask","MawBank","Old Coin","Girya","Cursed Key","Pocketwatch","Sundial"],"potions_floor_usage":[11,11,14,50,50],"damage_taken":[{"damage":4,"enemies":"Jaw Worm","floor":1,"turns":4},{"damage":0,"enemies":"Cultist","floor":2,"turns":3},{"damage":0,"enemies":"2 Louse","floor":3,"turns":3},{"damage":7,"enemies":"Large Slime","floor":8,"turns":5},{"damage":19,"enemies":"Gremlin Nob","floor":11,"turns":4},{"damage":0,"enemies":"Lots of Slimes","floor":12,"turns":5},{"damage":0,"enemies":"2 Fungi Beasts","floor":13,"turns":4},{"damage":12,"enemies":"3 Sentries","floor":14,"turns":5},{"damage":16,"enemies":"Slime Boss","floor":16,"turns":10},{"damage":4,"enemies":"2 Thieves","floor":18,"turns":4},{"damage":0,"enemies":"Chosen","floor":21,"turns":4},{"damage":31,"enemies":"Book of Stabbing","floor":27,"turns":9},{"damage":1,"enemies":"Snake Plant","floor":29,"turns":5},{"damage":0,"enemies":"Snecko","floor":31,"turns":9},{"damage":12,"enemies":"Automaton","floor":33,"turns":12},{"damage":16,"enemies":"3 Shapes","floor":35,"turns":3},{"damage":0,"enemies":"3 Darklings","floor":36,"turns":2},{"damage":21,"enemies":"Jaw Worm Horde","floor":39,"turns":4},{"damage":24,"enemies":"2 Orb Walkers","floor":40,"turns":3},{"damage":2,"enemies":"Spire Growth","floor":41,"turns":6},{"damage":0,"enemies":"Writhing Mass","floor":44,"turns":7},{"damage":9,"enemies":"Maw","floor":47,"turns":7},{"damage":12,"enemies":"Sphere and 2 Shapes","floor":48,"turns":6},{"damage":22,"enemies":"Time Eater","floor":50,"turns":11}],"seed_played":"9170062263559669481","potions_obtained":[{"floor":2,"key":"GamblersBrew"},{"floor":8,"key":"EssenceOfSteel"},{"floor":11,"key":"AttackPotion"},{"floor":16,"key":"Strength Potion"},{"floor":31,"key":"FearPotion"},{"floor":36,"key":"Fire Potion"},{"floor":40,"key":"AttackPotion"},{"floor":41,"key":"Dexterity Potion"}],"is_trial":false,"path_per_floor":["M","M","M","?","$","R","$","M","T","R","E","M","M","E","R","B",null,"M","$","?","M","?","R","$","R","T","E","R","M","?","M","R","B",null,"M","M","?","?","M","?","M","R","T","M","$","R","M","M","R","B",null],"character_chosen":"DEFECT","items_purchased":["Hologram","Self Repair","Happy Flower","Glacier"],"campfire_rested":2,"item_purchase_floors":[5,7,19,24],"current_hp_per_floor":[60,60,60,60,60,60,60,60,67,67,55,62,69,64,64,55,72,78,78,57,57,57,57,57,57,57,33,56,62,62,69,69,71,76,60,60,55,55,44,20,38,38,38,45,45,68,66,68,68,46],"gold":874,"neow_bonus":"THREE_CARDS","is_prod":false,"is_daily":false,"chose_seed":false,"campfire_upgraded":8,"win_rate":0,"timestamp":1563646439,"path_taken":["M","M","M","?","$","R","?","M","T","R","E","M","?","E","R","BOSS","M","$","?","M","?","R","$","R","T","E","R","?","?","M","R","BOSS","M","M","?","?","?","?","M","R","T","M","$","R","M","M","R","BOSS"],"build_version":"2019-07-17","purchased_purges":2,"victory":true,"max_hp_per_floor":[71,71,71,71,71,71,71,71,78,78,78,78,78,78,78,78,78,78,78,78,78,78,78,78,78,78,78,78,78,78,78,78,78,78,78,78,78,78,78,78,78,78,78,78,78,78,78,78,78,78],"card_choices":[{"not_picked":["Cold Snap","Blizzard"],"picked":"Glacier","floor":0},{"not_picked":["Barrage","Redo"],"picked":"Compile Driver","floor":1},{"not_picked":["Coolheaded","Beam Cell"],"picked":"Darkness","floor":2},{"not_picked":["Hologram","Cold Snap"],"picked":"BootSequence","floor":3},{"not_picked":["Ball Lightning","Compile Driver","Beam Cell"],"picked":"SKIP","floor":8},{"not_picked":["Compile Driver","Hologram"],"picked":"Defragment","floor":11},{"not_picked":["Meteor Strike","Coolheaded"],"picked":"Doom and Gloom","floor":12},{"not_picked":["Double Energy","Storm","Auto Shields"],"picked":"SKIP","floor":13},{"not_picked":["Stack","Go for the Eyes"],"picked":"Undo","floor":14},{"not_picked":["Rainbow","Thunder Strike"],"picked":"Echo Form","floor":16},{"not_picked":["Ball Lightning","Auto Shields"],"picked":"Leap","floor":18},{"not_picked":["Ball Lightning","Skim","Beam Cell"],"picked":"SKIP","floor":21},{"not_picked":["Glacier","FTL"],"picked":"Genetic Algorithm","floor":27},{"not_picked":["Cold Snap","Chaos","Skim+1"],"picked":"SKIP","floor":29},{"not_picked":["Beam Cell","Hologram"],"picked":"White Noise","floor":31},{"not_picked":["All For One","Multi-Cast"],"picked":"Electrodynamics","floor":33},{"not_picked":["Sunder","Conserve Battery","Turbo"],"picked":"SKIP","floor":35},{"not_picked":["Lockon","Fusion"],"picked":"Force Field","floor":36},{"not_picked":["Trip","PanicButton"],"picked":"Dark Shackles","floor":37},{"not_picked":["Good Instincts","Madness"],"picked":"Apotheosis","floor":37},{"not_picked":["Undo","Scrape"],"picked":"Defragment","floor":39},{"not_picked":["Redo","Consume"],"picked":"Leap+1","floor":41},{"not_picked":["Leap","Redo+1"],"picked":"Glacier+1","floor":44},{"not_picked":["Streamline","Coolheaded"],"picked":"Amplify","floor":47},{"not_picked":["Barrage","Compile Driver+1"],"picked":"Glacier+1","floor":48}],"player_experience":557324,"relics_obtained":[{"floor":9,"key":"Strawberry"},{"floor":11,"key":"Omamori"},{"floor":14,"key":"The Courier"},{"floor":20,"key":"Enchiridion"},{"floor":26,"key":"MawBank"},{"floor":27,"key":"Old Coin"},{"floor":40,"key":"Pocketwatch"},{"floor":43,"key":"Sundial"}],"event_choices":[{"damage_healed":0,"gold_gain":0,"player_choice":"Forge","damage_taken":0,"max_hp_gain":0,"max_hp_loss":0,"event_name":"Accursed Blacksmith","floor":4,"gold_loss":0,"cards_upgraded":["Zap"]},{"damage_healed":0,"gold_gain":0,"player_choice":"Obtained Book","damage_taken":21,"max_hp_gain":0,"max_hp_loss":0,"event_name":"Cursed Tome","floor":20,"gold_loss":0},{"damage_healed":0,"gold_gain":0,"player_choice":"Trade","damage_taken":0,"relics_obtained":["GremlinMask"],"max_hp_gain":0,"max_hp_loss":0,"event_name":"FaceTrader","floor":22,"gold_loss":0},{"damage_healed":0,"gold_gain":0,"player_choice":"Opened","damage_taken":0,"relics_obtained":["Girya"],"max_hp_gain":0,"max_hp_loss":0,"event_name":"The Mausoleum","floor":30,"gold_loss":0,"cards_obtained":["Writhe"]},{"damage_healed":0,"gold_gain":0,"player_choice":"Memory 2","damage_taken":5,"max_hp_gain":0,"max_hp_loss":0,"event_name":"SensoryStone","floor":37,"gold_loss":0},{"damage_healed":0,"gold_gain":50,"player_choice":"Pray","damage_taken":0,"max_hp_gain":0,"max_hp_loss":0,"event_name":"Golden Shrine","floor":38,"gold_loss":0},{"damage_healed":0,"gold_gain":0,"player_choice":"Fight","damage_taken":0,"max_hp_gain":0,"max_hp_loss":0,"event_name":"Mysterious Sphere","floor":40,"gold_loss":0}],"is_beta":false,"boss_relics":[{"not_picked":["Orrery","Fusion Hammer"],"picked":"Pandora\u0027s Box"},{"not_picked":["Astrolabe","Tiny House"],"picked":"Cursed Key"}],"items_purged_floors":[5,45],"is_endless":false,"potions_floor_spawned":[2,8,11,16,31,33,36,40,41,48],"ascension_level":15}