{"gold_per_floor":[212,226,241,241,241,299,299,324,324,324,5,15,15,27,27,103,103,122,140,40,56,69,69,69,69,69,69,69,69],"floor_reached":29,"playtime":958,"items_purged":["Strike_B","Strike_B"],"score":470,"play_id":"992e710d-2828-47b6-922f-ed53508e80cf","local_time":"20181031134339","is_ascension_mode":true,"campfire_choices":[{"floor":7,"key":"REST"},{"data":"Zap","floor":10,"key":"SMITH"},{"data":"Go for the Eyes","floor":15,"key":"SMITH"},{"data":"Defragment","floor":23,"key":"SMITH"},{"data":"Defragment","floor":25,"key":"SMITH"},{"data":"Sweeping Beam","floor":28,"key":"SMITH"}],"neow_cost":"NONE","seed_source_timestamp":1099865023310283,"circlet_count":0,"master_deck":["Strike_B","Strike_B","Defend_B","Defend_B+1","Defend_B","Defend_B","Zap+1","Dualcast+1","AscendersBane","Sunder","Go for the Eyes+1","Compile Driver","Defragment+1","Doom and Gloom","Steam","Defragment+1","Biased Cognition","Cold Snap","Compile Driver","Sweeping Beam+1","Compile Driver"],"relics":["Cracked Core","Tiny Chest","Orichalcum","Meat on the Bone","Blood Vial","Lizard Tail"],"potions_floor_usage":[5,5,8,16,18,21],"damage_taken":[{"damage":1,"enemies":"Cultist","floor":1,"turns":3},{"damage":0,"enemies":"2 Louse","floor":2,"turns":2},{"damage":0,"enemies":"Small Slimes","floor":3,"turns":2},{"damage":0,"enemies":"Blue Slaver","floor":5,"turns":1},{"damage":39,"enemies":"3 Sentries","floor":6,"turns":9},{"damage":22,"enemies":"Lagavulin","floor":8,"turns":5},{"damage":1,"enemies":"Looter","floor":12,"turns":2},{"damage":0,"enemies":"Large Slime","floor":14,"turns":4},{"damage":17,"enemies":"The Guardian","floor":16,"turns":9},{"damage":15,"enemies":"Spheric Guardian","floor":18,"turns":5},{"damage":16,"enemies":"3 Byrds","floor":19,"turns":4},{"damage":19,"enemies":"Centurion and Healer","floor":21,"turns":9},{"damage":27,"enemies":"Snake Plant","floor":22,"turns":4},{"damage":73,"enemies":"Slavers","floor":29,"turns":4}],"seed_played":"-7289465979700381729","potions_obtained":[{"floor":1,"key":"SkillPotion"},{"floor":2,"key":"SmokeBomb"},{"floor":6,"key":"Fire Potion"},{"floor":12,"key":"Explosive Potion"},{"floor":14,"key":"EssenceOfSteel"},{"floor":18,"key":"GamblersBrew"},{"floor":21,"key":"FearPotion"}],"is_trial":false,"path_per_floor":["M","M","M","?","M","E","R","E","T","R","$","M","?","M","R","B",null,"M","M","$","M","M","R","?","R","T","$","R"],"character_chosen":"DEFECT","items_purchased":["Blood Vial","Doom and Gloom"],"campfire_rested":1,"item_purchase_floors":[11,11],"current_hp_per_floor":[63,63,63,42,42,3,24,2,2,2,2,15,15,29,29,26,60,47,45,45,40,27,27,27,27,27,27,27,0],"gold":69,"neow_bonus":"HUNDRED_GOLD","is_prod":false,"is_daily":false,"chose_seed":false,"campfire_upgraded":5,"win_rate":0,"timestamp":1541007819,"path_taken":["M","M","M","?","M","E","R","E","T","R","$","M","?","M","R","BOSS","M","M","$","M","M","R","?","R","T","?","R","E"],"build_version":"2018-10-25v2","purchased_purges":2,"victory":false,"max_hp_per_floor":[71,71,71,71,71,71,71,71,71,71,71,71,71,71,71,71,71,71,71,71,71,71,71,71,71,71,71,71,71],"card_choices":[{"not_picked":["Self Repair","Streamline"],"picked":"Sunder","floor":1},{"not_picked":["Turbo","FTL"],"picked":"Go for the Eyes","floor":2},{"not_picked":["BootSequence","Stack","Gash"],"picked":"SKIP","floor":3},{"not_picked":["Streamline","Storm"],"picked":"Compile Driver","floor":6},{"not_picked":["Fission","Aggregate"],"picked":"Defragment","floor":8},{"not_picked":["Darkness","Gash"],"picked":"Steam","floor":12},{"not_picked":["FTL","Blizzard"],"picked":"Defragment","floor":14},{"not_picked":["Rainbow","Buffer"],"picked":"Biased Cognition","floor":16},{"not_picked":["Go for the Eyes","Conserve Battery"],"picked":"Cold Snap","floor":18},{"not_picked":["Consume","Streamline"],"picked":"Compile Driver","floor":19},{"not_picked":["Scrape","Leap"],"picked":"Sweeping Beam","floor":21},{"not_picked":["Beam Cell","Steam"],"picked":"Compile Driver","floor":22}],"player_experience":1029145,"relics_obtained":[{"floor":6,"key":"Tiny Chest"},{"floor":8,"key":"Orichalcum"},{"floor":9,"key":"Meat on the Bone"}],"event_choices":[{"damage_healed":0,"gold_gain":0,"player_choice":"Entered Light","damage_taken":21,"max_hp_gain":0,"max_hp_loss":0,"event_name":"Shining Light","floor":4,"gold_loss":0,"cards_upgraded":["Dualcast","Defend_B"]},{"damage_healed":0,"gold_gain":0,"player_choice":"Ignored","damage_taken":0,"max_hp_gain":0,"max_hp_loss":0,"event_name":"Liars Game","floor":13,"gold_loss":0},{"damage_healed":0,"gold_gain":0,"player_choice":"Ignored","damage_taken":0,"max_hp_gain":0,"max_hp_loss":0,"event_name":"Beggar","floor":24,"gold_loss":0}],"is_beta":false,"boss_relics":[{"not_picked":["Ectoplasm","Philosopher\u0027s Stone"],"picked":"Lizard Tail"}],"items_purged_floors":[11,20],"is_endless":false,"potions_floor_spawned":[1,2,6,12,14,18,21],"killed_by":"Slavers","ascension_level":20}