{"gold_per_floor":[116,129,154,174,190,190,222,222,222,222,222,249,29,48,48,150,150,167,92,92,105,105,130,130,157,208,236,34,44,58,84,84,184,184,199,217,2,0,15,34,48,67,67,78,78,95,95,4,4,4],"floor_reached":50,"playtime":3410,"items_purged":["Strike_R"],"score":858,"play_id":"5cd558cb-6817-4cd1-b576-16013dfdeb7c","local_time":"20180803114937","is_ascension_mode":true,"campfire_choices":[{"data":"Bash","floor":6,"key":"SMITH"},{"data":"Exhume","floor":8,"key":"SMITH"},{"data":"Sentinel","floor":10,"key":"SMITH"},{"data":"Heavy Blade","floor":15,"key":"SMITH"},{"data":"Metallicize","floor":24,"key":"SMITH"},{"data":"Reaper","floor":32,"key":"SMITH"},{"data":"Bludgeon","floor":45,"key":"SMITH"},{"data":"Inflame","floor":47,"key":"SMITH"},{"data":"Battle Trance","floor":49,"key":"SMITH"}],"neow_cost":"","seed_source_timestamp":166559436887621,"circlet_count":0,"master_deck":["Strike_R+1","Defend_R","Defend_R","Defend_R+1","Defend_R","Bash+1","Battle Trance+1","Exhume+1","Shockwave+1","Headbutt","Sentinel+1","Heavy Blade+1","Shrug It Off+1","Apotheosis+1","Reaper+1","Double Tap+1","Pummel+1","Flame Barrier+1","Metallicize+1","Seeing Red+1","Sentinel+1","True Grit+1","Flex+1","Trip+1","Pommel Strike+1","Dual Wield+1","True Grit+1","Bludgeon+1","Rupture+1","Shrug It Off+1","Twin Strike+1","Body Slam+1","Power Through+1","Shrug It Off+1","True Grit+1","Inflame+1","Warcry+1","Ghostly Armor+1","Battle Trance+1","True Grit+1","Shrug It Off+1","Headbutt","Sentinel+1","Headbutt"],"relics":["Burning Blood","Bag of Preparation","Bronze Scales","War Paint","Vajra","Toxic Egg 2","Coffee Dripper","Enchiridion","Orichalcum","Gremlin Horn","Dream Catcher","Bag of Marbles","Whetstone","Astrolabe","Red Mask","Magic Flower"],"potions_floor_usage":[7,7,16,18,23,25,40,40,46,50,50],"damage_taken":[{"damage":1,"enemies":"Cultist","floor":1,"turns":4},{"damage":3,"enemies":"2 Louse","floor":2,"turns":4},{"damage":13,"enemies":"Jaw Worm","floor":4,"turns":4},{"damage":36,"enemies":"Large Slime","floor":5,"turns":10},{"damage":15,"enemies":"Lagavulin","floor":7,"turns":6},{"damage":14,"enemies":"3 Sentries","floor":12,"turns":8},{"damage":0,"enemies":"Looter","floor":14,"turns":3},{"damage":12,"enemies":"Hexaghost","floor":16,"turns":9},{"damage":4,"enemies":"Spheric Guardian","floor":18,"turns":4},{"damage":3,"enemies":"Shell Parasite","floor":21,"turns":4},{"damage":42,"enemies":"Slavers","floor":23,"turns":6},{"damage":38,"enemies":"Gremlin Leader","floor":25,"turns":7},{"damage":0,"enemies":"Slavers","floor":27,"turns":3},{"damage":2,"enemies":"Cultist and Chosen","floor":29,"turns":3},{"damage":6,"enemies":"Centurion and Healer","floor":30,"turns":4},{"damage":19,"enemies":"Gremlin Leader","floor":31,"turns":6},{"damage":29,"enemies":"Collector","floor":33,"turns":9},{"damage":2,"enemies":"Orb Walker","floor":35,"turns":2},{"damage":0,"enemies":"Flame Bruiser 1 Orb","floor":36,"turns":1},{"damage":23,"enemies":"4 Shapes","floor":39,"turns":5},{"damage":37,"enemies":"Transient","floor":40,"turns":5},{"damage":43,"enemies":"Maw","floor":41,"turns":9},{"damage":46,"enemies":"Flame Bruiser 2 Orb","floor":42,"turns":5},{"damage":14,"enemies":"3 Darklings","floor":44,"turns":11},{"damage":29,"enemies":"Maw","floor":46,"turns":11},{"damage":19,"enemies":"Awakened One","floor":50,"turns":3}],"seed_played":"1832471761227088352","potions_obtained":[{"floor":2,"key":"SkillPotion"},{"floor":5,"key":"AttackPotion"},{"floor":7,"key":"Strength Potion"},{"floor":14,"key":"Block Potion"},{"floor":16,"key":"LiquidBronze"},{"floor":21,"key":"FairyPotion"},{"floor":23,"key":"Fire Potion"},{"floor":27,"key":"Poison Potion"},{"floor":36,"key":"PowerPotion"},{"floor":39,"key":"Fire Potion"},{"floor":42,"key":"GamblersBrew"},{"floor":44,"key":"FearPotion"},{"floor":46,"key":"Explosive Potion"}],"is_trial":false,"path_per_floor":["M","M","T","M","M","R","E","R","T","R","?","E","$","M","R","B",null,"M","?","?","M","?","E","R","E","T","E","$","M","M","E","R","B",null,"M","M","$","?","M","M","M","M","T","M","R","M","R","$","R"],"character_chosen":"IRONCLAD","items_purchased":["Shrug It Off+1","Apotheosis+1","True Grit+1","Flex+1","Trip+1","Shrug It Off+1","True Grit+1","Inflame","Sentinel+1","Headbutt"],"campfire_rested":0,"item_purchase_floors":[13,13,28,28,28,37,37,37,48,48],"current_hp_per_floor":[77,80,80,73,43,43,34,34,34,34,34,26,26,32,32,36,69,71,71,55,58,43,77,77,59,59,83,83,85,85,85,85,77,83,85,85,85,85,69,38,23,34,34,37,37,17,17,17,17,0],"gold":4,"neow_bonus":"","is_prod":false,"is_daily":false,"chose_seed":false,"campfire_upgraded":9,"win_rate":0,"timestamp":1533311377,"path_taken":["M","?","?","M","M","R","E","R","T","R","?","E","$","M","R","BOSS","M","?","?","M","?","E","R","E","T","E","$","M","M","E","R","BOSS","M","M","$","?","M","M","?","M","T","M","R","M","R","$","R","BOSS"],"build_version":"2018-08-02","purchased_purges":1,"victory":false,"max_hp_per_floor":[80,80,80,80,80,80,80,80,80,80,80,80,80,80,80,80,80,80,80,80,80,85,85,85,85,85,85,85,85,85,85,85,85,85,85,85,85,85,85,85,85,85,85,85,85,85,85,85,85,85],"card_choices":[{"not_picked":["Iron Wave","Cleave"],"picked":"Battle Trance","floor":1},{"not_picked":["Thunderclap","Cleave"],"picked":"Exhume","floor":2},{"not_picked":["Reckless Charge","Second Wind"],"picked":"Shockwave","floor":4},{"not_picked":["Rage","Warcry"],"picked":"Headbutt","floor":5},{"not_picked":["Dual Wield","Flex"],"picked":"Sentinel","floor":7},{"not_picked":["Pommel Strike","Sword Boomerang"],"picked":"Heavy Blade","floor":12},{"not_picked":["Thunderclap","Clash"],"picked":"Reaper","floor":14},{"not_picked":["Immolate","Demon Form"],"picked":"Double Tap+1","floor":16},{"not_picked":["Anger","Rupture"],"picked":"Pummel+1","floor":18},{"not_picked":["Headbutt","Twin Strike"],"picked":"Flame Barrier+1","floor":21},{"not_picked":["Clash","Thunderclap+1"],"picked":"Metallicize","floor":23},{"not_picked":["Cleave","Clash"],"picked":"Seeing Red+1","floor":25},{"not_picked":["Entrench+1","Reckless Charge"],"picked":"Sentinel+1","floor":27},{"not_picked":["Evolve","Sword Boomerang+1"],"picked":"Pommel Strike","floor":29},{"not_picked":["Ghostly Armor+1","Sword Boomerang"],"picked":"Dual Wield+1","floor":30},{"not_picked":["Sword Boomerang+1","Dark Embrace"],"picked":"True Grit+1","floor":31},{"not_picked":["Dark Embrace","Feed"],"picked":"Bludgeon","floor":33},{"not_picked":["Wild Strike","Twin Strike+1"],"picked":"Body Slam+1","floor":35},{"not_picked":["Corruption","Metallicize"],"picked":"Power Through+1","floor":36},{"not_picked":["Power Through+1","Headbutt"],"picked":"Warcry+1","floor":39},{"not_picked":["Havoc+1","Thunderclap"],"picked":"Ghostly Armor+1","floor":40},{"not_picked":["Combust","Pommel Strike"],"picked":"Battle Trance+1","floor":41},{"not_picked":["Dual Wield+1","Bludgeon"],"picked":"True Grit+1","floor":42},{"not_picked":["Pummel","Sword Boomerang"],"picked":"Shrug It Off+1","floor":44},{"not_picked":["Flex+1","Clash+1"],"picked":"Headbutt","floor":46}],"player_experience":429568,"relics_obtained":[{"floor":3,"key":"Bag of Preparation"},{"floor":7,"key":"Bronze Scales"},{"floor":9,"key":"War Paint"},{"floor":12,"key":"Toxic Egg 2"},{"floor":20,"key":"Enchiridion"},{"floor":23,"key":"Orichalcum"},{"floor":25,"key":"Gremlin Horn"},{"floor":26,"key":"Dream Catcher"},{"floor":27,"key":"Bag of Marbles"},{"floor":31,"key":"Whetstone"},{"floor":43,"key":"Magic Flower"}],"event_choices":[{"event_name":"Accursed Blacksmith","player_choice":"Rummage","floor":11,"damage_taken":0},{"event_name":"Beggar","player_choice":"Gave Gold","floor":19,"damage_taken":0},{"event_name":"Cursed Tome","player_choice":"Obtained Book","floor":20,"damage_taken":0},{"event_name":"Forgotten Altar","player_choice":"Shed Blood","floor":22,"damage_taken":0},{"event_name":"Tomb of Lord Red Mask","player_choice":"Paid","floor":38,"damage_taken":0}],"is_beta":false,"boss_relics":[{"not_picked":["Runic Pyramid","Tiny House"],"picked":"Coffee Dripper"},{"not_picked":["Snecko Eye","Velvet Choker"],"picked":"Astrolabe"}],"items_purged_floors":[37],"is_endless":false,"potions_floor_spawned":[2,5,7,14,16,21,23,27,36,39,42,44,46],"killed_by":"Awakened One","ascension_level":8}