{"gold_per_floor":[119,130,144,144,159,159,172,172,198,226,238],"floor_reached":11,"playtime":584,"items_purged":[],"score":117,"play_id":"53e84ee1-ec62-448d-b29d-ab6a8e8987dd","local_time":"20181014192612","is_ascension_mode":true,"campfire_choices":[{"data":"Leg Sweep","floor":6,"key":"SMITH"},{"data":"Leg Sweep","floor":8,"key":"SMITH"}],"neow_cost":"NONE","seed_source_timestamp":360828662967087,"circlet_count":0,"master_deck":["Defend_G","Defend_G","Defend_G","Defend_G","Defend_G","Strike_G","Strike_G","Strike_G","Strike_G","Strike_G","Survivor","Neutralize","AscendersBane","Leg Sweep+1","Leg Sweep+1","Neutralize","Dagger Spray","Cloak And Dagger"],"relics":["Ring of the Snake","Pen Nib","MawBank"],"potions_floor_usage":[5],"damage_taken":[{"damage":0,"enemies":"Small Slimes","floor":1,"turns":4},{"damage":0,"enemies":"Cultist","floor":2,"turns":4},{"damage":0,"enemies":"2 Louse","floor":3,"turns":2},{"damage":3,"enemies":"Lots of Slimes","floor":5,"turns":9},{"damage":38,"enemies":"Exordium Thugs","floor":7,"turns":13},{"damage":4,"enemies":"3 Louse","floor":10,"turns":5},{"damage":25,"enemies":"Lagavulin","floor":11,"turns":10}],"seed_played":"3789524284425651566","potions_obtained":[{"floor":1,"key":"Swift Potion"},{"floor":2,"key":"Weak Potion"},{"floor":3,"key":"Fire Potion"}],"is_trial":false,"path_per_floor":["M","M","M","?","M","R","M","R","T","M"],"character_chosen":"THE_SILENT","items_purchased":[],"campfire_rested":0,"item_purchase_floors":[],"current_hp_per_floor":[59,59,59,59,56,56,18,18,18,14,0],"gold":238,"neow_bonus":"RANDOM_COMMON_RELIC","is_prod":false,"is_daily":false,"chose_seed":false,"campfire_upgraded":2,"win_rate":0,"timestamp":1539559572,"path_taken":["M","M","M","?","M","R","?","R","T","M","E"],"build_version":"2018-10-11","purchased_purges":0,"victory":false,"max_hp_per_floor":[66,66,66,66,66,66,66,66,66,66,66],"card_choices":[{"not_picked":["Deadly Poison","Concentrate"],"picked":"Leg Sweep","floor":1},{"not_picked":["Dagger Spray","Riddle With Holes"],"picked":"Leg Sweep","floor":2},{"not_picked":["Eviscerate","Predator","Bane"],"picked":"SKIP","floor":3},{"not_picked":["Sucker Punch","Reflex","Predator"],"picked":"SKIP","floor":5},{"not_picked":["Endless Agony","Bane"],"picked":"Dagger Spray","floor":7},{"not_picked":["Flying Knee","Riddle With Holes"],"picked":"Cloak And Dagger","floor":10}],"player_experience":890881,"relics_obtained":[{"floor":9,"key":"MawBank"}],"event_choices":[{"event_name":"Match and Keep!","player_choice":"1 cards matched","floor":4,"damage_taken":0}],"is_beta":false,"boss_relics":[],"items_purged_floors":[],"is_endless":false,"potions_floor_spawned":[1,2,3],"killed_by":"Lagavulin","ascension_level":15}