{"gold_per_floor":[13,13,13,28,42,42,74,74,74,74],"floor_reached":10,"playtime":379,"items_purged":[],"score":132,"play_id":"60f2dbc3-28af-47c8-a97e-78af0662d5dc","local_time":"20181118185549","is_ascension_mode":true,"campfire_choices":[{"data":"Neutralize","floor":6,"key":"SMITH"},{"data":"Footwork","floor":8,"key":"SMITH"}],"neow_cost":"NO_GOLD","seed_source_timestamp":370904578151060,"circlet_count":0,"master_deck":["AscendersBane","Defend_G","Defend_G","Defend_G+1","Defend_G","Defend_G","Strike_G","Strike_G","Strike_G","Strike_G","Strike_G","Survivor","Neutralize+1","Deep Breath","Deflect+1","Footwork+1","Deadly Poison","Envenom"],"relics":["Ring of the Snake","Meat on the Bone","Blood Vial"],"potions_floor_usage":[7],"damage_taken":[{"damage":3,"enemies":"Small Slimes","floor":1,"turns":5},{"damage":1,"enemies":"Jaw Worm","floor":4,"turns":4},{"damage":0,"enemies":"Cultist","floor":5,"turns":6},{"damage":67,"enemies":"Gremlin Nob","floor":7,"turns":7},{"damage":23,"enemies":"Exordium Wildlife","floor":10,"turns":8}],"seed_played":"8067228504862088657","potions_obtained":[{"floor":4,"key":"Weak Potion"}],"is_trial":false,"path_per_floor":["M","?","?","M","M","R","E","R","T","M"],"character_chosen":"THE_SILENT","items_purchased":[],"campfire_rested":0,"item_purchase_floors":[],"current_hp_per_floor":[56,36,76,75,75,75,8,8,8,0],"gold":74,"neow_bonus":"RANDOM_COLORLESS_2","is_prod":false,"is_daily":false,"chose_seed":false,"campfire_upgraded":2,"win_rate":0,"timestamp":1542585349,"path_taken":["M","?","?","?","M","R","E","R","T","M"],"build_version":"2018-11-15","purchased_purges":0,"victory":false,"max_hp_per_floor":[66,66,76,76,76,76,76,76,76,76],"card_choices":[{"not_picked":["Blade Dance","Poisoned Stab"],"picked":"Deflect","floor":1},{"not_picked":["Poisoned Stab","Prepared"],"picked":"Footwork","floor":4},{"not_picked":["Infinite Blades","Flying Knee"],"picked":"Deadly Poison","floor":5},{"not_picked":["Sucker Punch","Caltrops"],"picked":"Envenom","floor":7}],"player_experience":1099453,"relics_obtained":[{"floor":7,"key":"Meat on the Bone"},{"floor":9,"key":"Blood Vial"}],"event_choices":[{"damage_healed":0,"gold_gain":0,"player_choice":"Entered Light","damage_taken":20,"max_hp_gain":0,"max_hp_loss":0,"event_name":"Shining Light","floor":2,"gold_loss":0,"cards_upgraded":["Defend_G","Deflect"]},{"cards_removed":["Metamorphosis"],"damage_healed":30,"gold_gain":0,"player_choice":"Offered Rare","damage_taken":0,"max_hp_gain":10,"max_hp_loss":0,"event_name":"Bonfire Elementals","floor":3,"gold_loss":0}],"is_beta":false,"boss_relics":[],"items_purged_floors":[],"is_endless":false,"potions_floor_spawned":[4],"killed_by":"Exordium Wildlife","ascension_level":20}