{"gold_per_floor":[117,128,78,253,279,323,335,347,359,402,433,480,492,189,189,189],"floor_reached":16,"playtime":545,"items_purged":["Injury"],"score":190,"play_id":"bd651592-cc74-48f8-9940-8befb46fc8fd","local_time":"20190602192948","is_ascension_mode":true,"campfire_choices":[{"floor":7,"key":"REST"},{"floor":15,"key":"REST"}],"neow_cost":"NONE","seed_source_timestamp":127671888085147,"circlet_count":0,"master_deck":["Defend_G","Defend_G","Defend_G","Defend_G","Defend_G","Strike_G","Strike_G","Strike_G","Strike_G","Survivor","Neutralize","Quick Slash","Unload","Backflip","Reflex"],"relics":["Ring of the Snake","NeowsBlessing","MawBank","Bag of Marbles","Golden Idol","Art of War","PreservedInsect","Pantograph","Letter Opener"],"potions_floor_usage":[10],"damage_taken":[{"damage":0,"enemies":"2 Louse","floor":1,"turns":1},{"damage":0,"enemies":"Jaw Worm","floor":2,"turns":1},{"damage":0,"enemies":"Gremlin Nob","floor":6,"turns":1},{"damage":34,"enemies":"Lagavulin","floor":10,"turns":8},{"damage":4,"enemies":"Small Slimes","floor":11,"turns":3},{"damage":24,"enemies":"Gremlin Nob","floor":12,"turns":4},{"damage":55,"enemies":"The Guardian","floor":16,"turns":16}],"seed_played":"394842416375990566","potions_obtained":[{"floor":6,"key":"Fire Potion"},{"floor":10,"key":"SteroidPotion"}],"is_trial":false,"path_per_floor":["M","M","?","?","T","E","R","?","T","E","M","E","?","$","R","B"],"character_chosen":"THE_SILENT","items_purchased":["Letter Opener"],"campfire_rested":2,"item_purchase_floors":[14],"current_hp_per_floor":[63,63,63,63,63,63,70,70,70,36,32,8,8,8,29,0],"gold":189,"neow_bonus":"THREE_ENEMY_KILL","is_prod":false,"is_daily":false,"chose_seed":false,"campfire_upgraded":0,"win_rate":0,"timestamp":1559518188,"path_taken":["M","M","?","?","?","E","R","?","T","E","M","E","?","$","R","BOSS"],"build_version":"2019-01-23","purchased_purges":1,"victory":false,"max_hp_per_floor":[70,70,70,70,70,70,70,70,70,70,70,70,70,70,70,70],"card_choices":[{"not_picked":["Prepared","Underhanded Strike"],"picked":"Quick Slash","floor":1},{"not_picked":["Distraction","Flying Knee","Eviscerate"],"picked":"SKIP","floor":2},{"not_picked":["Flying Knee","Poisoned Stab","Outmaneuver"],"picked":"SKIP","floor":6},{"not_picked":["Dodge and Roll","Flying Knee"],"picked":"Unload","floor":10},{"not_picked":["Crippling Poison","Dagger Throw"],"picked":"Backflip","floor":11},{"not_picked":["Endless Agony","Flying Knee"],"picked":"Reflex","floor":12}],"player_experience":368385,"relics_obtained":[{"floor":5,"key":"MawBank"},{"floor":6,"key":"Bag of Marbles"},{"floor":9,"key":"Art of War"},{"floor":10,"key":"PreservedInsect"},{"floor":12,"key":"Pantograph"}],"event_choices":[{"cards_removed":["Strike_G"],"damage_healed":0,"gold_gain":0,"player_choice":"Card Removal","damage_taken":0,"max_hp_gain":0,"max_hp_loss":0,"event_name":"The Cleric","floor":3,"gold_loss":50},{"damage_healed":0,"gold_gain":175,"player_choice":"AGREE","damage_taken":0,"max_hp_gain":0,"max_hp_loss":0,"event_name":"Liars Game","floor":4,"gold_loss":0,"cards_obtained":["Doubt"]},{"damage_healed":0,"gold_gain":0,"player_choice":"Take Wound","damage_taken":0,"relics_obtained":["Golden Idol"],"max_hp_gain":0,"max_hp_loss":0,"event_name":"Golden Idol","floor":8,"gold_loss":0,"cards_obtained":["Injury"]},{"cards_removed":["Doubt"],"damage_healed":0,"gold_gain":0,"player_choice":"Forget","damage_taken":0,"max_hp_gain":0,"max_hp_loss":0,"event_name":"Living Wall","floor":13,"gold_loss":0}],"is_beta":false,"boss_relics":[],"items_purged_floors":[14],"is_endless":false,"potions_floor_spawned":[6,10],"killed_by":"The Guardian","ascension_level":7}