{"gold_per_floor":[118,118,118,25,25,58,58,88,88,122,56,75,75,88,88,161,161,175,195,214,214,264,264,264],"floor_reached":24,"playtime":883,"items_purged":["Strike_G"],"score":549,"play_id":"2865c1d5-b387-4400-ae75-4f55c495cea7","local_time":"20190514193345","is_ascension_mode":true,"campfire_choices":[{"data":"Leg Sweep","floor":7,"key":"SMITH"},{"floor":13,"key":"REST"},{"data":"Bouncing Flask","floor":15,"key":"SMITH"},{"data":"Noxious Fumes","floor":23,"key":"SMITH"}],"neow_cost":"NONE","seed_source_timestamp":871937328985233,"circlet_count":0,"master_deck":["AscendersBane","Defend_G","Defend_G","Defend_G","Defend_G","Defend_G","Survivor","Neutralize","Quick Slash","Backflip","Leg Sweep+1","Bouncing Flask+1","PiercingWail","Well Laid Plans","Footwork","Predator","Escape Plan","Burst","Dagger Spray","Noxious Fumes+1","Dagger Throw+1","Bite","Bite","Bite","Bite","Bite"],"relics":["Ring of the Snake","NeowsBlessing","Smiling Mask","Pear","Calipers","Dream Catcher","Black Star"],"potions_floor_usage":[10,24,24],"damage_taken":[{"damage":0,"enemies":"Cultist","floor":1,"turns":1},{"damage":0,"enemies":"Lagavulin","floor":6,"turns":1},{"damage":0,"enemies":"3 Sentries","floor":8,"turns":1},{"damage":42,"enemies":"Gremlin Nob","floor":10,"turns":6},{"damage":0,"enemies":"2 Louse","floor":12,"turns":5},{"damage":1,"enemies":"Small Slimes","floor":14,"turns":3},{"damage":2,"enemies":"Hexaghost","floor":16,"turns":11},{"damage":7,"enemies":"Spheric Guardian","floor":18,"turns":4},{"damage":17,"enemies":"Shell Parasite","floor":19,"turns":6},{"damage":25,"enemies":"Shelled Parasite and Fungi","floor":20,"turns":11},{"damage":23,"enemies":"Slavers","floor":24,"turns":3}],"seed_played":"378417592932952477","potions_obtained":[{"floor":8,"key":"LiquidBronze"},{"floor":10,"key":"Ancient Potion"},{"floor":16,"key":"Energy Potion"},{"floor":18,"key":"SpeedPotion"}],"is_trial":false,"path_per_floor":["M","?","?","$","?","E","R","E","T","E","?","M","R","M","R","B",null,"M","M","M","?","?","R","E"],"character_chosen":"THE_SILENT","items_purchased":["Leg Sweep"],"campfire_rested":1,"item_purchase_floors":[4],"current_hp_per_floor":[59,41,41,41,34,44,44,44,44,2,2,2,24,23,23,21,62,55,38,13,13,13,13,0],"gold":264,"neow_bonus":"THREE_ENEMY_KILL","is_prod":false,"is_daily":false,"chose_seed":false,"campfire_upgraded":3,"win_rate":0,"timestamp":1557876825,"path_taken":["M","?","?","$","?","E","R","E","T","E","?","M","R","M","R","BOSS","M","M","M","?","?","R","E"],"build_version":"2019-01-23","purchased_purges":1,"victory":false,"max_hp_per_floor":[66,66,66,66,66,76,76,76,76,76,76,76,76,76,76,76,76,76,76,76,53,53,53,53],"card_choices":[{"not_picked":["Dodge and Roll","Reflex"],"picked":"Quick Slash","floor":1},{"not_picked":["Dodge and Roll","Bane"],"picked":"Bouncing Flask","floor":6},{"not_picked":["Storm of Steel","Slice"],"picked":"PiercingWail","floor":8},{"not_picked":["Deadly Poison","Crippling Poison"],"picked":"Well Laid Plans","floor":10},{"not_picked":["Dodge and Roll","Blade Dance"],"picked":"Footwork","floor":12},{"not_picked":["Deadly Poison","Quick Slash"],"picked":"Predator","floor":13},{"not_picked":["Poisoned Stab","Outmaneuver"],"picked":"Escape Plan","floor":14},{"not_picked":["Phantasmal Killer","Tools of the Trade"],"picked":"Burst","floor":16},{"not_picked":["Underhanded Strike","Flying Knee"],"picked":"Dagger Spray","floor":18},{"not_picked":["Expertise","Deflect"],"picked":"Noxious Fumes","floor":19},{"not_picked":["Dash","Bane"],"picked":"Dagger Throw+1","floor":20}],"player_experience":1398922,"relics_obtained":[{"floor":6,"key":"Pear"},{"floor":8,"key":"Calipers"},{"floor":10,"key":"Dream Catcher"}],"event_choices":[{"damage_healed":0,"gold_gain":0,"player_choice":"Success","damage_taken":18,"relics_obtained":["Smiling Mask"],"max_hp_gain":0,"max_hp_loss":0,"event_name":"Scrap Ooze","floor":2,"gold_loss":0},{"damage_healed":0,"gold_gain":0,"cards_transformed":["Strike_G"],"player_choice":"Change","damage_taken":0,"max_hp_gain":0,"max_hp_loss":0,"event_name":"Living Wall","floor":3,"gold_loss":0,"cards_obtained":["Backflip"]},{"cards_removed":["Strike_G"],"damage_healed":0,"gold_gain":0,"player_choice":"Card Removal","damage_taken":7,"max_hp_gain":0,"max_hp_loss":0,"event_name":"Golden Wing","floor":5,"gold_loss":0},{"damage_healed":0,"gold_gain":0,"player_choice":"Left Gold","damage_taken":0,"max_hp_gain":0,"max_hp_loss":0,"event_name":"World of Goop","floor":11,"gold_loss":66},{"damage_healed":0,"gold_gain":0,"player_choice":"Became a vampire","damage_taken":0,"max_hp_gain":0,"max_hp_loss":23,"event_name":"Vampires","floor":21,"gold_loss":0,"cards_obtained":["Bite","Bite","Bite","Bite","Bite"]},{"damage_healed":0,"gold_gain":50,"player_choice":"Stole From Cult","damage_taken":0,"max_hp_gain":0,"max_hp_loss":0,"event_name":"Nest","floor":22,"gold_loss":0}],"is_beta":false,"boss_relics":[{"not_picked":["Eternal Feather","Calling Bell"],"picked":"Black Star"}],"items_purged_floors":[4],"is_endless":false,"potions_floor_spawned":[8,10,16,18],"killed_by":"Slavers","ascension_level":20}