{"gold_per_floor":[112,123,143,154,174,174,202,221,221,221,53,69,98,111,111,188,188,201,201,201,116,18,18,44,44,120,120,120,140,140,156,156,156],"floor_reached":33,"playtime":1818,"items_purged":[],"score":551,"play_id":"3da84f7c-e503-4cc3-8dbe-a7a7e8452d7c","local_time":"20190722193932","is_ascension_mode":true,"campfire_choices":[{"data":"Whirlwind","floor":6,"key":"SMITH"},{"data":"True Grit","floor":10,"key":"SMITH"},{"data":"Body Slam","floor":15,"key":"SMITH"},{"data":"Limit Break","floor":23,"key":"SMITH"},{"data":"Disarm","floor":25,"key":"SMITH"},{"data":"Sword Boomerang","floor":30,"key":"SMITH"},{"floor":32,"key":"REST"}],"neow_cost":"NONE","seed_source_timestamp":18204836446751,"circlet_count":0,"master_deck":["AscendersBane","Defend_R","Defend_R","Defend_R","Defend_R+1","Bash","True Grit+1","Whirlwind+1","Anger","Sword Boomerang+1","Ghostly Armor","Shrug It Off","Body Slam+1","Limit Break+1","Spot Weakness","Bite","Bite","Bite","Bite","Bite","Shrug It Off","Battle Trance","Disarm+1","Shrug It Off","Barricade"],"relics":["Burning Blood","Kunai","Dodecahedron","Vajra","Pear","Empty Cage","Potion Belt","Ice Cream","Self Forming Clay","MutagenicStrength"],"potions_floor_usage":[5,8,16,24,24],"damage_taken":[{"damage":4,"enemies":"Cultist","floor":1,"turns":4},{"damage":4,"enemies":"Jaw Worm","floor":2,"turns":3},{"damage":2,"enemies":"2 Louse","floor":3,"turns":4},{"damage":7,"enemies":"2 Fungi Beasts","floor":4,"turns":3},{"damage":11,"enemies":"3 Louse","floor":5,"turns":4},{"damage":37,"enemies":"Gremlin Nob","floor":7,"turns":4},{"damage":18,"enemies":"Gremlin Gang","floor":8,"turns":3},{"damage":0,"enemies":"Large Slime","floor":12,"turns":4},{"damage":1,"enemies":"3 Sentries","floor":13,"turns":5},{"damage":7,"enemies":"Looter","floor":14,"turns":3},{"damage":12,"enemies":"Hexaghost","floor":16,"turns":11},{"damage":22,"enemies":"Chosen","floor":18,"turns":5},{"damage":41,"enemies":"Book of Stabbing","floor":24,"turns":5},{"damage":15,"enemies":"Spheric Guardian","floor":29,"turns":4},{"damage":22,"enemies":"3 Cultists","floor":31,"turns":6},{"damage":79,"enemies":"Automaton","floor":33,"turns":6}],"seed_played":"7712270788140897605","potions_obtained":[{"floor":1,"key":"Energy Potion"},{"floor":2,"key":"Dexterity Potion"},{"floor":3,"key":"EntropicBrew"},{"floor":12,"key":"BloodPotion"},{"floor":16,"key":"PowerPotion"}],"is_trial":false,"path_per_floor":["M","M","M","M","M","R","E","M","T","R","$","M","E","M","R","B",null,"M","?","?","?","$","R","E","R","T","?","?","M","R","M","R","B"],"character_chosen":"IRONCLAD","items_purchased":["Vajra","Shrug It Off","Battle Trance"],"campfire_rested":1,"item_purchase_floors":[11,22,22],"current_hp_per_floor":[70,72,75,74,69,69,38,44,44,44,44,50,65,64,64,58,78,62,62,59,59,59,59,42,42,42,42,42,43,43,39,56,0],"gold":156,"neow_bonus":"UPGRADE_CARD","is_prod":false,"is_daily":false,"chose_seed":false,"campfire_upgraded":6,"win_rate":0,"timestamp":1563838772,"path_taken":["M","M","M","?","M","R","E","M","T","R","$","M","E","M","R","BOSS","M","?","?","?","$","R","E","R","T","?","?","M","R","M","R","BOSS"],"build_version":"2019-07-17","purchased_purges":0,"victory":false,"max_hp_per_floor":[75,75,75,75,75,75,75,75,75,75,75,75,85,85,85,85,85,85,85,59,59,59,59,59,59,59,59,59,59,59,59,59,59],"card_choices":[{"not_picked":["Dual Wield","Corruption","Blood for Blood"],"picked":"SKIP","floor":1},{"not_picked":["Flex","Cleave"],"picked":"True Grit","floor":2},{"not_picked":["Twin Strike","Corruption"],"picked":"Whirlwind","floor":3},{"not_picked":["Flex","Thunderclap"],"picked":"Anger","floor":4},{"not_picked":["Warcry","Rupture","Clash"],"picked":"SKIP","floor":5},{"not_picked":["Brutality","Warcry"],"picked":"Sword Boomerang","floor":7},{"not_picked":["Fire Breathing","Anger","Twin Strike"],"picked":"SKIP","floor":8},{"not_picked":["Warcry","Flex"],"picked":"Ghostly Armor","floor":12},{"not_picked":["True Grit","Combust"],"picked":"Shrug It Off","floor":13},{"not_picked":["Heavy Blade","Metallicize"],"picked":"Body Slam","floor":14},{"not_picked":["Bludgeon","Brutality"],"picked":"Limit Break","floor":16},{"not_picked":["Evolve","Clothesline","Pommel Strike"],"picked":"SKIP","floor":18},{"not_picked":["Power Through+1","Hemokinesis"],"picked":"Disarm","floor":24},{"not_picked":["Perfected Strike","Iron Wave"],"picked":"Shrug It Off","floor":29},{"not_picked":["Carnage","Sentinel"],"picked":"Barricade","floor":31}],"player_experience":584181,"relics_obtained":[{"floor":7,"key":"Kunai"},{"floor":9,"key":"Dodecahedron"},{"floor":13,"key":"Pear"},{"floor":24,"key":"Ice Cream"},{"floor":26,"key":"Self Forming Clay"}],"event_choices":[{"damage_healed":0,"gold_gain":0,"player_choice":"Read","damage_taken":0,"max_hp_gain":0,"max_hp_loss":0,"event_name":"The Library","floor":19,"gold_loss":0,"cards_obtained":["Spot Weakness"]},{"damage_healed":0,"gold_gain":0,"player_choice":"Became a vampire","damage_taken":0,"max_hp_gain":0,"max_hp_loss":26,"event_name":"Vampires","floor":20,"gold_loss":0,"cards_obtained":["Bite","Bite","Bite","Bite","Bite"]},{"damage_healed":0,"gold_gain":0,"player_choice":"Obtained Relic","damage_taken":0,"relics_obtained":["Potion Belt"],"max_hp_gain":0,"max_hp_loss":0,"event_name":"Addict","floor":21,"gold_loss":85},{"damage_healed":0,"gold_gain":0,"player_choice":"Inject Mutagens","damage_taken":0,"relics_obtained":["MutagenicStrength"],"max_hp_gain":0,"max_hp_loss":0,"event_name":"Drug Dealer","floor":27,"gold_loss":0},{"damage_healed":0,"gold_gain":0,"player_choice":"Ignored","damage_taken":0,"max_hp_gain":0,"max_hp_loss":0,"event_name":"Ghosts","floor":28,"gold_loss":0}],"is_beta":false,"boss_relics":[{"not_picked":["Coffee Dripper","Philosopher\u0027s Stone"],"picked":"Empty Cage"}],"items_purged_floors":[],"is_endless":false,"potions_floor_spawned":[1,2,3,12,14,16,18],"killed_by":"Automaton","ascension_level":18}