{"gold_per_floor":[117,132,146,146,42,42,76,76,122,137,137,137,62,78,78,183,183,194,208,228,228,228,228,254,274,274,290,290,290],"floor_reached":29,"playtime":1937,"items_purged":[],"score":245,"play_id":"f8456648-eb8d-4533-80a0-de527ede553c","local_time":"20190708081000","is_ascension_mode":false,"campfire_choices":[{"data":"Zap","floor":6,"key":"SMITH"},{"data":"Self Repair","floor":8,"key":"SMITH"},{"data":"Capacitor","floor":11,"key":"SMITH"},{"data":"Beam Cell","floor":15,"key":"SMITH"},{"data":"Echo Form","floor":23,"key":"SMITH"},{"floor":28,"key":"REST"}],"neow_cost":"NONE","seed_source_timestamp":185655632798619,"circlet_count":0,"master_deck":["Strike_B","Strike_B","Strike_B","Strike_B","Defend_B","Defend_B+1","Defend_B","Defend_B","Zap+1","Dualcast+1","Self Repair+1","Beam Cell+1","Force Field","Capacitor+1","Leap+1","Streamline+1","Ball Lightning","Loop","Echo Form+1","Conserve Battery","Buffer","Barrage","Leap","Cold Snap+1"],"relics":["Cracked Core","NeowsBlessing","War Paint","PreservedInsect","Lizard Tail","Pen Nib","Bottled Flame"],"potions_floor_usage":[10,16,20,20,24,25],"damage_taken":[{"damage":0,"enemies":"Small Slimes","floor":1,"turns":1},{"damage":0,"enemies":"Jaw Worm","floor":2,"turns":1},{"damage":0,"enemies":"Cultist","floor":3,"turns":1},{"damage":18,"enemies":"Lagavulin","floor":7,"turns":8},{"damage":6,"enemies":"2 Fungi Beasts","floor":10,"turns":5},{"damage":0,"enemies":"Exordium Wildlife","floor":14,"turns":2},{"damage":25,"enemies":"Slime Boss","floor":16,"turns":7},{"damage":10,"enemies":"Chosen","floor":18,"turns":4},{"damage":27,"enemies":"2 Thieves","floor":19,"turns":4},{"damage":17,"enemies":"Snecko","floor":20,"turns":4},{"damage":55,"enemies":"Book of Stabbing","floor":24,"turns":8},{"damage":22,"enemies":"Centurion and Healer","floor":25,"turns":11},{"damage":37,"enemies":"Snake Plant","floor":27,"turns":6},{"damage":25,"enemies":"Slavers","floor":29,"turns":3}],"seed_played":"8509899265948710806","potions_obtained":[{"floor":2,"key":"Weak Potion"},{"floor":3,"key":"Strength Potion"},{"floor":16,"key":"Regen Potion"},{"floor":19,"key":"AttackPotion"},{"floor":20,"key":"Block Potion"},{"floor":24,"key":"EssenceOfSteel"}],"is_trial":false,"path_per_floor":["M","M","M","?","$","R","E","R","T","M","R","?","$","M","R","B",null,"M","M","M","?","?","R","E","M","T","M","R","E"],"character_chosen":"DEFECT","items_purchased":["Capacitor","Leap","Loop"],"campfire_rested":1,"item_purchase_floors":[5,5,13],"current_hp_per_floor":[75,75,75,75,75,75,64,64,64,68,68,53,53,53,53,38,75,75,48,63,49,49,49,60,58,58,21,45,20],"gold":290,"neow_bonus":"THREE_ENEMY_KILL","is_prod":false,"is_daily":false,"chose_seed":false,"campfire_upgraded":5,"win_rate":0.0,"timestamp":1562598600,"path_taken":["M","M","M","?","$","R","E","R","T","M","R","?","?","M","R","BOSS","M","M","M","?","?","R","E","M","T","M","R","E"],"build_version":"2019-07-05","purchased_purges":0,"victory":false,"max_hp_per_floor":[75,75,75,75,75,75,75,75,75,75,75,75,75,75,75,75,75,75,75,75,80,80,80,80,80,80,80,80,80],"card_choices":[{"not_picked":["Steam","Rebound"],"picked":"Barrage","floor":1},{"not_picked":["Fusion","Storm"],"picked":"Self Repair","floor":2},{"not_picked":["Chill","Aggregate"],"picked":"Beam Cell","floor":3},{"not_picked":["Tempest","Stack"],"picked":"Streamline","floor":7},{"not_picked":["Sweeping Beam","Rip and Tear"],"picked":"Ball Lightning","floor":10},{"not_picked":["Aggregate","Barrage","Glacier"],"picked":"SKIP","floor":14},{"not_picked":["Machine Learning","Seek"],"picked":"Echo Form","floor":16},{"not_picked":["Genetic Algorithm","Turbo","Blizzard+1"],"picked":"SKIP","floor":18},{"not_picked":["Turbo","Blizzard"],"picked":"Conserve Battery","floor":19},{"not_picked":["Rebound","Conserve Battery"],"picked":"Buffer","floor":20},{"not_picked":["Reinforced Body","Streamline"],"picked":"Barrage","floor":24},{"not_picked":["Beam Cell","Heatsinks"],"picked":"Leap","floor":25},{"not_picked":["Beam Cell","Loop"],"picked":"Cold Snap+1","floor":27}],"player_experience":210155,"relics_obtained":[{"floor":7,"key":"War Paint"},{"floor":9,"key":"PreservedInsect"},{"floor":24,"key":"Pen Nib"},{"floor":26,"key":"Bottled Flame"}],"event_choices":[{"damage_healed":0,"gold_gain":0,"cards_transformed":["Barrage"],"player_choice":"Change","damage_taken":0,"max_hp_gain":0,"max_hp_loss":0,"event_name":"Living Wall","floor":4,"gold_loss":0,"cards_obtained":["Force Field"]},{"damage_healed":0,"gold_gain":0,"player_choice":"Entered Light","damage_taken":15,"max_hp_gain":0,"max_hp_loss":0,"event_name":"Shining Light","floor":12,"gold_loss":0,"cards_upgraded":["Streamline","Dualcast"]},{"damage_healed":0,"gold_gain":0,"player_choice":"Shed Blood","damage_taken":19,"max_hp_gain":5,"max_hp_loss":0,"event_name":"Forgotten Altar","floor":21,"gold_loss":0},{"damage_healed":0,"gold_gain":0,"player_choice":"Ignored","damage_taken":0,"max_hp_gain":0,"max_hp_loss":0,"event_name":"Beggar","floor":22,"gold_loss":0}],"is_beta":false,"boss_relics":[{"not_picked":["Busted Crown","Velvet Choker"],"picked":"Lizard Tail"}],"items_purged_floors":[],"is_endless":false,"potions_floor_spawned":[2,3,16,19,20,24],"killed_by":"Slavers","ascension_level":0}