{"gold_per_floor":[115,47,62,75,91,91,110,138,163,188,17,48,48,58,58,137,437,454,27,45,45,45,45,78,78,78,103,119,145,145,156,156,232,232,246,265,265,365,265,265,290,290,290,319,319,338,338,213,213,213,213,213,12,45,45],"floor_reached":55,"playtime":4378,"items_purged":["Writhe","Decay","Parasite"],"score":1514,"play_id":"cc024ee7-6721-409a-b523-90f39f0d17c5","local_time":"20190722184659","is_ascension_mode":true,"campfire_choices":[{"data":"Defragment","floor":6.0,"key":"SMITH"},{"data":"Self Repair","floor":13.0,"key":"SMITH"},{"data":"Loop","floor":15.0,"key":"SMITH"},{"data":"Creative AI","floor":23.0,"key":"SMITH"},{"data":"Buffer","floor":25.0,"key":"SMITH"},{"data":"Recycle","floor":32.0,"key":"SMITH"},{"floor":40.0,"key":"RECALL"},{"data":"Coolheaded","floor":42.0,"key":"SMITH"},{"data":"Reinforced Body","floor":49.0,"key":"SMITH"},{"floor":52.0,"key":"REST"}],"neow_cost":"NONE","seed_source_timestamp":422554131369292,"circlet_count":0,"master_deck":["AscendersBane","Strike_B","Strike_B","Strike_B","Strike_B","Defend_B+1","Defend_B","Defend_B","Defend_B","Zap","Dualcast","Loop+1","Glacier+1","Defragment+1","Electrodynamics","Coolheaded+1","Static Discharge","FTL","Creative AI+1","Reinforced Body+1","Self Repair+1","Buffer+1","Recycle+1","Darkness+1","Coolheaded+1","Compile Driver","Electrodynamics","Glacier","Glacier","Coolheaded+1","Barrage+1"],"special_seed":0,"relics":["Cracked Core","Mummified Hand","Ancient Tea Set","Orichalcum","Centennial Puzzle","Calling Bell","Happy Flower","Singing Bowl","Old Coin","Medical Kit","Potion Belt","GremlinMask","Mercury Hourglass","Art of War","Regal Pillow","Snecko Eye","Unceasing Top","Boot","Oddly Smooth Stone","Runic Capacitor","War Paint"],"potions_floor_usage":[55,55,55],"damage_taken":[{"damage":1.0,"enemies":"Cultist","floor":1.0,"turns":3.0},{"damage":4.0,"enemies":"2 Louse","floor":3.0,"turns":4.0},{"damage":4.0,"enemies":"Jaw Worm","floor":4.0,"turns":6.0},{"damage":16.0,"enemies":"Lots of Slimes","floor":5.0,"turns":8.0},{"damage":0.0,"enemies":"Large Slime","floor":7.0,"turns":4.0},{"damage":10.0,"enemies":"Gremlin Nob","floor":8.0,"turns":4.0},{"damage":13.0,"enemies":"3 Sentries","floor":10.0,"turns":4.0},{"damage":18.0,"enemies":"Gremlin Nob","floor":12.0,"turns":4.0},{"damage":1.0,"enemies":"Blue Slaver","floor":14.0,"turns":3.0},{"damage":0.0,"enemies":"The Guardian","floor":16.0,"turns":13.0},{"damage":6.0,"enemies":"Chosen","floor":18.0,"turns":4.0},{"damage":16.0,"enemies":"3 Byrds","floor":20.0,"turns":3.0},{"damage":20.0,"enemies":"Slavers","floor":24.0,"turns":3.0},{"damage":8.0,"enemies":"Gremlin Leader","floor":27.0,"turns":7.0},{"damage":2.0,"enemies":"Centurion and Healer","floor":28.0,"turns":8.0},{"damage":27.0,"enemies":"Slavers","floor":29.0,"turns":4.0},{"damage":7.0,"enemies":"Cultist and Chosen","floor":31.0,"turns":6.0},{"damage":21.0,"enemies":"Collector","floor":33.0,"turns":10.0},{"damage":0.0,"enemies":"Orb Walker","floor":35.0,"turns":4.0},{"damage":10.0,"enemies":"3 Shapes","floor":36.0,"turns":2.0},{"damage":0.0,"enemies":"Mind Bloom Boss Battle","floor":38.0,"turns":10.0},{"damage":32.0,"enemies":"Nemesis","floor":41.0,"turns":13.0},{"damage":0.0,"enemies":"Giant Head","floor":44.0,"turns":13.0},{"damage":0.0,"enemies":"Maw","floor":46.0,"turns":8.0},{"damage":69.0,"enemies":"Awakened One","floor":50.0,"turns":33.0},{"damage":18,"enemies":"Shield and Spear","floor":54,"turns":9},{"damage":78,"enemies":"The Heart","floor":55,"turns":11}],"seed_played":"6239335810391670733","potions_obtained":[{"floor":0.0,"key":"AttackPotion"},{"floor":0.0,"key":"Block Potion"},{"floor":0.0,"key":"Poison Potion"},{"floor":4.0,"key":"Poison Potion"},{"floor":10.0,"key":"Regen Potion"},{"floor":12.0,"key":"FocusPotion"},{"floor":16.0,"key":"Weak Potion"},{"floor":18.0,"key":"Weak Potion"},{"floor":24.0,"key":"AttackPotion"},{"floor":28.0,"key":"Ancient Potion"},{"floor":29.0,"key":"Energy Potion"},{"floor":30.0,"key":"GamblersBrew"},{"floor":30.0,"key":"Dexterity Potion"},{"floor":35.0,"key":"SteroidPotion"},{"floor":41.0,"key":"Strength Potion"},{"floor":46.0,"key":"SpeedPotion"}],"is_trial":false,"path_per_floor":["M","$","M","M","M","R","M","E","T","E","$","E","R","M","R","B",null,"M","$","M","$","?","R","E","R","T","E","M","E","?","M","R","B",null,"M","M","?","?","$","R","E","R","T","E","?","M","?","$","R","B",null,"R","$","E","B"],"character_chosen":"DEFECT","items_purchased":["Glacier","Creative AI","Reinforced Body","Medical Kit","Potion Belt","Runic Capacitor"],"campfire_rested":1,"item_purchase_floors":[2,11,11,19,19,53],"current_hp_per_floor":[63,63,59,55,39,39,39,29,29,16,16,12,12,21,21,31,61,67,67,51,51,51,51,41,41,41,33,43,26,26,31,31,20,63,73,75,75,79,79,79,57,57,57,69,65,75,75,75,75,16,67,84,84,78,0],"gold":45,"neow_bonus":"THREE_SMALL_POTIONS","is_prod":false,"is_daily":false,"chose_seed":false,"campfire_upgraded":8,"win_rate":0,"timestamp":1563835619,"path_taken":["M","?","M","M","M","R","M","E","T","E","$","E","R","M","R","BOSS","M","?","M","$","?","R","E","R","T","E","?","E","?","?","R","BOSS","M","M","?","?","$","R","E","R","T","E","?","M","?","$","R","BOSS","R","$","E","BOSS"],"build_version":"2019-07-17","purchased_purges":3,"victory":false,"max_hp_per_floor":[71,71,71,71,71,71,71,71,71,71,71,71,71,71,71,71,71,73,73,73,73,73,73,73,73,73,73,75,75,75,77,77,77,77,77,79,79,79,79,79,79,79,79,81,87,87,87,84,84,84,84,84,84,86,86],"card_choices":[{"not_picked":["Steam Power","Compile Driver"],"picked":"Loop","floor":1.0},{"not_picked":["Redo","Barrage","Steam"],"picked":"SKIP","floor":3.0},{"not_picked":["Double Energy","Storm"],"picked":"Defragment","floor":4.0},{"not_picked":["Tempest","Hologram"],"picked":"Electrodynamics","floor":5.0},{"not_picked":["Aggregate","Heatsinks"],"picked":"Coolheaded","floor":7.0},{"not_picked":["Cold Snap","Gash"],"picked":"Static Discharge","floor":8.0},{"not_picked":["Reboot","Doom and Gloom"],"picked":"FTL","floor":10.0},{"not_picked":["Barrage","Steam"],"picked":"Self Repair","floor":12.0},{"not_picked":["Rebound","Beam Cell","Cold Snap"],"picked":"SKIP","floor":14.0},{"not_picked":["All For One","Rainbow"],"picked":"Buffer","floor":16.0},{"not_picked":["BootSequence","Cold Snap","Leap"],"picked":"Singing Bowl","floor":18.0},{"not_picked":["Beam Cell","Conserve Battery+1"],"picked":"Recycle","floor":20.0},{"not_picked":["Barrage","Sweeping Beam"],"picked":"Darkness+1","floor":24.0},{"not_picked":["Fusion","Stack"],"picked":"Coolheaded","floor":27.0},{"not_picked":["Steam","Beam Cell","Sweeping Beam"],"picked":"Singing Bowl","floor":28.0},{"not_picked":["Gash","Aggregate"],"picked":"Compile Driver","floor":29.0},{"not_picked":["BootSequence","Redo","Aggregate"],"picked":"Singing Bowl","floor":31.0},{"not_picked":["Multi-Cast","Reboot"],"picked":"Electrodynamics","floor":33.0},{"not_picked":["Beam Cell","Auto Shields+1"],"picked":"Glacier","floor":35.0},{"not_picked":["Go for the Eyes","Conserve Battery","Tempest"],"picked":"Singing Bowl","floor":36.0},{"not_picked":["Chaos","Cold Snap"],"picked":"Glacier","floor":38.0},{"not_picked":["Hello World","Ball Lightning+1"],"picked":"Coolheaded+1","floor":41.0},{"not_picked":["Beam Cell+1","Consume","Streamline+1"],"picked":"Singing Bowl","floor":44.0},{"not_picked":["Deep Breath","Thinking Ahead","Secret Technique"],"picked":"Singing Bowl","floor":45.0},{"not_picked":["Blind","Good Instincts","Discovery"],"picked":"Singing Bowl","floor":45.0},{"not_picked":["Secret Weapon","Flash of Steel","Dramatic Entrance"],"picked":"Singing Bowl","floor":45.0},{"not_picked":["Leap","Undo"],"picked":"Barrage+1","floor":46.0},{"not_picked":["Capacitor","Reinforced Body","Redo"],"picked":"Singing Bowl","floor":54}],"player_experience":1535898,"relics_obtained":[{"floor":8.0,"key":"Mummified Hand"},{"floor":9.0,"key":"Ancient Tea Set"},{"floor":10.0,"key":"Orichalcum"},{"floor":12.0,"key":"Centennial Puzzle"},{"floor":17.0,"key":"Happy Flower"},{"floor":17.0,"key":"Singing Bowl"},{"floor":17.0,"key":"Old Coin"},{"floor":24.0,"key":"Mercury Hourglass"},{"floor":27.0,"key":"Art of War"},{"floor":29.0,"key":"Regal Pillow"},{"floor":38.0,"key":"Unceasing Top"},{"floor":41.0,"key":"Boot"},{"floor":43.0,"key":"Oddly Smooth Stone"},{"floor":54,"key":"War Paint"}],"event_choices":[{"damage_healed":0.0,"max_hp_gain":0.0,"max_hp_loss":0.0,"gold_gain":0.0,"event_name":"FaceTrader","player_choice":"Trade","floor":22.0,"gold_loss":0.0,"damage_taken":0.0,"relics_obtained":["GremlinMask"]},{"damage_healed":0.0,"max_hp_gain":0.0,"max_hp_loss":0.0,"gold_gain":0.0,"event_name":"Lab","player_choice":"Got Potions","floor":30.0,"gold_loss":0.0,"damage_taken":0.0},{"damage_healed":0.0,"max_hp_gain":0.0,"max_hp_loss":0.0,"gold_gain":0.0,"event_name":"Tomb of Lord Red Mask","player_choice":"Ignored","floor":37.0,"gold_loss":0.0,"damage_taken":0.0},{"damage_healed":0.0,"max_hp_gain":0.0,"max_hp_loss":0.0,"gold_gain":0.0,"event_name":"MindBloom","player_choice":"Fight","floor":38.0,"gold_loss":0.0,"damage_taken":0.0},{"damage_healed":0.0,"max_hp_gain":0.0,"max_hp_loss":0.0,"gold_gain":0.0,"event_name":"SensoryStone","player_choice":"Memory 3","floor":45.0,"gold_loss":0.0,"damage_taken":10.0},{"damage_healed":0.0,"max_hp_gain":0.0,"max_hp_loss":0.0,"gold_gain":0.0,"event_name":"Upgrade Shrine","player_choice":"Upgraded","floor":47.0,"gold_loss":0.0,"damage_taken":0.0,"cards_upgraded":["Coolheaded"]}],"is_beta":false,"boss_relics":[{"not_picked":["Ectoplasm","White Beast Statue"],"picked":"Calling Bell"},{"not_picked":["Runic Pyramid","Orrery"],"picked":"Snecko Eye"}],"items_purged_floors":[19,39,48],"is_endless":false,"potions_floor_spawned":[4,7,10,12,16,18,24,28,29,35,41,46,54],"killed_by":"The Heart","ascension_level":15}