{"gold_per_floor":[118,118,138,158,176,176,209,209,209,242,25,38,66,98,98,173,173,184,184,184,199,55,55],"floor_reached":23,"playtime":740,"items_purged":["Strike_B","Strike_B"],"score":418,"play_id":"eccc3b10-9e63-4b4a-8258-918e51bf37cb","local_time":"20181129175305","is_ascension_mode":true,"campfire_choices":[{"data":"Zap","floor":6,"key":"SMITH"},{"data":"Doom and Gloom","floor":8,"key":"SMITH"},{"data":"Electrodynamics","floor":15,"key":"SMITH"}],"neow_cost":"NONE","seed_source_timestamp":362969405031250,"circlet_count":0,"master_deck":["AscendersBane","Strike_B","Defend_B","Defend_B","Defend_B","Defend_B","Zap+1","Dualcast","Electrodynamics+1","Doom and Gloom+1","Compile Driver","FTL","Cold Snap","Conserve Battery","Steam","Glacier","Ball Lightning","FTL","Compile Driver","Electrodynamics","Cold Snap","Defragment","FTL","Capacitor"],"relics":["Cracked Core","Bag of Marbles","Pantograph","Torii","Odd Mushroom","Blood Vial","Sozu","Lantern"],"potions_floor_usage":[10],"damage_taken":[{"damage":2,"enemies":"2 Louse","floor":1,"turns":3},{"damage":0,"enemies":"Cultist","floor":3,"turns":3},{"damage":5,"enemies":"Small Slimes","floor":4,"turns":2},{"damage":0,"enemies":"2 Fungi Beasts","floor":5,"turns":2},{"damage":5,"enemies":"3 Sentries","floor":7,"turns":3},{"damage":6,"enemies":"Gremlin Nob","floor":10,"turns":3},{"damage":1,"enemies":"Exordium Wildlife","floor":12,"turns":2},{"damage":7,"enemies":"The Mushroom Lair","floor":13,"turns":3},{"damage":11,"enemies":"3 Sentries","floor":14,"turns":3},{"damage":14,"enemies":"Hexaghost","floor":16,"turns":8},{"damage":12,"enemies":"2 Thieves","floor":18,"turns":2},{"damage":17,"enemies":"Shell Parasite","floor":21,"turns":5},{"damage":46,"enemies":"Book of Stabbing","floor":23,"turns":5}],"seed_played":"-6790568335388938849","potions_obtained":[{"floor":1,"key":"SteroidPotion"},{"floor":4,"key":"Strength Potion"}],"is_trial":false,"path_per_floor":["M","?","M","M","M","R","E","R","T","E","$","M","?","E","R","B",null,"M","?","?","M","$","E"],"character_chosen":"DEFECT","items_purchased":["Glacier","Ball Lightning","Capacitor"],"campfire_rested":0,"item_purchase_floors":[11,11,22],"current_hp_per_floor":[62,62,62,57,57,57,52,52,52,46,46,45,38,27,27,40,63,53,53,53,38,38,0],"gold":55,"neow_bonus":"ONE_RANDOM_RARE_CARD","is_prod":false,"is_daily":false,"chose_seed":false,"campfire_upgraded":3,"win_rate":0,"timestamp":1543531985,"path_taken":["M","?","M","M","M","R","E","R","T","E","?","M","?","E","R","BOSS","M","?","?","M","$","E"],"build_version":"2018-11-15","purchased_purges":2,"victory":false,"max_hp_per_floor":[71,71,71,71,71,71,71,71,71,71,71,71,71,71,71,71,71,71,71,71,71,71,71],"card_choices":[{"not_picked":["Force Field","Aggregate","BootSequence"],"picked":"SKIP","floor":1},{"not_picked":["Redo","Auto Shields"],"picked":"Compile Driver","floor":3},{"not_picked":["Conserve Battery","Darkness"],"picked":"FTL","floor":4},{"not_picked":["Self Repair","Go for the Eyes"],"picked":"Cold Snap","floor":5},{"not_picked":["Leap","Darkness"],"picked":"Conserve Battery","floor":7},{"not_picked":["Hyperbeam","Rebound"],"picked":"Steam","floor":10},{"not_picked":["Beam Cell","Steam Power"],"picked":"FTL","floor":12},{"not_picked":["FTL","Barrage"],"picked":"Compile Driver","floor":13},{"not_picked":["Leap","Gash","Double Energy"],"picked":"SKIP","floor":14},{"not_picked":["Fission","Amplify"],"picked":"Electrodynamics","floor":16},{"not_picked":["Genetic Algorithm","Darkness"],"picked":"Cold Snap","floor":18},{"not_picked":["Reprogram","Melter"],"picked":"FTL","floor":21}],"player_experience":1205899,"relics_obtained":[{"floor":7,"key":"Bag of Marbles"},{"floor":9,"key":"Pantograph"},{"floor":10,"key":"Torii"},{"floor":13,"key":"Odd Mushroom"},{"floor":14,"key":"Blood Vial"}],"event_choices":[{"damage_healed":0,"gold_gain":0,"cards_transformed":["Strike_B"],"player_choice":"Transformed","damage_taken":0,"max_hp_gain":0,"max_hp_loss":0,"event_name":"Transmorgrifier","floor":2,"gold_loss":0,"cards_obtained":["Doom and Gloom"]},{"damage_healed":0,"gold_gain":0,"player_choice":"Fought Mushrooms","damage_taken":0,"max_hp_gain":0,"max_hp_loss":0,"event_name":"Mushrooms","floor":13,"gold_loss":0},{"damage_healed":0,"gold_gain":0,"player_choice":"Read","damage_taken":0,"max_hp_gain":0,"max_hp_loss":0,"event_name":"The Library","floor":19,"gold_loss":0,"cards_obtained":["Defragment"]},{"damage_healed":0,"gold_gain":0,"player_choice":"Gave Potion","damage_taken":0,"relics_obtained":["Lantern"],"max_hp_gain":0,"max_hp_loss":0,"event_name":"WeMeetAgain","floor":20,"gold_loss":0}],"is_beta":false,"boss_relics":[{"not_picked":["Empty Cage","FrozenCore"],"picked":"Sozu"}],"items_purged_floors":[11,22],"is_endless":false,"potions_floor_spawned":[1,4,5,7,21],"killed_by":"Book of Stabbing","ascension_level":20}