{"gold_per_floor":[116,127,127,147,171,171,59,59,59,83,124,137,137,162,162,162],"floor_reached":16,"playtime":1758,"items_purged":["Injury"],"score":129,"play_id":"aacba948-889f-4b9b-a051-9540c2a0617b","local_time":"20180625122132","is_ascension_mode":false,"campfire_choices":[{"data":"Acrobatics","floor":6,"key":"SMITH"},{"data":"Footwork","floor":8,"key":"SMITH"},{"data":"Reflex","floor":13,"key":"SMITH"},{"data":"Footwork","floor":15,"key":"SMITH"}],"neow_cost":"NONE","seed_source_timestamp":644364453551251,"circlet_count":0,"master_deck":["Defend_G","Defend_G","Defend_G","Defend_G","Defend_G","Strike_G","Strike_G","Survivor","Neutralize","After Image+1","Bullet Time+1","Skewer+1","Acrobatics+1","Quick Slash","Backflip","Reflex+1","Footwork+1","Footwork+1"],"relics":["Astrolabe","Golden Idol","Bottled Flame","Bottled Lightning"],"potions_floor_usage":[11,11,16],"damage_taken":[{"damage":0,"enemies":"Jaw Worm","floor":1,"turns":7},{"damage":4,"enemies":"2 Louse","floor":2,"turns":4},{"damage":0,"enemies":"Cultist","floor":4,"turns":4},{"damage":12,"enemies":"Looter","floor":5,"turns":5},{"damage":4,"enemies":"Large Slime","floor":10,"turns":12},{"damage":0,"enemies":"Lagavulin","floor":11,"turns":6},{"damage":3,"enemies":"Lots of Slimes","floor":12,"turns":7},{"damage":6,"enemies":"2 Fungi Beasts","floor":14,"turns":5},{"damage":43,"enemies":"Hexaghost","floor":16,"turns":19}],"seed_played":"-7986647192341888421","potions_obtained":[{"floor":2,"key":"SkillPotion"},{"floor":10,"key":"SkillPotion"},{"floor":14,"key":"PowerPotion"}],"is_trial":false,"path_per_floor":["M","M","?","M","M","R","$","R","T","M","E","M","R","M","R"],"character_chosen":"THE_SILENT","items_purchased":["Footwork"],"campfire_rested":0,"item_purchase_floors":[7],"current_hp_per_floor":[70,66,66,66,54,54,54,54,54,50,50,47,47,41,41,0],"gold":162,"neow_bonus":"BOSS_RELIC","is_prod":false,"is_daily":false,"chose_seed":false,"campfire_upgraded":4,"win_rate":0,"timestamp":1529943692,"path_taken":["M","M","?","M","M","R","$","R","T","?","E","M","R","M","R","BOSS"],"build_version":"2018-06-21v2","purchased_purges":1,"victory":false,"max_hp_per_floor":[70,70,70,70,70,70,70,70,70,70,70,70,70,70,70,70],"card_choices":[{"not_picked":["Outmaneuver","Sucker Punch"],"picked":"Acrobatics","floor":1},{"not_picked":["Acrobatics","Slice"],"picked":"Quick Slash","floor":2},{"not_picked":["Dagger Spray","Underhanded Strike"],"picked":"Backflip","floor":4},{"not_picked":["Quick Slash","Acrobatics"],"picked":"Reflex","floor":5},{"not_picked":["Sucker Punch","Bane","Bullet Time"],"picked":"SKIP","floor":10},{"not_picked":["PiercingWail","Terror","Masterful Stab"],"picked":"SKIP","floor":11},{"not_picked":["All Out Attack","Flechettes"],"picked":"Footwork","floor":12},{"not_picked":["Bane","Caltrops","PiercingWail"],"picked":"SKIP","floor":14}],"player_experience":43966,"relics_obtained":[{"floor":9,"key":"Bottled Flame"},{"floor":11,"key":"Bottled Lightning"}],"event_choices":[{"event_name":"Golden Idol","player_choice":"Take Wound","floor":3,"damage_taken":0}],"boss_relics":[],"items_purged_floors":[7],"is_endless":false,"potions_floor_spawned":[2,10,14],"killed_by":"Hexaghost","ascension_level":0}