{"gold_per_floor":[109,109,119,132,145,180,180,209,209,209,209,7,27,46,46,143,143,160,172,172,172,172,172,201,215,215,232,263,263,263,280,280,280],"floor_reached":33,"playtime":2539,"items_purged":[],"score":347,"play_id":"5a590831-78b3-4a3e-97f1-92e19027fe22","local_time":"20180714152757","is_ascension_mode":false,"campfire_choices":[{"data":"Infernal Blade","floor":7,"key":"SMITH"},{"data":"True Grit","floor":10,"key":"SMITH"},{"data":"Searing Blow","floor":15,"key":"SMITH"},{"data":"Seeing Red","floor":23,"key":"SMITH"},{"data":"Infernal Blade","floor":32,"key":"SMITH"}],"neow_cost":"NONE","seed_source_timestamp":243805048367167,"circlet_count":0,"master_deck":["Strike_R","Strike_R","Strike_R","Defend_R","Defend_R","Defend_R","Bash","Iron Wave","True Grit+1","Inflame","Warcry","Infernal Blade+1","Clash","Seeing Red+1","Iron Wave","Searing Blow+1","Feed+1","Clash","Clothesline+1","Shrug It Off","Iron Wave","Warcry+1","Flex+1","Infernal Blade+1"],"relics":["Burning Blood","Shuriken","Pear","Mercury Hourglass","Membership Card","Black Star","Enchiridion","Bag of Marbles","Regal Pillow","Anchor","Pen Nib","Strawberry"],"potions_floor_usage":[6,6,16,24,24,28,31,33],"damage_taken":[{"damage":2,"enemies":"2 Louse","floor":1,"turns":4},{"damage":1,"enemies":"Cultist","floor":3,"turns":5},{"damage":5,"enemies":"Small Slimes","floor":4,"turns":4},{"damage":1,"enemies":"2 Fungi Beasts","floor":5,"turns":3},{"damage":18,"enemies":"3 Sentries","floor":6,"turns":7},{"damage":15,"enemies":"Gremlin Nob","floor":8,"turns":4},{"damage":0,"enemies":"Exordium Wildlife","floor":13,"turns":3},{"damage":0,"enemies":"3 Louse","floor":14,"turns":2},{"damage":55,"enemies":"Hexaghost","floor":16,"turns":9},{"damage":10,"enemies":"2 Thieves","floor":18,"turns":4},{"damage":0,"enemies":"Spheric Guardian","floor":19,"turns":3},{"damage":29,"enemies":"Slavers","floor":24,"turns":5},{"damage":9,"enemies":"Centurion and Healer","floor":25,"turns":4},{"damage":15,"enemies":"Snake Plant","floor":27,"turns":3},{"damage":6,"enemies":"Book of Stabbing","floor":28,"turns":5},{"damage":17,"enemies":"Snecko","floor":31,"turns":7},{"damage":100,"enemies":"Collector","floor":33,"turns":7}],"seed_played":"4386592094751837292","potions_obtained":[{"floor":3,"key":"Poison Potion"},{"floor":4,"key":"Explosive Potion"},{"floor":5,"key":"Ancient Potion"},{"floor":13,"key":"GamblersBrew"},{"floor":16,"key":"Block Potion"},{"floor":19,"key":"BloodPotion"},{"floor":24,"key":"FearPotion"},{"floor":25,"key":"SkillPotion"},{"floor":28,"key":"Swift Potion"}],"is_trial":false,"path_per_floor":["M","?","M","M","M","E","R","E","T","R","?","$","M","M","R","B",null,"M","M","?","?","?","R","E","M","T","M","E","?","?","M","R"],"character_chosen":"IRONCLAD","items_purchased":["Membership Card"],"campfire_rested":0,"item_purchase_floors":[12],"current_hp_per_floor":[80,80,80,80,80,68,68,69,69,69,62,62,68,74,74,25,90,86,90,74,56,56,56,46,47,47,38,45,110,110,99,99,0],"gold":280,"neow_bonus":"TRANSFORM_CARD","is_prod":false,"is_daily":false,"chose_seed":false,"campfire_upgraded":5,"win_rate":0,"timestamp":1531596477,"path_taken":["M","?","M","M","M","E","R","E","T","R","?","$","M","M","R","BOSS","M","M","?","?","?","R","E","M","T","M","E","?","?","M","R","BOSS"],"build_version":"2018-07-12","purchased_purges":0,"victory":false,"max_hp_per_floor":[80,80,80,80,80,80,80,90,90,90,90,90,90,90,90,90,90,90,90,90,95,95,95,99,103,103,103,110,110,110,110,110,110],"card_choices":[{"not_picked":["Clothesline","Metallicize"],"picked":"True Grit","floor":1},{"not_picked":["Heavy Blade","Uppercut"],"picked":"Inflame","floor":3},{"not_picked":["Cleave","Bloodletting"],"picked":"Warcry","floor":4},{"not_picked":["Thunderclap","Armaments"],"picked":"Infernal Blade","floor":5},{"not_picked":["Metallicize","Feed"],"picked":"Clash","floor":6},{"not_picked":["Headbutt","Rampage"],"picked":"Seeing Red","floor":8},{"not_picked":["Body Slam","Shrug It Off"],"picked":"Iron Wave","floor":13},{"not_picked":["True Grit","Bloodletting"],"picked":"Searing Blow","floor":14},{"not_picked":["Impervious","Immolate"],"picked":"Feed","floor":16},{"not_picked":["Power Through","Corruption"],"picked":"Clash","floor":18},{"not_picked":["Sword Boomerang","Flex"],"picked":"Clothesline+1","floor":19},{"not_picked":["Wild Strike","Warcry"],"picked":"Shrug It Off","floor":24},{"not_picked":["Entrench","Anger"],"picked":"Iron Wave","floor":25},{"not_picked":["Uppercut","Reckless Charge+1"],"picked":"Warcry+1","floor":27},{"not_picked":["Fire Breathing","Seeing Red"],"picked":"Flex+1","floor":28},{"not_picked":["Ghostly Armor+1","Reckless Charge"],"picked":"Infernal Blade","floor":31}],"player_experience":63365,"relics_obtained":[{"floor":6,"key":"Shuriken"},{"floor":8,"key":"Pear"},{"floor":9,"key":"Mercury Hourglass"},{"floor":20,"key":"Enchiridion"},{"floor":24,"key":"Bag of Marbles"},{"floor":24,"key":"Regal Pillow"},{"floor":26,"key":"Anchor"},{"floor":28,"key":"Pen Nib"},{"floor":28,"key":"Strawberry"}],"event_choices":[{"event_name":"Purifier","player_choice":"One Purge","floor":2,"damage_taken":0},{"event_name":"Golden Wing","player_choice":"Card Removal","floor":11,"damage_taken":0},{"event_name":"Cursed Tome","player_choice":"Obtained Book","floor":20,"damage_taken":0},{"event_name":"Forgotten Altar","player_choice":"Shed Blood","floor":21,"damage_taken":0},{"event_name":"Accursed Blacksmith","player_choice":"Forge","floor":22,"damage_taken":0},{"event_name":"Wheel of Change","player_choice":"Full Heal","floor":29,"damage_taken":0},{"event_name":"Ghosts","player_choice":"Ignored","floor":30,"damage_taken":0}],"boss_relics":[{"not_picked":["Cursed Key","Runic Dome"],"picked":"Black Star"}],"items_purged_floors":[],"is_endless":false,"potions_floor_spawned":[3,4,5,13,16,19,24,25,28],"killed_by":"Collector","ascension_level":0}