{"gold_per_floor":[15,30,30,105,105,140,140,172,223,238,238,290,308,50,50,121,121,137,152,181,181,193,224,324,324,324,340,18,35,69,43,43,119,119,134,134,184,201,213,542,542,542,593,620,620,652,663,233,233,233,233,233,9,37,37],"floor_reached":56,"playtime":2708,"items_purged":["Strike_B","Strike_B"],"score":2388,"play_id":"9c147ea6-7da8-4497-9673-2fbfb14f2ef7","local_time":"20181210163847","is_ascension_mode":true,"campfire_choices":[{"floor":7,"key":"REST"},{"data":"Zap","floor":11,"key":"SMITH"},{"data":"Apotheosis","floor":15,"key":"SMITH"},{"floor":25,"key":"REST"},{"floor":32,"key":"REST"},{"floor":41,"key":"REST"},{"floor":49,"key":"RECALL"},{"floor":52,"key":"REST"}],"neow_cost":"NO_GOLD","seed_source_timestamp":267116113104670,"circlet_count":0,"master_deck":["AscendersBane","Defend_B","Defend_B","Defend_B","Defend_B","Zap+1","Steam","Coolheaded","FTL","Multi-Cast","Apotheosis+1","Electrodynamics","Coolheaded","Go for the Eyes","Multi-Cast","Steam Power+1","Ball Lightning+1","Core Surge","Echo Form+1","Master of Strategy","Hologram","Coolheaded","Biased Cognition+1","Defragment+1","Compile Driver","Loop+1","Glacier+1","All For One","Hologram+1","Rebound","Turbo","Coolheaded","Defragment+1","Magnetism+1","Stack"],"relics":["Cracked Core","Vajra","Singing Bowl","Emotion Chip","Ancient Tea Set","PreservedInsect","Nuclear Battery","Red Mask","Frozen Egg 2","Incense Burner","Question Card","Regal Pillow","Strawberry","Fusion Hammer","Ginger","Old Coin","StoneCalendar","Lantern","Bottled Lightning","Dodecahedron"],"potions_floor_usage":[6,8,24,24,33,33,54,55,55],"damage_taken":[{"damage":0,"enemies":"Small Slimes","floor":1,"turns":2},{"damage":5,"enemies":"2 Louse","floor":2,"turns":3},{"damage":39,"enemies":"Gremlin Nob","floor":6,"turns":5},{"damage":20,"enemies":"Lagavulin","floor":8,"turns":9},{"damage":0,"enemies":"Cultist","floor":10,"turns":3},{"damage":0,"enemies":"Blue Slaver","floor":13,"turns":3},{"damage":0,"enemies":"The Guardian","floor":16,"turns":14},{"damage":11,"enemies":"3 Byrds","floor":18,"turns":3},{"damage":0,"enemies":"Chosen","floor":19,"turns":4},{"damage":0,"enemies":"Masked Bandits","floor":20,"turns":2},{"damage":14,"enemies":"Centurion and Healer","floor":22,"turns":6},{"damage":11,"enemies":"Book of Stabbing","floor":23,"turns":4},{"damage":8,"enemies":"Colosseum Slavers","floor":24,"turns":2},{"damage":18,"enemies":"Colosseum Nobs","floor":24,"turns":3},{"damage":16,"enemies":"Shelled Parasite and Fungi","floor":27,"turns":6},{"damage":0,"enemies":"3 Cultists","floor":29,"turns":2},{"damage":0,"enemies":"Gremlin Leader","floor":30,"turns":3},{"damage":56,"enemies":"Automaton","floor":33,"turns":14},{"damage":19,"enemies":"3 Darklings","floor":35,"turns":3},{"damage":0,"enemies":"2 Orb Walkers","floor":37,"turns":4},{"damage":0,"enemies":"Orb Walker","floor":38,"turns":3},{"damage":11,"enemies":"Transient","floor":39,"turns":5},{"damage":0,"enemies":"Reptomancer","floor":40,"turns":4},{"damage":0,"enemies":"Nemesis","floor":44,"turns":5},{"damage":15,"enemies":"Giant Head","floor":46,"turns":7},{"damage":0,"enemies":"Sphere and 2 Shapes","floor":47,"turns":3},{"damage":36,"enemies":"Awakened One","floor":50,"turns":16},{"damage":35,"enemies":"Shield and Spear","floor":54,"turns":4},{"damage":39,"enemies":"The Heart","floor":55,"turns":14}],"seed_played":"128685305971859195","potions_obtained":[{"floor":1,"key":"Poison Potion"},{"floor":6,"key":"LiquidBronze"},{"floor":13,"key":"SteroidPotion"},{"floor":16,"key":"Strength Potion"},{"floor":27,"key":"FocusPotion"},{"floor":37,"key":"SpeedPotion"},{"floor":40,"key":"PowerPotion"},{"floor":44,"key":"Dexterity Potion"},{"floor":54,"key":"Block Potion"}],"is_trial":false,"path_per_floor":["M","M","?","?","?","E","R","E","T","M","R","T","M","$","R","B",null,"M","M","?","?","M","E","?","R","T","M","$","M","E","$","R","B",null,"M","?","?","M","M","E","R","?","T","E","?","E","M","$","R","B",null,"R","$","E","B",null],"character_chosen":"DEFECT","items_purchased":["Apotheosis","Echo Form+1","Master of Strategy","GamblersBrew","Coolheaded","Defragment+1","Bottled Lightning","Magnetism+1","Stack"],"campfire_rested":5,"item_purchase_floors":[14,28,28,28,31,48,48,53,53],"current_hp_per_floor":[78,73,66,55,44,5,30,12,12,12,12,12,14,14,14,14,70,59,59,59,59,45,36,10,37,37,21,21,23,30,30,75,19,80,61,61,61,61,50,50,95,95,95,95,95,80,80,80,80,44,82,95,95,62,23],"gold":37,"neow_bonus":"TWENTY_PERCENT_HP_BONUS","is_prod":false,"is_daily":false,"chose_seed":false,"campfire_upgraded":2,"win_rate":0,"timestamp":1544477927,"path_taken":["M","M","?","?","?","E","R","E","T","M","R","?","M","$","R","BOSS","M","?","?","?","M","E","?","R","T","?","$","M","E","?","R","BOSS","M","?","?","M","M","E","R","?","T","E","?","E","?","$","R","BOSS","R","$","E","BOSS"],"build_version":"2018-12-06","purchased_purges":2,"victory":true,"max_hp_per_floor":[85,85,85,85,85,85,85,87,87,87,87,87,89,89,89,89,89,89,89,89,89,89,91,91,91,91,91,91,93,100,100,100,100,100,100,100,100,100,100,100,100,95,95,95,95,95,95,95,95,95,95,95,95,97,97],"card_choices":[{"not_picked":["Scrape","Steam","Barrage"],"picked":"SKIP","floor":1},{"not_picked":["Scrape","Barrage"],"picked":"Steam","floor":1},{"not_picked":["Hello World","Conserve Battery"],"picked":"Coolheaded","floor":2},{"not_picked":["Stack","Blizzard"],"picked":"FTL","floor":6},{"not_picked":["Leap","Blizzard","Steam Power"],"picked":"Singing Bowl","floor":8},{"not_picked":["Beam Cell","Leap"],"picked":"Multi-Cast","floor":10},{"not_picked":["Barrage","Steam","Beam Cell"],"picked":"Singing Bowl","floor":13},{"not_picked":["Machine Learning","Rainbow"],"picked":"Electrodynamics","floor":16},{"not_picked":["FTL","Darkness"],"picked":"Coolheaded","floor":18},{"not_picked":["BootSequence","Ball Lightning"],"picked":"Go for the Eyes","floor":19},{"not_picked":["Go for the Eyes","Conserve Battery"],"picked":"Multi-Cast","floor":20},{"not_picked":["Ball Lightning","Stack"],"picked":"Steam Power+1","floor":22},{"not_picked":["Streamline","Rebound+1","Beam Cell"],"picked":"Singing Bowl","floor":23},{"not_picked":["Aggregate","Gash"],"picked":"Ball Lightning+1","floor":24},{"not_picked":["Ball Lightning","BootSequence","Rebound"],"picked":"Core Surge","floor":27},{"not_picked":["Beam Cell","Leap","Double Energy","Consume"],"picked":"Singing Bowl","floor":29},{"not_picked":["Redo","Leap","Gash"],"picked":"Hologram","floor":30},{"not_picked":["Fission","Meteor Strike","Electrodynamics+1"],"picked":"Biased Cognition+1","floor":33},{"not_picked":["Melter","Sweeping Beam","Steam"],"picked":"Defragment+1","floor":35},{"not_picked":["Sweeping Beam","Leap","Stack"],"picked":"Compile Driver","floor":37},{"not_picked":["Streamline","Gash","Thunder Strike"],"picked":"Loop+1","floor":38},{"not_picked":["Conserve Battery","Genetic Algorithm","Turbo+1"],"picked":"Glacier+1","floor":39},{"not_picked":["Rebound+1","Leap","Fusion"],"picked":"All For One","floor":40},{"not_picked":["Cold Snap","Thunder Strike","Genetic Algorithm+1"],"picked":"Hologram+1","floor":44},{"not_picked":["Steam Power","Gash","Rebound"],"picked":"Turbo","floor":46},{"not_picked":["Turbo","Cold Snap","Double Energy+1"],"picked":"Coolheaded","floor":47},{"not_picked":["Scrape","Conserve Battery","Stack","Leap"],"picked":"Singing Bowl","floor":54}],"player_experience":1255380,"relics_obtained":[{"floor":6,"key":"Singing Bowl"},{"floor":8,"key":"Emotion Chip"},{"floor":9,"key":"Ancient Tea Set"},{"floor":12,"key":"PreservedInsect"},{"floor":20,"key":"Red Mask"},{"floor":23,"key":"Frozen Egg 2"},{"floor":24,"key":"Incense Burner"},{"floor":24,"key":"Question Card"},{"floor":26,"key":"Regal Pillow"},{"floor":30,"key":"Strawberry"},{"floor":37,"key":"Ginger"},{"floor":40,"key":"Old Coin"},{"floor":44,"key":"StoneCalendar"},{"floor":46,"key":"Lantern"},{"floor":54,"key":"Dodecahedron"}],"event_choices":[{"cards_removed":["Strike_B"],"damage_healed":0,"gold_gain":0,"player_choice":"Card Removal","damage_taken":7,"max_hp_gain":0,"max_hp_loss":0,"event_name":"Golden Wing","floor":3,"gold_loss":0},{"damage_healed":0,"gold_gain":75,"player_choice":"Gather Gold","damage_taken":11,"max_hp_gain":0,"max_hp_loss":0,"event_name":"World of Goop","floor":4,"gold_loss":0},{"damage_healed":0,"gold_gain":0,"player_choice":"Success","damage_taken":11,"relics_obtained":["Vajra"],"max_hp_gain":0,"max_hp_loss":0,"event_name":"Scrap Ooze","floor":5,"gold_loss":0},{"damage_healed":0,"gold_gain":0,"player_choice":"Fought Bandits","damage_taken":0,"max_hp_gain":0,"max_hp_loss":0,"event_name":"Masked Bandits","floor":20,"gold_loss":0},{"damage_healed":0,"gold_gain":0,"player_choice":"Ignored","damage_taken":0,"max_hp_gain":0,"max_hp_loss":0,"event_name":"Ghosts","floor":21,"gold_loss":0},{"damage_healed":0,"gold_gain":0,"player_choice":"Fight","damage_taken":0,"max_hp_gain":0,"max_hp_loss":0,"event_name":"Colosseum","floor":24,"gold_loss":0},{"damage_healed":0,"gold_gain":0,"player_choice":"Fought Nobs","damage_taken":0,"max_hp_gain":0,"max_hp_loss":0,"event_name":"Colosseum","floor":24,"gold_loss":0},{"cards_removed":["Dualcast"],"damage_healed":0,"gold_gain":0,"player_choice":"Removed Skill","damage_taken":0,"max_hp_gain":0,"max_hp_loss":0,"event_name":"Falling","floor":36,"gold_loss":0},{"damage_healed":0,"gold_gain":0,"player_choice":"Fight","damage_taken":0,"max_hp_gain":0,"max_hp_loss":0,"event_name":"Mysterious Sphere","floor":37,"gold_loss":0},{"damage_healed":0,"gold_gain":0,"player_choice":"Max HP","damage_taken":0,"max_hp_gain":0,"max_hp_loss":5,"event_name":"Winding Halls","floor":42,"gold_loss":0},{"damage_healed":0,"gold_gain":0,"cards_transformed":["Strike_B"],"player_choice":"Transformed","damage_taken":0,"max_hp_gain":0,"max_hp_loss":0,"event_name":"Transmorgrifier","floor":45,"gold_loss":0,"cards_obtained":["Rebound"]}],"is_beta":false,"boss_relics":[{"not_picked":["Sozu","Calling Bell"],"picked":"Nuclear Battery"},{"not_picked":["White Beast Statue","Runic Pyramid"],"picked":"Fusion Hammer"}],"items_purged_floors":[14,48],"is_endless":false,"potions_floor_spawned":[1,6,13,16,19,20,27,29,30,37,40,44,47,54],"ascension_level":15}