{"gold_per_floor":[117,117,128,13,30,56,71,105,105,105,121,133,133,147,147,147],"floor_reached":16,"playtime":669,"items_purged":["Strike_G"],"score":228,"play_id":"009bb141-6a99-484b-a745-6ef854d27aeb","local_time":"20181117125732","is_ascension_mode":true,"campfire_choices":[{"data":"Wraith Form v2","floor":10,"key":"SMITH"},{"floor":13,"key":"REST"},{"data":"Footwork","floor":15,"key":"SMITH"}],"neow_cost":"NONE","seed_source_timestamp":262707360547411,"circlet_count":0,"master_deck":["AscendersBane","Defend_G","Defend_G","Defend_G","Defend_G","Defend_G","Strike_G","Strike_G","Strike_G","Strike_G","Survivor","Neutralize+1","Deadly Poison","Slice","Infinite Blades","Heel Hook","Wraith Form v2+1","Backflip","Dodge and Roll","Footwork+1"],"relics":["Ring of the Snake","Nunchaku","Unceasing Top","Question Card"],"potions_floor_usage":[6,6,11],"damage_taken":[{"damage":1,"enemies":"Jaw Worm","floor":1,"turns":5},{"damage":3,"enemies":"Cultist","floor":3,"turns":4},{"damage":0,"enemies":"Small Slimes","floor":5,"turns":4},{"damage":7,"enemies":"Lagavulin","floor":6,"turns":6},{"damage":0,"enemies":"Looter","floor":7,"turns":4},{"damage":37,"enemies":"Gremlin Nob","floor":8,"turns":5},{"damage":3,"enemies":"3 Louse","floor":11,"turns":6},{"damage":18,"enemies":"Exordium Thugs","floor":12,"turns":8},{"damage":3,"enemies":"Looter","floor":14,"turns":4},{"damage":27,"enemies":"Slime Boss","floor":16,"turns":3}],"seed_played":"-4276712561704889076","potions_obtained":[{"floor":0,"key":"AttackPotion"},{"floor":0,"key":"FearPotion"},{"floor":7,"key":"Regen Potion"},{"floor":8,"key":"Ancient Potion"},{"floor":12,"key":"LiquidBronze"}],"is_trial":false,"path_per_floor":["M","?","M","$","M","E","M","E","T","R","M","M","R","M","R","B"],"character_chosen":"THE_SILENT","items_purchased":["Infinite Blades"],"campfire_rested":1,"item_purchase_floors":[4],"current_hp_per_floor":[58,58,55,55,55,48,48,11,11,11,22,4,23,20,20,0],"gold":147,"neow_bonus":"THREE_SMALL_POTIONS","is_prod":false,"is_daily":false,"chose_seed":false,"campfire_upgraded":2,"win_rate":0,"timestamp":1542477452,"path_taken":["M","?","M","$","M","E","M","E","T","R","M","M","R","?","R","BOSS"],"build_version":"2018-11-15","purchased_purges":1,"victory":false,"max_hp_per_floor":[66,66,66,66,66,66,66,66,66,66,66,66,66,66,66,66],"card_choices":[{"not_picked":["Poisoned Stab","Underhanded Strike"],"picked":"Deadly Poison","floor":1},{"not_picked":["Concentrate","Setup"],"picked":"Slice","floor":3},{"not_picked":["Bouncing Flask","Sucker Punch"],"picked":"Heel Hook","floor":5},{"not_picked":["Blade Dance","Choke","Reflex"],"picked":"SKIP","floor":6},{"not_picked":["Concentrate","Reflex","Expertise"],"picked":"SKIP","floor":7},{"not_picked":["Dodge and Roll","Eviscerate"],"picked":"Wraith Form v2","floor":8},{"not_picked":["Bane","Crippling Poison","Calculated Gamble"],"picked":"Backflip","floor":11},{"not_picked":["Sucker Punch","Flying Knee","Predator"],"picked":"Dodge and Roll","floor":12},{"not_picked":["Dodge and Roll","Eviscerate","Skewer"],"picked":"Footwork","floor":14}],"player_experience":1086151,"relics_obtained":[{"floor":6,"key":"Nunchaku"},{"floor":8,"key":"Unceasing Top"},{"floor":9,"key":"Question Card"}],"event_choices":[{"damage_healed":0,"gold_gain":0,"player_choice":"Upgraded","damage_taken":0,"max_hp_gain":0,"max_hp_loss":0,"event_name":"Upgrade Shrine","floor":2,"gold_loss":0,"cards_upgraded":["Neutralize"]}],"is_beta":false,"boss_relics":[],"items_purged_floors":[4],"is_endless":false,"potions_floor_spawned":[7,8,12,14],"killed_by":"Slime Boss","ascension_level":20}