{"gold_per_floor":[112,131,149,149,35,69,69,94,94,94,111,111,111,136,136,213,213,226,241,166,200,211,211,211,256,268,280,307,336,247,275,287,377,389,417,478,37,37,51,51,78,90,139,139,168,168,168,203,203,203],"floor_reached":50,"playtime":4067,"items_purged":["Strike_B","Strike_B"],"score":1182,"play_id":"2227c652-d736-43c6-9d4d-99066fcd6816","local_time":"20190124132938","is_ascension_mode":true,"campfire_choices":[{"data":"Recycle","floor":7,"key":"SMITH"},{"data":"Coolheaded","floor":10,"key":"SMITH"},{"data":"Go for the Eyes","floor":12,"key":"SMITH"},{"data":"Reinforced Body","floor":15,"key":"SMITH"},{"floor":23,"key":"REST"},{"floor":27,"key":"REST"},{"floor":32,"key":"REST"},{"floor":40,"key":"REST"},{"floor":44,"key":"RECALL"},{"floor":46,"key":"REST"},{"data":"Echo Form","floor":49,"key":"SMITH"}],"neow_cost":"NONE","seed_source_timestamp":343648996659202,"circlet_count":0,"master_deck":["AscendersBane","Strike_B","Strike_B","Defend_B","Defend_B","Defend_B","Defend_B","Zap+1","Dualcast","Coolheaded+1","Reinforced Body+1","Compile Driver","Recycle+1","Doom and Gloom","Compile Driver","Go for the Eyes+1","Meteor Strike","Echo Form+1","Gash+1","Coolheaded","Turbo+1","Compile Driver","Conserve Battery+1","Seek","Coolheaded+1","White Noise","Biased Cognition","Hologram","Secret Weapon","Hologram","All For One","Steam Power+1","Thinking Ahead","Panacea"],"relics":["Cracked Core","Lantern","Bottled Flame","Mummified Hand","Omamori","Singing Bowl","Runic Pyramid","Red Mask","MawBank","Bronze Scales","Torii","Symbiotic Virus","Black Star","Bird Faced Urn","Potion Belt","Letter Opener","Meat on the Bone","Darkstone Periapt","Dream Catcher","Dodecahedron"],"potions_floor_usage":[6,8,8,8,8,11,19,21,25,28,33,50],"damage_taken":[{"damage":4,"enemies":"Small Slimes","floor":1,"turns":3},{"damage":0,"enemies":"Jaw Worm","floor":2,"turns":5},{"damage":0,"enemies":"Cultist","floor":3,"turns":5},{"damage":21,"enemies":"Lagavulin","floor":6,"turns":7},{"damage":29,"enemies":"3 Sentries","floor":8,"turns":9},{"damage":2,"enemies":"Looter","floor":11,"turns":3},{"damage":8,"enemies":"Lagavulin","floor":14,"turns":6},{"damage":21,"enemies":"Hexaghost","floor":16,"turns":10},{"damage":8,"enemies":"Spheric Guardian","floor":18,"turns":4},{"damage":23,"enemies":"2 Thieves","floor":19,"turns":4},{"damage":24,"enemies":"Masked Bandits","floor":21,"turns":5},{"damage":0,"enemies":"Snecko","floor":22,"turns":4},{"damage":14,"enemies":"Book of Stabbing","floor":25,"turns":5},{"damage":7,"enemies":"Shelled Parasite and Fungi","floor":28,"turns":4},{"damage":1,"enemies":"Cultist and Chosen","floor":29,"turns":7},{"damage":0,"enemies":"3 Cultists","floor":31,"turns":5},{"damage":30,"enemies":"Collector","floor":33,"turns":10},{"damage":1,"enemies":"3 Darklings","floor":35,"turns":4},{"damage":56,"enemies":"2 Orb Walkers","floor":36,"turns":5},{"damage":6,"enemies":"Orb Walker","floor":39,"turns":3},{"damage":1,"enemies":"Nemesis","floor":41,"turns":9},{"damage":1,"enemies":"Writhing Mass","floor":42,"turns":5},{"damage":34,"enemies":"Reptomancer","floor":45,"turns":5},{"damage":1,"enemies":"Giant Head","floor":48,"turns":5},{"damage":51,"enemies":"Awakened One","floor":50,"turns":3}],"seed_played":"54882239411044016","potions_obtained":[{"floor":0,"key":"FocusPotion"},{"floor":0,"key":"Fire Potion"},{"floor":3,"key":"Regen Potion"},{"floor":6,"key":"EntropicBrew"},{"floor":8,"key":"Block Potion"},{"floor":14,"key":"SpeedPotion"},{"floor":16,"key":"Block Potion"},{"floor":19,"key":"LiquidBronze"},{"floor":22,"key":"Swift Potion"},{"floor":31,"key":"Explosive Potion"},{"floor":39,"key":"SmokeBomb"},{"floor":41,"key":"LiquidBronze"},{"floor":48,"key":"SkillPotion"}],"is_trial":false,"path_per_floor":["M","M","M","?","$","E","R","E","T","R","M","R","T","E","R","B",null,"M","M","$","?","M","R","T","E","T","R","M","M","?","M","R","B",null,"M","?","$","?","M","R","E","M","T","R","E","R","?","E","R","B"],"character_chosen":"DEFECT","items_purchased":["Compile Driver","Recycle","Hologram","Secret Weapon","FairyPotion"],"campfire_rested":5,"item_purchase_floors":[5,5,37,37,37],"current_hp_per_floor":[60,60,60,60,60,39,39,62,62,62,60,60,60,52,52,31,61,53,30,30,6,6,27,27,13,13,34,27,26,26,26,47,17,58,59,5,5,5,1,22,37,48,48,48,20,41,33,40,40,0],"gold":203,"neow_bonus":"THREE_SMALL_POTIONS","is_prod":false,"is_daily":false,"chose_seed":false,"campfire_upgraded":5,"win_rate":0,"timestamp":1548354578,"path_taken":["M","M","M","?","$","E","R","E","T","R","M","R","?","E","R","BOSS","M","M","$","?","M","R","?","E","T","R","M","M","?","M","R","BOSS","M","?","$","?","M","R","E","M","T","R","E","R","?","E","R","BOSS"],"build_version":"2019-01-23","purchased_purges":2,"victory":false,"max_hp_per_floor":[71,71,71,71,71,71,71,71,71,71,71,71,71,71,71,71,71,71,71,71,71,71,71,71,71,71,71,71,71,71,71,71,71,71,73,75,75,71,71,71,71,73,73,73,73,73,75,77,77,77],"card_choices":[{"not_picked":["Sweeping Beam","Rebound"],"picked":"Coolheaded","floor":1},{"not_picked":["Stack","Turbo","Beam Cell"],"picked":"SKIP","floor":2},{"not_picked":["Reboot","Barrage"],"picked":"Reinforced Body","floor":3},{"not_picked":["Force Field","Genetic Algorithm"],"picked":"Doom and Gloom","floor":6},{"not_picked":["Stack","Tempest"],"picked":"Compile Driver","floor":8},{"not_picked":["Storm","Beam Cell"],"picked":"Go for the Eyes","floor":11},{"not_picked":["Hologram","Conserve Battery"],"picked":"Meteor Strike","floor":14},{"not_picked":["Core Surge","Creative AI"],"picked":"Echo Form","floor":16},{"not_picked":["Stack","Rebound"],"picked":"Gash+1","floor":18},{"not_picked":["Chaos","Redo"],"picked":"Coolheaded","floor":19},{"not_picked":["Go for the Eyes","White Noise"],"picked":"Turbo+1","floor":21},{"not_picked":["Reprogram","Heatsinks"],"picked":"Compile Driver","floor":22},{"not_picked":["Reprogram","Stack"],"picked":"Conserve Battery+1","floor":25},{"not_picked":["Leap","Steam Power"],"picked":"Seek","floor":28},{"not_picked":["Chill","Streamline"],"picked":"Coolheaded+1","floor":29},{"not_picked":["Static Discharge","Rebound"],"picked":"White Noise","floor":31},{"not_picked":["Machine Learning","Core Surge"],"picked":"Biased Cognition","floor":33},{"not_picked":["Steam","Beam Cell","Barrage"],"picked":"Singing Bowl","floor":35},{"not_picked":["Redo","Beam Cell+1","Melter"],"picked":"Singing Bowl","floor":36},{"not_picked":["Rip and Tear","Lockon"],"picked":"Hologram","floor":39},{"not_picked":["Cold Snap","Streamline"],"picked":"All For One","floor":41},{"not_picked":["Barrage","Streamline","Self Repair"],"picked":"Singing Bowl","floor":42},{"not_picked":["Rainbow","Sunder"],"picked":"Steam Power+1","floor":45},{"not_picked":["Enlightenment","Mind Blast","Discovery"],"picked":"Singing Bowl","floor":47},{"not_picked":["Violence","Mind Blast"],"picked":"Thinking Ahead","floor":47},{"not_picked":["Flash of Steel","Trip"],"picked":"Panacea","floor":47},{"not_picked":["Melter","Self Repair+1","Hyperbeam"],"picked":"Singing Bowl","floor":48}],"player_experience":1351002,"relics_obtained":[{"floor":6,"key":"Lantern"},{"floor":8,"key":"Bottled Flame"},{"floor":9,"key":"Mummified Hand"},{"floor":13,"key":"Omamori"},{"floor":14,"key":"Singing Bowl"},{"floor":21,"key":"Red Mask"},{"floor":24,"key":"MawBank"},{"floor":25,"key":"Bronze Scales"},{"floor":26,"key":"Torii"},{"floor":36,"key":"Bird Faced Urn"},{"floor":41,"key":"Potion Belt"},{"floor":41,"key":"Letter Opener"},{"floor":45,"key":"Meat on the Bone"},{"floor":45,"key":"Darkstone Periapt"},{"floor":48,"key":"Dream Catcher"},{"floor":48,"key":"Dodecahedron"}],"event_choices":[{"damage_healed":0,"gold_gain":0,"player_choice":"Grow","damage_taken":0,"max_hp_gain":0,"max_hp_loss":0,"event_name":"Living Wall","floor":4,"gold_loss":0,"cards_upgraded":["Zap"]},{"damage_healed":0,"gold_gain":0,"player_choice":"Fought Bandits","damage_taken":0,"max_hp_gain":0,"max_hp_loss":0,"event_name":"Masked Bandits","floor":21,"gold_loss":0},{"damage_healed":0,"gold_gain":0,"player_choice":"Paid Gold","damage_taken":0,"relics_obtained":["Symbiotic Virus"],"max_hp_gain":0,"max_hp_loss":0,"event_name":"WeMeetAgain","floor":30,"gold_loss":101},{"damage_healed":0,"gold_gain":0,"player_choice":"Fight","damage_taken":0,"max_hp_gain":0,"max_hp_loss":0,"event_name":"Mysterious Sphere","floor":36,"gold_loss":0},{"damage_healed":0,"gold_gain":0,"player_choice":"Max HP","damage_taken":0,"max_hp_gain":0,"max_hp_loss":4,"event_name":"Winding Halls","floor":38,"gold_loss":0},{"damage_healed":0,"gold_gain":0,"player_choice":"Memory 3","damage_taken":10,"max_hp_gain":0,"max_hp_loss":0,"event_name":"SensoryStone","floor":47,"gold_loss":0}],"is_beta":false,"boss_relics":[{"not_picked":["Eternal Feather","Busted Crown"],"picked":"Runic Pyramid"},{"not_picked":["Pandora\u0027s Box","Sozu"],"picked":"Black Star"}],"items_purged_floors":[20,37],"is_endless":false,"potions_floor_spawned":[3,6,8,14,16,19,22,31,39,41,48],"killed_by":"Awakened One","ascension_level":20}