{"gold_per_floor":[119,119,132,132,147,178,178,217,217,167,191,216,251,271,271,399,399,418,418,442,263,287,287,326,340,340,383,383,56,87,9,9,9],"floor_reached":33,"playtime":1891,"items_purged":["Parasite"],"score":428,"play_id":"2b89c931-65d4-4726-9013-6df0a00f3e7e","local_time":"20180719193826","is_ascension_mode":true,"campfire_choices":[{"data":"Reaper","floor":7,"key":"SMITH"},{"data":"Perfected Strike","floor":15,"key":"SMITH"},{"data":"Perfected Strike","floor":23,"key":"SMITH"},{"data":"1","floor":32,"key":"LIFT"}],"neow_cost":"CURSE","seed_source_timestamp":691511238161906,"circlet_count":0,"master_deck":["Strike_R+1","Strike_R+1","Strike_R+1","Strike_R+1","Strike_R+1","Defend_R+1","Defend_R+1","Defend_R+1","Bash","Perfected Strike+1","Immolate","Searing Blow","Intimidate","Reaper+1","Perfected Strike","Perfected Strike+1","Clash","Clash","Impervious","Flex+1","Uppercut+1","Rage","Headbutt","Perfected Strike","Inflame","Flex+1","Spot Weakness"],"relics":["Black Blood","Turnip","Golden Idol","Juzu Bracelet","Singing Bowl","Smiling Mask","Darkstone Periapt","Oddly Smooth Stone","Paper Frog","Letter Opener","Dodecahedron","Girya","Ornamental Fan"],"potions_floor_usage":[5,8,12,16,22,24,27,30],"damage_taken":[{"damage":8,"enemies":"2 Louse","floor":1,"turns":2},{"damage":7,"enemies":"Jaw Worm","floor":3,"turns":3},{"damage":0,"enemies":"Small Slimes","floor":5,"turns":1},{"damage":49,"enemies":"Lagavulin","floor":6,"turns":7},{"damage":26,"enemies":"3 Sentries","floor":8,"turns":5},{"damage":14,"enemies":"3 Louse","floor":11,"turns":2},{"damage":9,"enemies":"Exordium Wildlife","floor":12,"turns":5},{"damage":35,"enemies":"Lagavulin","floor":13,"turns":5},{"damage":7,"enemies":"Large Slime","floor":14,"turns":3},{"damage":31,"enemies":"Slime Boss","floor":16,"turns":10},{"damage":12,"enemies":"Chosen","floor":18,"turns":3},{"damage":11,"enemies":"Spheric Guardian","floor":20,"turns":3},{"damage":30,"enemies":"Cultist and Chosen","floor":22,"turns":7},{"damage":0,"enemies":"Gremlin Leader","floor":24,"turns":5},{"damage":18,"enemies":"Snake Plant","floor":25,"turns":2},{"damage":22,"enemies":"Book of Stabbing","floor":27,"turns":4},{"damage":38,"enemies":"Slavers","floor":30,"turns":5},{"damage":87,"enemies":"Collector","floor":33,"turns":10}],"seed_played":"3042963103757198840","potions_obtained":[{"floor":3,"key":"Fire Potion"},{"floor":6,"key":"BloodPotion"},{"floor":11,"key":"Block Potion"},{"floor":14,"key":"BloodPotion"},{"floor":16,"key":"LiquidBronze"},{"floor":18,"key":"PowerPotion"},{"floor":20,"key":"Poison Potion"},{"floor":24,"key":"Regen Potion"}],"is_trial":false,"path_per_floor":["M","?","M","?","M","E","R","E","T","$","M","M","E","M","R","B",null,"M","?","M","$","M","R","E","M","T","E","?","$","E","$","R"],"character_chosen":"IRONCLAD","items_purchased":["Oddly Smooth Stone","Rage","Girya","Inflame","Spot Weakness"],"campfire_rested":0,"item_purchase_floors":[21,21,29,29,31],"current_hp_per_floor":[78,78,77,57,63,20,20,23,23,23,30,37,17,16,16,8,79,77,77,76,76,58,58,81,75,75,75,75,75,58,58,58,0],"gold":9,"neow_bonus":"ONE_RARE_RELIC","is_prod":false,"is_daily":false,"chose_seed":false,"campfire_upgraded":3,"win_rate":0,"timestamp":1532043506,"path_taken":["M","?","M","?","M","E","R","E","T","$","M","M","E","M","R","BOSS","M","?","M","$","M","R","E","M","T","E","?","$","E","?","R","BOSS"],"build_version":"2018-07-12","purchased_purges":1,"victory":false,"max_hp_per_floor":[80,80,80,80,80,80,80,80,80,77,77,77,79,79,79,79,79,79,79,79,79,81,81,81,83,83,83,83,83,83,83,83,83],"card_choices":[{"not_picked":["Second Wind","Body Slam"],"picked":"Perfected Strike","floor":1},{"not_picked":["Body Slam","Second Wind"],"picked":"Searing Blow","floor":3},{"not_picked":["Clothesline","Fire Breathing"],"picked":"Intimidate","floor":5},{"not_picked":["True Grit","Burning Pact"],"picked":"Reaper","floor":6},{"not_picked":["Body Slam","Whirlwind"],"picked":"Perfected Strike","floor":8},{"not_picked":["Sword Boomerang","Heavy Blade"],"picked":"Perfected Strike","floor":11},{"not_picked":["Clothesline","Body Slam"],"picked":"Clash","floor":12},{"not_picked":["Warcry","Wild Strike","Dual Wield"],"picked":"Singing Bowl","floor":13},{"not_picked":["Rage","Dual Wield"],"picked":"Clash","floor":14},{"not_picked":["Reaper","Fiend Fire"],"picked":"Impervious","floor":16},{"not_picked":["Heavy Blade+1","Entrench"],"picked":"Flex+1","floor":18},{"not_picked":["Cleave","Warcry"],"picked":"Uppercut+1","floor":20},{"not_picked":["Pummel","True Grit","Searing Blow"],"picked":"Singing Bowl","floor":22},{"not_picked":["Power Through","Thunderclap"],"picked":"Headbutt","floor":24},{"not_picked":["Metallicize","Clothesline","Fire Breathing"],"picked":"Singing Bowl","floor":25},{"not_picked":["Armaments+1","Blood for Blood"],"picked":"Perfected Strike","floor":27},{"not_picked":["Corruption","Clash+1"],"picked":"Flex+1","floor":30}],"player_experience":191386,"relics_obtained":[{"floor":6,"key":"Juzu Bracelet"},{"floor":8,"key":"Singing Bowl"},{"floor":9,"key":"Smiling Mask"},{"floor":13,"key":"Darkstone Periapt"},{"floor":24,"key":"Paper Frog"},{"floor":26,"key":"Letter Opener"},{"floor":27,"key":"Dodecahedron"},{"floor":30,"key":"Ornamental Fan"}],"event_choices":[{"event_name":"Living Wall","player_choice":"Change","floor":2,"damage_taken":0},{"event_name":"Golden Idol","player_choice":"Take Damage","floor":4,"damage_taken":0},{"event_name":"Back to Basics","player_choice":"Simplicity","floor":19,"damage_taken":0},{"event_name":"Ghosts","player_choice":"Ignored","floor":28,"damage_taken":0}],"boss_relics":[{"not_picked":["Astrolabe","Fusion Hammer"],"picked":"Black Blood"}],"items_purged_floors":[10],"is_endless":false,"potions_floor_spawned":[3,6,11,14,16,18,20,24],"killed_by":"Collector","ascension_level":3}