{"gold_per_floor":[115,134,146,164,176,207,207,223,247,274,285,376,376,388,388,489,489,499,499,524,538,551,479,479,404,429,442,462,362,381,90,90,90],"floor_reached":33,"playtime":1216,"items_purged":["Strike_R","Strike_R"],"score":288,"play_id":"bc3f40c8-1f6a-41d1-a9a9-719022c8348f","local_time":"20180730164744","is_ascension_mode":false,"campfire_choices":[{"data":"Inflame","floor":7,"key":"SMITH"},{"data":"Thunderclap","floor":13,"key":"SMITH"},{"data":"Dropkick","floor":15,"key":"SMITH"},{"floor":24,"key":"REST"},{"floor":32,"key":"REST"}],"neow_cost":"NONE","seed_source_timestamp":1632382647513489,"circlet_count":0,"master_deck":["Strike_R","Strike_R","Strike_R","Defend_R","Defend_R+1","Defend_R","Defend_R+1","Bash","Thunderclap+1","Dropkick+1","Inflame+1","Bludgeon"],"relics":["Burning Blood","Orichalcum","Vajra","War Paint","Question Card","Tiny Chest","Philosopher\u0027s Stone","Anchor","Pen Nib","Juzu Bracelet","Unceasing Top"],"potions_floor_usage":[6,6,16,16,16,16,16,27,27,27,27,28,28,30,33,33],"damage_taken":[{"damage":0,"enemies":"2 Louse","floor":1,"turns":3},{"damage":7,"enemies":"Jaw Worm","floor":2,"turns":4},{"damage":0,"enemies":"Small Slimes","floor":3,"turns":3},{"damage":3,"enemies":"Exordium Wildlife","floor":4,"turns":3},{"damage":6,"enemies":"Looter","floor":5,"turns":4},{"damage":20,"enemies":"Lagavulin","floor":6,"turns":6},{"damage":6,"enemies":"2 Fungi Beasts","floor":8,"turns":4},{"damage":8,"enemies":"Gremlin Nob","floor":10,"turns":3},{"damage":0,"enemies":"Exordium Wildlife","floor":11,"turns":3},{"damage":8,"enemies":"Gremlin Nob","floor":12,"turns":3},{"damage":2,"enemies":"Exordium Thugs","floor":14,"turns":3},{"damage":38,"enemies":"Hexaghost","floor":16,"turns":5},{"damage":6,"enemies":"Chosen","floor":18,"turns":3},{"damage":32,"enemies":"2 Thieves","floor":21,"turns":4},{"damage":26,"enemies":"Snake Plant","floor":22,"turns":3},{"damage":8,"enemies":"Centurion and Healer","floor":27,"turns":3},{"damage":10,"enemies":"3 Cultists","floor":28,"turns":3},{"damage":15,"enemies":"Slaver and Parasite","floor":30,"turns":6},{"damage":80,"enemies":"Champ","floor":33,"turns":9}],"seed_played":"-5876222470312579137","potions_obtained":[{"floor":2,"key":"EntropicBrew"},{"floor":4,"key":"Regen Potion"},{"floor":5,"key":"AttackPotion"},{"floor":8,"key":"Strength Potion"},{"floor":12,"key":"PowerPotion"},{"floor":16,"key":"Explosive Potion"},{"floor":22,"key":"BloodPotion"},{"floor":28,"key":"AttackPotion"}],"is_trial":false,"path_per_floor":["M","M","M","M","M","E","R","M","T","E","M","?","R","M","R","B",null,"M","?","T","M","M","?","R","$","T","M","M","$","M","$","R"],"character_chosen":"IRONCLAD","items_purchased":["Unceasing Top"],"campfire_rested":2,"item_purchase_floors":[31],"current_hp_per_floor":[80,79,80,80,80,75,75,75,75,73,79,77,77,80,80,60,83,83,67,67,41,21,21,47,47,47,53,49,49,40,40,66,0],"gold":90,"neow_bonus":"RANDOM_COMMON_RELIC","is_prod":false,"is_daily":false,"chose_seed":false,"campfire_upgraded":3,"win_rate":0,"timestamp":1532983664,"path_taken":["M","M","M","M","M","E","R","M","T","E","M","?","R","M","R","BOSS","M","?","?","?","M","?","R","$","T","M","M","$","M","$","R","BOSS"],"build_version":"2018-07-26","purchased_purges":2,"victory":false,"max_hp_per_floor":[80,80,80,80,80,80,80,80,80,80,80,80,80,80,80,83,83,83,88,88,88,88,88,88,88,88,88,88,88,88,88,88,88],"card_choices":[{"not_picked":["Cleave","Iron Wave"],"picked":"Thunderclap","floor":1},{"not_picked":["Headbutt","Clothesline"],"picked":"Dropkick","floor":2},{"not_picked":["Clash","Cleave"],"picked":"Inflame","floor":3},{"not_picked":["Twin Strike","Pommel Strike","Flex"],"picked":"SKIP","floor":4},{"not_picked":["Shrug It Off","Clash","Thunderclap"],"picked":"SKIP","floor":5},{"not_picked":["Bloodletting","Thunderclap","Clothesline"],"picked":"SKIP","floor":6},{"not_picked":["Infernal Blade","Twin Strike","Disarm"],"picked":"SKIP","floor":8},{"not_picked":["Exhume","Flex","Twin Strike"],"picked":"SKIP","floor":10},{"not_picked":["Exhume","Flex","Twin Strike"],"picked":"SKIP","floor":10},{"not_picked":["Headbutt","Armaments","Intimidate","Body Slam"],"picked":"SKIP","floor":11},{"not_picked":["Warcry","Disarm","Uppercut","True Grit"],"picked":"SKIP","floor":14},{"not_picked":["Impervious","Berserk","Dark Embrace"],"picked":"Bludgeon","floor":16},{"not_picked":["Sword Boomerang","Whirlwind","Perfected Strike","Feel No Pain"],"picked":"SKIP","floor":18},{"not_picked":["Anger","True Grit","Heavy Blade","Dark Embrace"],"picked":"SKIP","floor":21},{"not_picked":["Body Slam+1","Warcry","Feel No Pain+1","Armaments"],"picked":"SKIP","floor":22},{"not_picked":["Spot Weakness","Iron Wave","Inflame","Intimidate+1"],"picked":"SKIP","floor":27},{"not_picked":["Feed","Body Slam","Pommel Strike","Shrug It Off"],"picked":"SKIP","floor":28},{"not_picked":["True Grit","Clothesline+1","Inflame","Heavy Blade"],"picked":"SKIP","floor":30}],"player_experience":395856,"relics_obtained":[{"floor":6,"key":"Vajra"},{"floor":9,"key":"War Paint"},{"floor":10,"key":"Question Card"},{"floor":20,"key":"Anchor"},{"floor":26,"key":"Juzu Bracelet"}],"event_choices":[{"event_name":"Dead Adventurer","player_choice":"Searched \u00272\u0027 times","floor":12,"damage_taken":0},{"event_name":"Forgotten Altar","player_choice":"Shed Blood","floor":19,"damage_taken":0},{"event_name":"WeMeetAgain","player_choice":"Gold","floor":23,"damage_taken":0}],"is_beta":false,"boss_relics":[{"not_picked":["Lizard Tail","Runic Dome"],"picked":"Philosopher\u0027s Stone"}],"items_purged_floors":[25,29],"is_endless":false,"potions_floor_spawned":[2,4,5,8,12,16,22,28],"killed_by":"Champ","ascension_level":0}