{"gold_per_floor":[110,35,52,69,69,69,104,166,166,196,196,213,242,257,257,352,352,372,372,390,402,402,402,413,444,444,444,473,473,504,504,504,600,600,613,631,245,245,255,283,283,298,345,345,374,47,47,72,72,72,72,72,26,51,51],"floor_reached":56,"playtime":3288,"items_purged":["Strike_R","Dark Embrace+1","Heavy Blade"],"score":2293,"play_id":"bcb21385-63d7-413b-983d-d9f899e8e087","local_time":"20190704201553","is_ascension_mode":true,"campfire_choices":[{"data":"Shrug It Off","floor":6,"key":"SMITH"},{"floor":11,"key":"REST"},{"data":"Body Slam","floor":15,"key":"SMITH"},{"data":"RitualDagger","floor":23,"key":"SMITH"},{"floor":27,"key":"REST"},{"data":"Shrug It Off","floor":29,"key":"SMITH"},{"data":"Berserk","floor":32,"key":"SMITH"},{"data":"Body Slam","floor":41,"key":"SMITH"},{"floor":49,"key":"RECALL"},{"data":"Shockwave","floor":52,"key":"SMITH"}],"neow_cost":"NONE","seed_source_timestamp":139364379705912,"circlet_count":0,"master_deck":["AscendersBane","Defend_R","Defend_R","Defend_R","Defend_R","Shockwave+1","Shrug It Off+1","Shrug It Off+1","Body Slam+1","Battle Trance+1","Offering+1","Entrench+1","Armaments+1","Spot Weakness+1","Clothesline+1","Second Wind+1","Shrug It Off+1","RitualDagger+1","Flame Barrier+1","Berserk+1","Iron Wave+1","Evolve+1","Body Slam+1","Power Through+1","Secret Weapon+1","Bandage Up+1","Entrench+1","Sentinel+1","Impervious+1","Flame Barrier+1","True Grit+1","True Grit+1"],"relics":["Burning Blood","Whetstone","Prayer Wheel","Centennial Puzzle","Calipers","Toxic Egg 2","Bronze Scales","Sozu","Art of War","Orichalcum","Gambling Chip","Letter Opener","Astrolabe","Singing Bowl","Red Skull","DollysMirror","Meat on the Bone","Happy Flower"],"potions_floor_usage":[7,8,13,13,16],"damage_taken":[{"damage":2,"enemies":"2 Louse","floor":1,"turns":3},{"damage":4,"enemies":"Small Slimes","floor":3,"turns":4},{"damage":2,"enemies":"Jaw Worm","floor":4,"turns":4},{"damage":26,"enemies":"Gremlin Nob","floor":7,"turns":5},{"damage":30,"enemies":"Gremlin Nob","floor":8,"turns":5},{"damage":31,"enemies":"Lagavulin","floor":10,"turns":8},{"damage":0,"enemies":"Large Slime","floor":12,"turns":9},{"damage":27,"enemies":"3 Sentries","floor":13,"turns":7},{"damage":0,"enemies":"2 Fungi Beasts","floor":14,"turns":4},{"damage":36,"enemies":"Hexaghost","floor":16,"turns":11},{"damage":9,"enemies":"Chosen","floor":18,"turns":3},{"damage":9,"enemies":"Shell Parasite","floor":20,"turns":4},{"damage":0,"enemies":"Sentry and Sphere","floor":21,"turns":4},{"damage":24,"enemies":"Centurion and Healer","floor":24,"turns":4},{"damage":6,"enemies":"Book of Stabbing","floor":25,"turns":5},{"damage":6,"enemies":"Gremlin Leader","floor":28,"turns":3},{"damage":17,"enemies":"Slavers","floor":30,"turns":5},{"damage":6,"enemies":"Automaton","floor":33,"turns":9},{"damage":6,"enemies":"3 Shapes","floor":35,"turns":3},{"damage":0,"enemies":"Orb Walker","floor":36,"turns":2},{"damage":6,"enemies":"Writhing Mass","floor":39,"turns":6},{"damage":6,"enemies":"Reptomancer","floor":40,"turns":3},{"damage":0,"enemies":"Jaw Worm Horde","floor":42,"turns":5},{"damage":6,"enemies":"Giant Head","floor":45,"turns":5},{"damage":6,"enemies":"Nemesis","floor":48,"turns":11},{"damage":18,"enemies":"Awakened One","floor":50,"turns":10},{"damage":0,"enemies":"Shield and Spear","floor":54,"turns":6},{"damage":6,"enemies":"The Heart","floor":55,"turns":9}],"seed_played":"-188260034719938346","potions_obtained":[{"floor":1,"key":"LiquidBronze"},{"floor":3,"key":"Ancient Potion"},{"floor":10,"key":"BloodPotion"},{"floor":12,"key":"PowerPotion"},{"floor":13,"key":"Weak Potion"}],"is_trial":false,"path_per_floor":["M","$","M","M","?","R","E","?","T","E","R","M","E","M","R","B",null,"M","?","M","M","?","R","M","E","T","R","E","R","E","?","R","B",null,"M","M","$","?","M","E","R","M","T","?","E","$","?","E","R","B",null,"R","$","E","B",null],"character_chosen":"IRONCLAD","items_purchased":["Secret Weapon+1","Bandage Up+1","DollysMirror","True Grit+1"],"campfire_rested":2,"item_purchase_floors":[37,37,46,53],"current_hp_per_floor":[76,76,78,80,80,80,60,36,36,11,35,41,40,46,46,16,64,61,61,58,64,58,58,40,40,40,64,64,64,53,53,53,53,73,73,79,79,79,80,82,82,86,86,88,88,88,84,84,84,78,83,83,83,86,86],"gold":51,"neow_bonus":"RANDOM_COMMON_RELIC","is_prod":false,"is_daily":false,"chose_seed":false,"campfire_upgraded":7,"win_rate":0,"timestamp":1562285753,"path_taken":["M","$","M","M","?","R","E","?","T","E","R","M","E","M","R","BOSS","M","?","M","M","?","R","M","E","T","R","E","R","E","?","R","BOSS","M","M","$","?","?","E","R","M","T","?","E","$","?","E","R","BOSS","R","$","E","BOSS"],"build_version":"2019-07-01","purchased_purges":3,"victory":true,"max_hp_per_floor":[80,80,80,80,80,80,80,80,80,80,80,80,80,80,80,80,80,80,80,80,80,80,80,80,80,80,80,80,80,80,80,80,80,80,80,80,80,80,80,82,82,86,86,88,88,88,84,84,84,84,84,84,84,86,86],"card_choices":[{"not_picked":["Clothesline","Flex"],"picked":"Shockwave","floor":1},{"not_picked":["Heavy Blade","Havoc"],"picked":"Shrug It Off","floor":3},{"not_picked":["Dropkick","Headbutt"],"picked":"Shrug It Off","floor":4},{"not_picked":["Clash","Clothesline","Wild Strike"],"picked":"SKIP","floor":7},{"not_picked":["Seeing Red","Second Wind","Thunderclap"],"picked":"SKIP","floor":10},{"not_picked":["Inflame","Thunderclap"],"picked":"Body Slam","floor":12},{"not_picked":["Flex+1","Rage+1","Double Tap+1"],"picked":"SKIP","floor":12},{"not_picked":["Body Slam","Dropkick"],"picked":"Battle Trance+1","floor":13},{"not_picked":["Headbutt","Heavy Blade"],"picked":"Sword Boomerang","floor":14},{"not_picked":["Warcry+1","Iron Wave","Fiend Fire"],"picked":"SKIP","floor":14},{"not_picked":["Fiend Fire","Bludgeon"],"picked":"Offering+1","floor":16},{"not_picked":["Searing Blow","Clothesline"],"picked":"Entrench+1","floor":18},{"not_picked":["Hemokinesis","Metallicize"],"picked":"Armaments+1","floor":18},{"not_picked":["Perfected Strike","Warcry+1"],"picked":"Clothesline+1","floor":20},{"not_picked":["Twin Strike","Rage+1"],"picked":"Second Wind+1","floor":20},{"not_picked":["Perfected Strike","Warcry+1"],"picked":"Shrug It Off+1","floor":21},{"not_picked":["Infernal Blade+1","Demon Form","Clash"],"picked":"SKIP","floor":21},{"not_picked":["Thunderclap","Sword Boomerang+1","Heavy Blade"],"picked":"SKIP","floor":24},{"not_picked":["Dropkick","Second Wind+1","Perfected Strike"],"picked":"SKIP","floor":24},{"not_picked":["Twin Strike","Iron Wave","Rage+1"],"picked":"SKIP","floor":25},{"not_picked":["Heavy Blade","Shockwave+1","Hemokinesis"],"picked":"SKIP","floor":28},{"not_picked":["Headbutt","Ghostly Armor+1"],"picked":"Flame Barrier+1","floor":30},{"not_picked":["Heavy Blade","Clothesline"],"picked":"Body Slam","floor":35},{"not_picked":["Twin Strike","Wild Strike","Sword Boomerang"],"picked":"SKIP","floor":35},{"not_picked":["Searing Blow","Intimidate+1"],"picked":"Power Through+1","floor":36},{"not_picked":["Carnage","Warcry+1","Corruption"],"picked":"SKIP","floor":36},{"not_picked":["Power Through+1","Dropkick"],"picked":"Sentinel+1","floor":39},{"not_picked":["Immolate","Fire Breathing+1","Clothesline"],"picked":"SKIP","floor":39},{"not_picked":["Blood for Blood","Warcry+1","Clothesline+1"],"picked":"Singing Bowl","floor":40},{"not_picked":["Wild Strike","Blood for Blood","Sentinel+1"],"picked":"Singing Bowl","floor":42},{"not_picked":["Havoc+1","Clothesline","Perfected Strike+1"],"picked":"Singing Bowl","floor":42},{"not_picked":["PanicButton+1","Violence+1","Blind+1"],"picked":"Singing Bowl","floor":44},{"not_picked":["Body Slam+1","Flex+1"],"picked":"Impervious+1","floor":45},{"not_picked":["Metallicize","Carnage"],"picked":"True Grit+1","floor":48},{"not_picked":["Body Slam+1","Dual Wield+1","Sever Soul"],"picked":"Singing Bowl","floor":54}],"player_experience":437196,"relics_obtained":[{"floor":7,"key":"Prayer Wheel"},{"floor":8,"key":"Centennial Puzzle"},{"floor":9,"key":"Calipers"},{"floor":10,"key":"Toxic Egg 2"},{"floor":13,"key":"Bronze Scales"},{"floor":25,"key":"Art of War"},{"floor":26,"key":"Orichalcum"},{"floor":28,"key":"Gambling Chip"},{"floor":30,"key":"Letter Opener"},{"floor":40,"key":"Singing Bowl"},{"floor":45,"key":"Red Skull"},{"floor":48,"key":"Meat on the Bone"},{"floor":54,"key":"Happy Flower"}],"event_choices":[{"cards_removed":["Strike_R"],"damage_healed":0,"gold_gain":0,"player_choice":"Forget","damage_taken":0,"max_hp_gain":0,"max_hp_loss":0,"event_name":"Living Wall","floor":5,"gold_loss":0},{"damage_healed":0,"gold_gain":0,"player_choice":"Searched \u00271\u0027 times","damage_taken":0,"max_hp_gain":0,"max_hp_loss":0,"event_name":"Dead Adventurer","floor":8,"gold_loss":0},{"damage_healed":0,"gold_gain":0,"player_choice":"Read","damage_taken":0,"max_hp_gain":0,"max_hp_loss":0,"event_name":"The Library","floor":19,"gold_loss":0,"cards_obtained":["Spot Weakness"]},{"damage_healed":0,"gold_gain":0,"player_choice":"Joined the Cult","damage_taken":6,"max_hp_gain":0,"max_hp_loss":0,"event_name":"Nest","floor":22,"gold_loss":0,"cards_obtained":["RitualDagger"]},{"damage_healed":0,"gold_gain":0,"cards_transformed":["Bash","Strike_R"],"player_choice":"Became Test Subject","damage_taken":0,"max_hp_gain":0,"max_hp_loss":0,"event_name":"Drug Dealer","floor":31,"gold_loss":0,"cards_obtained":["Berserk","Heavy Blade"]},{"damage_healed":0,"gold_gain":0,"player_choice":"Copied","damage_taken":0,"max_hp_gain":0,"max_hp_loss":0,"event_name":"Duplicator","floor":38,"gold_loss":0,"cards_obtained":["Entrench"]},{"damage_healed":0,"gold_gain":0,"player_choice":"Memory 1","damage_taken":0,"max_hp_gain":0,"max_hp_loss":0,"event_name":"SensoryStone","floor":44,"gold_loss":0},{"damage_healed":0,"gold_gain":0,"player_choice":"Max HP","damage_taken":0,"max_hp_gain":0,"max_hp_loss":4,"event_name":"Winding Halls","floor":47,"gold_loss":0}],"is_beta":false,"boss_relics":[{"not_picked":["Black Blood","Black Star"],"picked":"Sozu"},{"not_picked":["Runic Cube","Lizard Tail"],"picked":"Astrolabe"}],"items_purged_floors":[2,37,46],"is_endless":false,"potions_floor_spawned":[1,3,10,12,13,20,25,28,33,36,42,45,54],"ascension_level":12}