{"gold_per_floor":[110,125,400,400,63,63,98,98,98,109,109,128,145,157,157,262,262,277,277,277,22,36,36,56,56,56,56],"floor_reached":27,"playtime":1248,"items_purged":["Regret","Strike_R"],"score":238,"play_id":"0694f180-5c33-4cd1-999e-d7d94969f749","local_time":"20180811131615","is_ascension_mode":false,"campfire_choices":[{"data":"Metallicize","floor":6,"key":"SMITH"},{"data":"Pommel Strike","floor":8,"key":"SMITH"},{"data":"Searing Blow","floor":15,"key":"SMITH"},{"data":"Searing Blow+1","floor":23,"key":"SMITH"},{"data":"Searing Blow+2","floor":25,"key":"SMITH"}],"neow_cost":"NONE","seed_source_timestamp":163442038854221,"circlet_count":0,"master_deck":["Strike_R","Strike_R","Strike_R","Defend_R","Defend_R","Defend_R","Defend_R","Bash+1","Perfected Strike","Battle Trance","Power Through","Pommel Strike+1","Spot Weakness","Metallicize+1","Flash of Steel","Warcry","Offering","Perfected Strike","Searing Blow+3","Headbutt","Impervious","True Grit","Sever Soul","Battle Trance","Evolve","True Grit","Clash+1"],"relics":["Black Blood"],"potions_floor_usage":[14,16,24,27],"damage_taken":[{"damage":6,"enemies":"Jaw Worm","floor":1,"turns":3},{"damage":6,"enemies":"Cultist","floor":2,"turns":3},{"damage":0,"enemies":"3 Sentries","floor":7,"turns":8},{"damage":0,"enemies":"Small Slimes","floor":10,"turns":3},{"damage":6,"enemies":"2 Fungi Beasts","floor":12,"turns":3},{"damage":5,"enemies":"Exordium Thugs","floor":13,"turns":5},{"damage":4,"enemies":"Gremlin Gang","floor":14,"turns":3},{"damage":45,"enemies":"Hexaghost","floor":16,"turns":9},{"damage":23,"enemies":"Shell Parasite","floor":18,"turns":9},{"damage":12,"enemies":"Spheric Guardian","floor":22,"turns":6},{"damage":17,"enemies":"Snake Plant","floor":24,"turns":7},{"damage":87,"enemies":"Gremlin Leader","floor":27,"turns":7}],"seed_played":"3584945549330015176","potions_obtained":[{"floor":2,"key":"SkillPotion"},{"floor":7,"key":"BloodPotion"},{"floor":10,"key":"PowerPotion"},{"floor":22,"key":"Weak Potion"}],"is_trial":false,"path_per_floor":["M","M","?","?","$","R","E","R","T","M","T","M","M","M","R","B",null,"M","?","?","$","M","R","M","R","T"],"character_chosen":"IRONCLAD","items_purchased":["Pommel Strike","Spot Weakness","Metallicize","Flash of Steel","Battle Trance","Evolve"],"campfire_rested":0,"item_purchase_floors":[5,5,5,5,21,21],"current_hp_per_floor":[80,80,80,80,80,80,80,80,80,80,80,80,80,80,80,41,80,67,67,80,80,78,78,71,71,71,0],"gold":56,"neow_bonus":"UPGRADE_CARD","is_prod":false,"is_daily":false,"chose_seed":false,"campfire_upgraded":5,"win_rate":0,"timestamp":1534007775,"path_taken":["M","M","?","?","$","R","E","R","T","M","?","?","M","M","R","BOSS","M","?","?","$","M","R","M","R","T","E"],"build_version":"2018-08-09","purchased_purges":2,"victory":false,"max_hp_per_floor":[80,80,80,80,80,80,80,80,80,80,80,80,80,80,80,80,80,80,80,80,80,80,80,80,80,80,80],"card_choices":[{"not_picked":["Flex","Thunderclap"],"picked":"Perfected Strike","floor":1},{"not_picked":["Corruption","Carnage"],"picked":"Battle Trance","floor":2},{"not_picked":["Inflame","Flex"],"picked":"Warcry","floor":7},{"not_picked":["Corruption","Warcry"],"picked":"Offering","floor":10},{"not_picked":["True Grit","Clothesline"],"picked":"Perfected Strike","floor":12},{"not_picked":["Iron Wave","Havoc"],"picked":"Searing Blow","floor":13},{"not_picked":["Iron Wave","Warcry"],"picked":"Headbutt","floor":14},{"not_picked":["Brutality","Bludgeon"],"picked":"Impervious","floor":16},{"not_picked":["Flame Barrier","Uppercut"],"picked":"True Grit","floor":18},{"not_picked":["Heavy Blade","Sword Boomerang"],"picked":"True Grit","floor":22},{"not_picked":["Pommel Strike","Headbutt+1"],"picked":"Clash+1","floor":24}],"player_experience":491186,"relics_obtained":[],"event_choices":[{"event_name":"Golden Shrine","player_choice":"Desecrate","floor":3,"damage_taken":0},{"event_name":"Transmorgrifier","player_choice":"Transform","floor":4,"damage_taken":0},{"event_name":"The Library","player_choice":"Read","floor":19,"damage_taken":0},{"event_name":"Wheel of Change","player_choice":"Full Heal","floor":20,"damage_taken":0}],"is_beta":false,"boss_relics":[{"not_picked":["Runic Pyramid","Orrery"],"picked":"Black Blood"}],"items_purged_floors":[5,21],"is_endless":false,"potions_floor_spawned":[2,7,10,22],"killed_by":"Gremlin Leader","ascension_level":0}