{"gold_per_floor":[118,118,118,136,61,61,61,61,84,101,101,133,143,172,172,246,246,258,104,115,115,129,163,163,163],"floor_reached":25,"playtime":785,"items_purged":["Strike_R"],"score":458,"play_id":"f782b6e9-c27a-43ab-8cbc-2b408806374b","local_time":"20190520152511","is_ascension_mode":true,"campfire_choices":[{"data":"Bash","floor":6,"key":"SMITH"},{"data":"Flame Barrier","floor":8,"key":"SMITH"},{"data":"Body Slam","floor":11,"key":"SMITH"},{"data":"Demon Form","floor":15,"key":"SMITH"}],"neow_cost":"NONE","seed_source_timestamp":240508725729176,"circlet_count":0,"master_deck":["AscendersBane","Strike_R+1","Strike_R+1","Strike_R+1","Defend_R+1","Defend_R+1","Defend_R+1","Defend_R+1","Bash+1","Body Slam+1","Flame Barrier+1","Carnage","Shrug It Off","Headbutt","Demon Form+1","Offering","Body Slam","Evolve","Power Through","Reaper","Sever Soul"],"relics":["Burning Blood","Bag of Marbles","Pen Nib","Shovel","StoneCalendar","Runic Dome","Vajra"],"potions_floor_usage":[14,16,22],"damage_taken":[{"damage":18,"enemies":"Jaw Worm","floor":1,"turns":6},{"damage":5,"enemies":"Small Slimes","floor":4,"turns":3},{"damage":6,"enemies":"Cultist","floor":10,"turns":3},{"damage":15,"enemies":"Lagavulin","floor":12,"turns":4},{"damage":15,"enemies":"Looter","floor":13,"turns":4},{"damage":20,"enemies":"3 Sentries","floor":14,"turns":8},{"damage":38,"enemies":"Hexaghost","floor":16,"turns":8},{"damage":6,"enemies":"Chosen","floor":18,"turns":3},{"damage":22,"enemies":"2 Thieves","floor":20,"turns":3},{"damage":22,"enemies":"3 Cultists","floor":22,"turns":6},{"damage":30,"enemies":"Book of Stabbing","floor":23,"turns":5},{"damage":11,"enemies":"Slavers","floor":25,"turns":1}],"seed_played":"-3635200196984914308","potions_obtained":[{"floor":1,"key":"SkillPotion"},{"floor":3,"key":"GamblersBrew"},{"floor":20,"key":"Explosive Potion"}],"is_trial":false,"path_per_floor":["M","?","?","M","$","R","?","R","T","M","R","E","M","E","R","B",null,"M","$","M","?","M","E","?","E"],"character_chosen":"IRONCLAD","items_purchased":["Feel No Pain","Evolve"],"campfire_rested":0,"item_purchase_floors":[5,19],"current_hp_per_floor":[63,28,28,29,29,29,82,82,82,82,82,73,64,50,50,18,66,66,66,50,50,34,10,10,0],"gold":163,"neow_bonus":"TEN_PERCENT_HP_BONUS","is_prod":false,"is_daily":false,"chose_seed":false,"campfire_upgraded":4,"win_rate":0,"timestamp":1558380311,"path_taken":["M","?","?","?","$","R","?","R","T","?","R","E","?","E","R","BOSS","M","$","M","?","M","E","?","E"],"build_version":"2019-01-23","purchased_purges":1,"victory":false,"max_hp_per_floor":[82,82,82,82,82,82,82,82,82,82,82,82,82,82,82,82,82,82,82,82,82,82,82,82,82],"card_choices":[{"not_picked":["Second Wind","Ghostly Armor"],"picked":"Body Slam","floor":1},{"not_picked":["True Grit","Clothesline"],"picked":"Flame Barrier","floor":4},{"not_picked":["Dropkick","Perfected Strike"],"picked":"Carnage","floor":10},{"not_picked":["Clash","Clothesline"],"picked":"Shrug It Off","floor":12},{"not_picked":["Clash","Warcry"],"picked":"Headbutt","floor":13},{"not_picked":["Power Through","Metallicize"],"picked":"Demon Form","floor":14},{"not_picked":["Juggernaut","Barricade"],"picked":"Offering","floor":16},{"not_picked":["Infernal Blade","Warcry"],"picked":"Body Slam","floor":18},{"not_picked":["Fire Breathing","Hemokinesis","Clash"],"picked":"SKIP","floor":20},{"not_picked":["Dropkick","Heavy Blade"],"picked":"Power Through","floor":22},{"not_picked":["Havoc+1","Wild Strike+1"],"picked":"Reaper","floor":23}],"player_experience":1428822,"relics_obtained":[{"floor":9,"key":"Pen Nib"},{"floor":12,"key":"Shovel"},{"floor":14,"key":"StoneCalendar"},{"floor":23,"key":"Vajra"}],"event_choices":[{"damage_healed":0,"gold_gain":0,"player_choice":"Success","damage_taken":35,"relics_obtained":["Bag of Marbles"],"max_hp_gain":0,"max_hp_loss":0,"event_name":"Scrap Ooze","floor":2,"gold_loss":0},{"damage_healed":0,"gold_gain":0,"player_choice":"Got Potions","damage_taken":0,"max_hp_gain":0,"max_hp_loss":0,"event_name":"Lab","floor":3,"gold_loss":0},{"cards_removed":["Feel No Pain"],"damage_healed":53,"gold_gain":0,"player_choice":"Offered Uncommon","damage_taken":0,"max_hp_gain":0,"max_hp_loss":0,"event_name":"Bonfire Elementals","floor":7,"gold_loss":0},{"damage_healed":0,"gold_gain":0,"player_choice":"Simplicity","damage_taken":0,"max_hp_gain":0,"max_hp_loss":0,"event_name":"Back to Basics","floor":21,"gold_loss":0,"cards_upgraded":["Strike_R","Strike_R","Strike_R","Strike_R","Defend_R","Defend_R","Defend_R","Defend_R"]},{"damage_healed":0,"gold_gain":0,"cards_transformed":["Strike_R"],"player_choice":"Transformed","damage_taken":0,"max_hp_gain":0,"max_hp_loss":0,"event_name":"Transmorgrifier","floor":24,"gold_loss":0,"cards_obtained":["Sever Soul"]}],"is_beta":false,"boss_relics":[{"not_picked":["Orrery","Black Star"],"picked":"Runic Dome"}],"items_purged_floors":[19],"is_endless":false,"potions_floor_spawned":[1,4,20],"killed_by":"Slavers","ascension_level":20}