{"gold_per_floor":[116,7,7,25,41,73,73,105,129,129,29,43,59,76,76,181,231,249,266,277,290,324,324,356,356,403,430,17,17,17,35,35,135,135,146,156,176,104,123,156,156,184,208,208,208,208,218,10,10,10,10,10,10,36,36],"floor_reached":55,"playtime":2950,"items_purged":["Strike_B","Defend_B","Strike_B"],"score":872,"play_id":"2b750422-a92e-453d-ba0f-1f16e7d818c9","local_time":"20190510213059","is_ascension_mode":true,"campfire_choices":[{"data":"Hologram","floor":7,"key":"SMITH"},{"data":"Dualcast","floor":10,"key":"SMITH"},{"data":"Hologram","floor":15,"key":"SMITH"},{"floor":23,"key":"REST"},{"floor":32,"key":"REST"},{"floor":41,"key":"RECALL"},{"floor":44,"key":"REST"},{"data":"Creative AI","floor":46,"key":"SMITH"},{"data":"Static Discharge","floor":49,"key":"SMITH"},{"data":"Defragment","floor":52,"key":"SMITH"}],"neow_cost":"NONE","seed_source_timestamp":32740326740009,"circlet_count":0,"master_deck":["Defend_B+1","Defend_B","Defend_B","Zap+1","Dualcast+1","Ball Lightning","Storm+1","Glacier","Hologram+1","Electrodynamics","Sweeping Beam","Reinforced Body+1","Hologram+1","Buffer","Conserve Battery","Conserve Battery+1","Biased Cognition","Heatsinks+1","Static Discharge+1","Hologram+1","Streamline","Creative AI+1","Turbo+1","Steam+1","Steam+1","Defragment+1","Undo+1","Chill+1","Reboot+1","Sweeping Beam","Defragment"],"relics":["Cracked Core","NeowsBlessing","Potion Belt","Regal Pillow","Happy Flower","Tiny House","Red Mask","War Paint","Toxic Egg 2","Bottled Lightning","Velvet Choker","Strawberry","Ancient Tea Set","Oddly Smooth Stone","Runic Capacitor","Pantograph"],"potions_floor_usage":[16,22,27,27,37,42,54,54,55,55],"damage_taken":[{"damage":0,"enemies":"2 Louse","floor":1,"turns":1},{"damage":0,"enemies":"Cultist","floor":4,"turns":1},{"damage":0,"enemies":"Jaw Worm","floor":5,"turns":1},{"damage":13,"enemies":"3 Sentries","floor":6,"turns":10},{"damage":4,"enemies":"Lagavulin","floor":8,"turns":6},{"damage":0,"enemies":"3 Louse","floor":12,"turns":1},{"damage":6,"enemies":"Exordium Wildlife","floor":13,"turns":2},{"damage":6,"enemies":"Looter","floor":14,"turns":3},{"damage":9,"enemies":"Hexaghost","floor":16,"turns":10},{"damage":0,"enemies":"Spheric Guardian","floor":18,"turns":3},{"damage":12,"enemies":"Shell Parasite","floor":19,"turns":5},{"damage":19,"enemies":"Sentry and Sphere","floor":20,"turns":5},{"damage":15,"enemies":"Snake Plant","floor":21,"turns":4},{"damage":0,"enemies":"Masked Bandits","floor":22,"turns":2},{"damage":5,"enemies":"Gremlin Leader","floor":24,"turns":5},{"damage":5,"enemies":"Book of Stabbing","floor":27,"turns":8},{"damage":19,"enemies":"Centurion and Healer","floor":31,"turns":3},{"damage":10,"enemies":"Collector","floor":33,"turns":8},{"damage":1,"enemies":"Orb Walker","floor":35,"turns":3},{"damage":13,"enemies":"3 Darklings","floor":36,"turns":3},{"damage":0,"enemies":"Writhing Mass","floor":37,"turns":4},{"damage":16,"enemies":"Jaw Worm Horde","floor":39,"turns":3},{"damage":20,"enemies":"Nemesis","floor":40,"turns":5},{"damage":26,"enemies":"Reptomancer","floor":42,"turns":5},{"damage":0,"enemies":"4 Shapes","floor":47,"turns":4},{"damage":2,"enemies":"Donu and Deca","floor":50,"turns":9},{"damage":33,"enemies":"Shield and Spear","floor":54,"turns":4},{"damage":94,"enemies":"The Heart","floor":55,"turns":9}],"seed_played":"-515441044480285636","potions_obtained":[{"floor":6,"key":"LiquidBronze"},{"floor":8,"key":"Swift Potion"},{"floor":13,"key":"Block Potion"},{"floor":17,"key":"SneckoOil"},{"floor":18,"key":"FairyPotion"},{"floor":21,"key":"Weak Potion"},{"floor":24,"key":"Ancient Potion"},{"floor":33,"key":"Energy Potion"},{"floor":35,"key":"SneckoOil"},{"floor":37,"key":"SteroidPotion"},{"floor":42,"key":"SpeedPotion"},{"floor":47,"key":"Block Potion"}],"is_trial":false,"path_per_floor":["M","$","?","M","M","E","R","E","T","R","$","M","M","M","R","B",null,"M","M","M","M","?","R","E","?","T","E","$","?","?","M","R","B",null,"M","M","M","$","M","E","R","E","T","R","?","R","M","$","R","B",null,"R","$","E","B"],"character_chosen":"DEFECT","items_purchased":["Storm","Bottled Lightning","Streamline","Defragment","Runic Capacitor"],"campfire_rested":3,"item_purchase_floors":[2,28,28,38,48],"current_hp_per_floor":[75,75,75,75,75,62,62,58,58,58,58,58,52,46,46,37,80,80,68,49,34,34,73,68,68,68,63,63,63,63,44,80,70,80,79,66,66,66,50,37,37,11,11,52,52,52,52,52,52,50,87,87,87,54,0],"gold":36,"neow_bonus":"THREE_ENEMY_KILL","is_prod":false,"is_daily":false,"chose_seed":false,"campfire_upgraded":6,"win_rate":0,"timestamp":1557538259,"path_taken":["M","$","?","M","?","E","R","E","T","R","$","?","M","?","R","BOSS","M","M","?","M","?","R","E","?","T","E","?","?","?","M","R","BOSS","M","M","M","$","M","E","R","E","T","R","?","R","?","$","R","BOSS","R","$","E","BOSS"],"build_version":"2019-01-23","purchased_purges":3,"victory":false,"max_hp_per_floor":[75,75,75,75,75,75,75,75,75,75,75,75,75,75,75,75,80,80,80,80,80,80,80,80,80,80,80,80,80,80,80,80,80,80,80,80,80,80,80,87,87,87,87,87,87,87,87,87,87,87,87,87,87,87,87],"card_choices":[{"not_picked":["Steam","Stack"],"picked":"Ball Lightning","floor":1},{"not_picked":["BootSequence","Beam Cell"],"picked":"Glacier","floor":4},{"not_picked":["Leap","Lockon"],"picked":"Hologram","floor":5},{"not_picked":["Reinforced Body","Barrage"],"picked":"Electrodynamics","floor":6},{"not_picked":["Hologram","Rebound"],"picked":"Sweeping Beam","floor":8},{"not_picked":["Rebound","Stack","Sunder"],"picked":"SKIP","floor":12},{"not_picked":["Leap","Chaos"],"picked":"Reinforced Body","floor":13},{"not_picked":["Beam Cell","Stack"],"picked":"Hologram","floor":14},{"not_picked":["Biased Cognition","Meteor Strike"],"picked":"Buffer","floor":16},{"not_picked":["Gash","Heatsinks"],"picked":"Conserve Battery","floor":17},{"not_picked":["Steam","Hologram"],"picked":"Conserve Battery+1","floor":18},{"not_picked":["Gash","Recycle","Redo"],"picked":"SKIP","floor":19},{"not_picked":["Conserve Battery","Genetic Algorithm","Rebound"],"picked":"SKIP","floor":20},{"not_picked":["Rebound","Go for the Eyes","Reprogram"],"picked":"SKIP","floor":21},{"not_picked":["Stack","Skim"],"picked":"Biased Cognition","floor":22},{"not_picked":["Scrape","Hologram"],"picked":"Heatsinks+1","floor":24},{"not_picked":["Ball Lightning+1","Skim"],"picked":"Hologram","floor":27},{"not_picked":["Sweeping Beam+1","Stack+1","Aggregate+1"],"picked":"SKIP","floor":31},{"not_picked":["Seek+1","Fission+1"],"picked":"Creative AI","floor":33},{"not_picked":["Glacier+1","BootSequence+1"],"picked":"Turbo+1","floor":35},{"not_picked":["Glacier+1","Hologram+1"],"picked":"Steam+1","floor":36},{"not_picked":["Chaos+1","Recycle+1"],"picked":"Steam+1","floor":37},{"not_picked":["Conserve Battery+1","Leap+1"],"picked":"Undo+1","floor":39},{"not_picked":["Cold Snap","Barrage+1"],"picked":"Chill+1","floor":40},{"not_picked":["Hologram+1","Sweeping Beam"],"picked":"Reboot+1","floor":42},{"not_picked":["Cold Snap","Genetic Algorithm+1","Sunder"],"picked":"SKIP","floor":47},{"not_picked":["Leap+1","Reinforced Body+1"],"picked":"Defragment","floor":54}],"player_experience":267550,"relics_obtained":[{"floor":6,"key":"Potion Belt"},{"floor":8,"key":"Regal Pillow"},{"floor":9,"key":"Happy Flower"},{"floor":22,"key":"Red Mask"},{"floor":24,"key":"War Paint"},{"floor":27,"key":"Toxic Egg 2"},{"floor":40,"key":"Strawberry"},{"floor":42,"key":"Ancient Tea Set"},{"floor":43,"key":"Oddly Smooth Stone"},{"floor":54,"key":"Pantograph"}],"event_choices":[{"damage_healed":0,"gold_gain":0,"player_choice":"Forge","damage_taken":0,"max_hp_gain":0,"max_hp_loss":0,"event_name":"Accursed Blacksmith","floor":3,"gold_loss":0,"cards_upgraded":["Zap"]},{"damage_healed":0,"gold_gain":0,"player_choice":"Fought Bandits","damage_taken":0,"max_hp_gain":0,"max_hp_loss":0,"event_name":"Masked Bandits","floor":22,"gold_loss":0},{"damage_healed":0,"gold_gain":0,"player_choice":"Read","damage_taken":0,"max_hp_gain":0,"max_hp_loss":0,"event_name":"The Library","floor":25,"gold_loss":0,"cards_obtained":["Static Discharge"]},{"damage_healed":0,"gold_gain":0,"player_choice":"Ignored","damage_taken":0,"max_hp_gain":0,"max_hp_loss":0,"event_name":"Ghosts","floor":29,"gold_loss":0},{"cards_removed":["Strike_B"],"damage_healed":0,"gold_gain":0,"player_choice":"Elegance","damage_taken":0,"max_hp_gain":0,"max_hp_loss":0,"event_name":"Back to Basics","floor":30,"gold_loss":0},{"damage_healed":0,"gold_gain":0,"cards_transformed":["Strike_B"],"player_choice":"Transformed","damage_taken":0,"max_hp_gain":0,"max_hp_loss":0,"event_name":"Transmorgrifier","floor":45,"gold_loss":0,"cards_obtained":["Sweeping Beam"]}],"is_beta":false,"boss_relics":[{"not_picked":["Runic Pyramid","Runic Dome"],"picked":"Tiny House"},{"not_picked":["Pandora\u0027s Box","Empty Cage"],"picked":"Velvet Choker"}],"items_purged_floors":[2,11,28],"is_endless":false,"potions_floor_spawned":[6,8,13,18,21,24,33,35,37,42,47],"killed_by":"The Heart","ascension_level":4}