{"gold_per_floor":[113,123,123,142,142,142,169,169,169,169,65,83,110,129,129,203,203,213,86,101,1,1,27,27,54,99,109,109,109],"floor_reached":29,"playtime":920,"items_purged":["Strike_R","Wild Strike","Wild Strike"],"score":592,"play_id":"c3d1e65c-4617-4352-aeda-c23f98da9535","local_time":"20181216124832","is_ascension_mode":true,"campfire_choices":[{"data":"Immolate","floor":6.0,"key":"SMITH"},{"data":"Disarm","floor":10.0,"key":"SMITH"},{"data":"Clothesline","floor":15.0,"key":"SMITH"},{"data":"True Grit","floor":24.0,"key":"SMITH"},{"data":"Spot Weakness","floor":28,"key":"SMITH"}],"neow_cost":"NONE","seed_source_timestamp":308954927172128,"circlet_count":0,"master_deck":["AscendersBane","Strike_R+1","Strike_R+1","Defend_R","Defend_R","Defend_R","Defend_R","Bash+1","Shrug It Off","Immolate+1","Disarm+1","Shrug It Off","Clothesline+1","Offering","Combust","True Grit+1","Spot Weakness+1","Flame Barrier+1","Battle Trance+1"],"special_seed":0,"relics":["Burning Blood","NeowsBlessing","Lantern","The Courier","FossilizedHelix","Runic Pyramid","Oddly Smooth Stone","Ancient Tea Set","Whetstone"],"potions_floor_usage":[],"damage_taken":[{"damage":0.0,"enemies":"2 Louse","floor":1.0,"turns":1.0},{"damage":0.0,"enemies":"Cultist","floor":2.0,"turns":1.0},{"damage":0.0,"enemies":"Small Slimes","floor":4.0,"turns":1.0},{"damage":20.0,"enemies":"Lagavulin","floor":7.0,"turns":6.0},{"damage":0.0,"enemies":"Gremlin Gang","floor":12.0,"turns":1.0},{"damage":0.0,"enemies":"Gremlin Nob","floor":13.0,"turns":3.0},{"damage":0.0,"enemies":"3 Louse","floor":14.0,"turns":2.0},{"damage":20.0,"enemies":"The Guardian","floor":16.0,"turns":15.0},{"damage":0.0,"enemies":"Chosen","floor":18.0,"turns":3.0},{"damage":8.0,"enemies":"Spheric Guardian","floor":20.0,"turns":3.0},{"damage":3.0,"enemies":"Book of Stabbing","floor":23.0,"turns":4.0},{"damage":30,"enemies":"Slavers","floor":25,"turns":4},{"damage":1,"enemies":"Snecko","floor":27,"turns":4},{"damage":0,"enemies":"Colosseum Slavers","floor":29,"turns":3},{"damage":65,"enemies":"Colosseum Nobs","floor":29,"turns":3}],"seed_played":"3709776806990879630","potions_obtained":[{"floor":1.0,"key":"Energy Potion"},{"floor":4.0,"key":"Ancient Potion"},{"floor":14.0,"key":"AttackPotion"},{"floor":18.0,"key":"AttackPotion"}],"is_trial":false,"path_per_floor":["M","M","?","M","?","R","E","?","T","R","$","M","E","M","R","B",null,"M","$","M","$","?","E","R","E","T","M","R","?"],"character_chosen":"IRONCLAD","items_purchased":["Shrug It Off","True Grit"],"campfire_rested":0,"item_purchase_floors":[11,19],"current_hp_per_floor":[74,75,75,75,75,75,61,61,61,61,61,67,73,75,75,61,72,75,75,73,73,73,75,75,51,51,56,56,0],"gold":109,"neow_bonus":"THREE_ENEMY_KILL","is_prod":false,"is_daily":false,"chose_seed":false,"campfire_upgraded":5,"win_rate":0,"timestamp":1544982512,"path_taken":["M","M","?","?","?","R","E","?","T","R","$","?","E","M","R","BOSS","M","$","M","$","?","E","R","E","T","M","R","?"],"build_version":"2018-12-13","purchased_purges":3,"victory":false,"max_hp_per_floor":[75,75,75,75,75,75,75,75,75,75,75,75,75,75,75,75,75,75,75,75,75,75,75,75,75,75,75,75,75],"card_choices":[{"not_picked":["Searing Blow","Headbutt"],"picked":"Wild Strike","floor":1.0},{"not_picked":["Entrench","Headbutt"],"picked":"Shrug It Off","floor":2.0},{"not_picked":["Headbutt","Armaments"],"picked":"Disarm","floor":4.0},{"not_picked":["Blood for Blood","Berserk"],"picked":"Wild Strike","floor":7.0},{"not_picked":["Dropkick","Anger"],"picked":"Clothesline","floor":12.0},{"not_picked":["Cleave","Flex","Iron Wave"],"picked":"SKIP","floor":13.0},{"not_picked":["Rampage","Sword Boomerang","Searing Blow"],"picked":"SKIP","floor":14.0},{"not_picked":["Limit Break","Exhume"],"picked":"Offering","floor":16.0},{"not_picked":["Twin Strike","Cleave"],"picked":"Combust","floor":18.0},{"not_picked":["Iron Wave","Sentinel"],"picked":"Spot Weakness","floor":20.0},{"not_picked":["Cleave+1","Warcry"],"picked":"Flame Barrier+1","floor":23.0},{"not_picked":["Searing Blow","Sever Soul","Uppercut"],"picked":"SKIP","floor":25},{"not_picked":["Searing Blow","Sever Soul","Uppercut"],"picked":"SKIP","floor":25},{"not_picked":["Searing Blow","Sever Soul","Uppercut"],"picked":"SKIP","floor":25},{"not_picked":["Evolve","Pommel Strike"],"picked":"Battle Trance+1","floor":27}],"player_experience":1285575,"relics_obtained":[{"floor":7.0,"key":"Lantern"},{"floor":9.0,"key":"The Courier"},{"floor":13.0,"key":"FossilizedHelix"},{"floor":23.0,"key":"Oddly Smooth Stone"},{"floor":25,"key":"Ancient Tea Set"},{"floor":26,"key":"Whetstone"}],"event_choices":[{"damage_healed":0.0,"max_hp_gain":0.0,"max_hp_loss":0.0,"gold_gain":0.0,"cards_transformed":["Strike_R"],"event_name":"Transmorgrifier","player_choice":"Transformed","floor":3.0,"gold_loss":0.0,"damage_taken":0.0,"cards_obtained":["Immolate"]},{"cards_removed":["Strike_R"],"damage_healed":0.0,"max_hp_gain":0.0,"max_hp_loss":0.0,"gold_gain":0.0,"event_name":"Living Wall","player_choice":"Forget","floor":5.0,"gold_loss":0.0,"damage_taken":0.0},{"damage_healed":0.0,"max_hp_gain":0.0,"max_hp_loss":0.0,"gold_gain":0.0,"event_name":"Upgrade Shrine","player_choice":"Upgraded","floor":8.0,"gold_loss":0.0,"damage_taken":0.0,"cards_upgraded":["Bash"]},{"damage_healed":0.0,"max_hp_gain":0.0,"max_hp_loss":0.0,"gold_gain":0.0,"event_name":"The Mausoleum","player_choice":"Ignored","floor":22.0,"gold_loss":0.0,"damage_taken":0.0},{"damage_healed":0,"gold_gain":0,"player_choice":"Fight","damage_taken":0,"max_hp_gain":0,"max_hp_loss":0,"event_name":"Colosseum","floor":29,"gold_loss":0},{"damage_healed":0,"gold_gain":0,"player_choice":"Fought Nobs","damage_taken":0,"max_hp_gain":0,"max_hp_loss":0,"event_name":"Colosseum","floor":29,"gold_loss":0}],"is_beta":false,"boss_relics":[{"not_picked":["Orrery","Velvet Choker"],"picked":"Runic Pyramid"}],"items_purged_floors":[11,19,21],"is_endless":false,"potions_floor_spawned":[1,4,14,18,29],"killed_by":"Colosseum Nobs","ascension_level":20}