{"gold_per_floor":[412,13,13,26,45,77,77,77,77,90,119,35,35,67,67,141,141,160,160],"floor_reached":19,"playtime":955,"items_purged":["Strike_R"],"score":470,"play_id":"65723a94-bc9f-41a6-b77d-24b89d92f3c6","local_time":"20190517233711","is_ascension_mode":true,"campfire_choices":[{"data":"Bash","floor":7,"key":"SMITH"},{"data":"Armaments","floor":13,"key":"SMITH"},{"data":"Clothesline","floor":15,"key":"SMITH"}],"neow_cost":"TEN_PERCENT_HP_LOSS","seed_source_timestamp":10652546788522,"circlet_count":0,"master_deck":["AscendersBane","Strike_R","Strike_R","Strike_R","Strike_R","Defend_R","Defend_R","Defend_R","Defend_R","Bash+1","Corruption","Battle Trance","Dropkick","Anger","Wild Strike","Body Slam","Clothesline+1","Armaments+1","Inflame","Armaments+1","Exhume+1"],"relics":["Burning Blood","Old Coin","Bag of Marbles","Singing Bowl","Vajra","Magic Flower","Toxic Egg 2","Fusion Hammer"],"potions_floor_usage":[6,6,10,14,19],"damage_taken":[{"damage":1,"enemies":"Cultist","floor":1,"turns":3},{"damage":2,"enemies":"Jaw Worm","floor":4,"turns":3},{"damage":6,"enemies":"Small Slimes","floor":5,"turns":3},{"damage":0,"enemies":"Gremlin Nob","floor":6,"turns":2},{"damage":0,"enemies":"2 Fungi Beasts","floor":10,"turns":2},{"damage":39,"enemies":"3 Sentries","floor":11,"turns":10},{"damage":0,"enemies":"Lagavulin","floor":14,"turns":4},{"damage":42,"enemies":"Hexaghost","floor":16,"turns":11},{"damage":27,"enemies":"3 Byrds","floor":18,"turns":7},{"damage":20,"enemies":"Colosseum Slavers","floor":19,"turns":4},{"damage":33,"enemies":"Colosseum Nobs","floor":19,"turns":3}],"seed_played":"-4719322763218435987","potions_obtained":[{"floor":1,"key":"SteroidPotion"},{"floor":3,"key":"BloodPotion"},{"floor":3,"key":"GamblersBrew"},{"floor":6,"key":"SkillPotion"},{"floor":11,"key":"AttackPotion"},{"floor":16,"key":"Swift Potion"}],"is_trial":false,"path_per_floor":["M","$","?","M","M","E","R","?","T","M","E","$","R","E","R","B",null,"M","?"],"character_chosen":"IRONCLAD","items_purchased":["Bag of Marbles","Battle Trance","Dropkick","Inflame"],"campfire_rested":0,"item_purchase_floors":[2,2,2,12],"current_hp_per_floor":[68,68,68,68,68,70,70,70,70,70,37,37,37,46,46,13,56,40,0],"gold":160,"neow_bonus":"ONE_RARE_RELIC","is_prod":false,"is_daily":false,"chose_seed":false,"campfire_upgraded":3,"win_rate":0,"timestamp":1558150631,"path_taken":["M","$","?","M","?","E","R","?","T","M","E","?","R","E","R","BOSS","M","?"],"build_version":"2019-01-23","purchased_purges":1,"victory":false,"max_hp_per_floor":[68,68,68,68,68,70,70,70,70,70,70,70,70,70,70,70,70,72,72],"card_choices":[{"not_picked":["Entrench","Thunderclap"],"picked":"Corruption","floor":1},{"not_picked":["Battle Trance","Blood for Blood"],"picked":"Anger","floor":4},{"not_picked":["Flex","Power Through"],"picked":"Wild Strike","floor":5},{"not_picked":["Berserk","Entrench","Body Slam"],"picked":"Singing Bowl","floor":6},{"not_picked":["Cleave","Headbutt"],"picked":"Clothesline","floor":10},{"not_picked":["Body Slam","Sever Soul"],"picked":"Armaments","floor":11},{"not_picked":["Rupture","Barricade"],"picked":"Armaments","floor":14},{"not_picked":["Barricade","Impervious+1"],"picked":"Exhume+1","floor":16},{"not_picked":["Body Slam","Combust","Reckless Charge"],"picked":"Singing Bowl","floor":18}],"player_experience":1421337,"relics_obtained":[{"floor":6,"key":"Singing Bowl"},{"floor":9,"key":"Vajra"},{"floor":11,"key":"Magic Flower"},{"floor":14,"key":"Toxic Egg 2"}],"event_choices":[{"damage_healed":0,"gold_gain":0,"player_choice":"Got Potions","damage_taken":0,"max_hp_gain":0,"max_hp_loss":0,"event_name":"Lab","floor":3,"gold_loss":0},{"damage_healed":0,"gold_gain":0,"player_choice":"1 cards matched","damage_taken":0,"max_hp_gain":0,"max_hp_loss":0,"event_name":"Match and Keep!","floor":8,"gold_loss":0,"cards_obtained":["Body Slam"]},{"damage_healed":0,"gold_gain":0,"player_choice":"Fight","damage_taken":0,"max_hp_gain":0,"max_hp_loss":0,"event_name":"Colosseum","floor":19,"gold_loss":0},{"damage_healed":0,"gold_gain":0,"player_choice":"Fought Nobs","damage_taken":0,"max_hp_gain":0,"max_hp_loss":0,"event_name":"Colosseum","floor":19,"gold_loss":0}],"is_beta":false,"boss_relics":[{"not_picked":["Coffee Dripper","Pandora\u0027s Box"],"picked":"Fusion Hammer"}],"items_purged_floors":[2],"is_endless":false,"potions_floor_spawned":[1,6,11,16,19],"killed_by":"Colosseum Nobs","ascension_level":20}