{"gold_per_floor":[361,379,379,379,7,7,40,40,40,40,64,29,44,77,77,176,176,195,195,209,334,352,3,3,3,3,3,46,46,46],"floor_reached":30,"playtime":1919,"items_purged":["Strike_R"],"score":533,"play_id":"a9bc31ba-adb9-48b9-9d53-6b112b4a9ade","local_time":"20181023213054","is_ascension_mode":true,"campfire_choices":[{"data":"Uppercut","floor":6.0,"key":"SMITH"},{"data":"Rampage","floor":8.0,"key":"SMITH"},{"data":"Pommel Strike","floor":10.0,"key":"SMITH"},{"data":"1","floor":15.0,"key":"LIFT"},{"data":"2","floor":24.0,"key":"LIFT"},{"floor":27.0,"key":"REST"}],"neow_cost":"TEN_PERCENT_HP_LOSS","seed_source_timestamp":435643821003822,"circlet_count":0,"master_deck":["Defend_R","Defend_R","Defend_R","Defend_R","Bash","AscendersBane","Anger","Pommel Strike+1","Rampage+1","Uppercut+1","Sentinel","Whirlwind","Spot Weakness","Thunderclap","Feed","Pommel Strike+1","Feed+1","Rampage+1","Shrug It Off","Pommel Strike+1","Dropkick","Ghostly Armor","Rage","Master of Strategy","Fiend Fire","Ghostly","Ghostly","Ghostly","Ghostly","Ghostly"],"special_seed":0,"relics":["Burning Blood","Golden Idol","Anchor","Question Card","Bag of Preparation","Girya","Astrolabe","MutagenicStrength","Turnip","Dodecahedron","Blue Candle","Blood Vial","Calipers"],"potions_floor_usage":[],"damage_taken":[{"damage":10.0,"enemies":"2 Louse","floor":1.0,"turns":2.0},{"damage":10.0,"enemies":"Small Slimes","floor":2.0,"turns":3.0},{"damage":20.0,"enemies":"Lagavulin","floor":7.0,"turns":5.0},{"damage":0.0,"enemies":"Jaw Worm","floor":11.0,"turns":3.0},{"damage":2.0,"enemies":"Looter","floor":13.0,"turns":3.0},{"damage":10.0,"enemies":"3 Sentries","floor":14.0,"turns":4.0},{"damage":24.0,"enemies":"The Guardian","floor":16.0,"turns":10.0},{"damage":27.0,"enemies":"Spheric Guardian","floor":18.0,"turns":5.0},{"damage":1.0,"enemies":"2 Thieves","floor":20.0,"turns":2.0},{"damage":10.0,"enemies":"Colosseum Slavers","floor":21.0,"turns":5.0},{"damage":20.0,"enemies":"Colosseum Nobs","floor":21.0,"turns":4.0},{"damage":27.0,"enemies":"Cultist and Chosen","floor":22.0,"turns":5.0},{"damage":36.0,"enemies":"Slavers","floor":28.0,"turns":7.0},{"damage":31,"enemies":"Book of Stabbing","floor":30,"turns":4}],"seed_played":"2091314680045920751","potions_obtained":[{"floor":1.0,"key":"Strength Potion"},{"floor":7.0,"key":"GamblersBrew"},{"floor":11.0,"key":"SteroidPotion"},{"floor":16.0,"key":"Swift Potion"},{"floor":18.0,"key":"Explosive Potion"},{"floor":21.0,"key":"Weak Potion"}],"is_trial":false,"path_per_floor":["M","M","?","?","$","R","E","R","T","R","M","?","M","E","R","B",null,"M","?","M","?","M","$","R","T","T","R","E","?"],"character_chosen":"IRONCLAD","items_purchased":["Rampage","Anchor","Uppercut","Rage","Master of Strategy","BloodPotion"],"campfire_rested":1,"item_purchase_floors":[5,5,5,23,23,23],"current_hp_per_floor":[64,60,37,30,30,30,16,16,16,16,22,39,43,39,39,21,56,35,35,44,34,17,17,17,17,17,42,29,29,0],"gold":46,"neow_bonus":"TWO_FIFTY_GOLD","is_prod":false,"is_daily":false,"chose_seed":false,"campfire_upgraded":3,"win_rate":0,"timestamp":1540344654,"path_taken":["M","M","?","?","$","R","E","R","T","R","M","?","M","E","R","BOSS","M","?","M","?","M","$","R","?","T","R","E","?","E"],"build_version":"2018-10-18","purchased_purges":1,"victory":false,"max_hp_per_floor":[68,68,68,68,68,68,68,68,68,68,68,68,68,68,68,68,68,68,68,72,80,84,84,84,84,84,84,91,45,45],"card_choices":[{"not_picked":["Metallicize","Havoc"],"picked":"Anger","floor":1.0},{"not_picked":["Sword Boomerang","Evolve"],"picked":"Pommel Strike","floor":2.0},{"not_picked":["Barricade","Sword Boomerang"],"picked":"Sentinel","floor":7.0},{"not_picked":["Iron Wave","Thunderclap","Clothesline"],"picked":"Whirlwind","floor":11.0},{"not_picked":["Combust","Infernal Blade","Power Through"],"picked":"Spot Weakness","floor":13.0},{"not_picked":["Bloodletting","Uppercut","Cleave"],"picked":"Thunderclap","floor":14.0},{"not_picked":["Double Tap","Bludgeon","Dark Embrace"],"picked":"Feed","floor":16.0},{"not_picked":["Spot Weakness+1","Evolve","Perfected Strike"],"picked":"Shrug It Off","floor":18.0},{"not_picked":["Twin Strike","Ghostly Armor","Clothesline"],"picked":"Pommel Strike+1","floor":20.0},{"not_picked":["Cleave","True Grit","Perfected Strike"],"picked":"Dropkick","floor":21.0},{"not_picked":["Sever Soul","Twin Strike","Anger"],"picked":"Ghostly Armor","floor":22.0},{"not_picked":["Body Slam","Dual Wield","Combust+1"],"picked":"Fiend Fire","floor":28.0}],"player_experience":964274,"relics_obtained":[{"floor":7.0,"key":"Question Card"},{"floor":9.0,"key":"Bag of Preparation"},{"floor":14.0,"key":"Girya"},{"floor":21.0,"key":"Turnip"},{"floor":21.0,"key":"Dodecahedron"},{"floor":25.0,"key":"Blue Candle"},{"floor":26.0,"key":"Blood Vial"},{"floor":28.0,"key":"Calipers"}],"event_choices":[{"damage_healed":0.0,"max_hp_gain":0.0,"max_hp_loss":0.0,"gold_gain":0.0,"event_name":"Golden Idol","player_choice":"Take Damage","floor":3.0,"gold_loss":0.0,"damage_taken":23.0,"relics_obtained":["Golden Idol"]},{"cards_removed":["Strike_R"],"damage_healed":0.0,"max_hp_gain":0.0,"max_hp_loss":0.0,"gold_gain":0.0,"event_name":"Golden Wing","player_choice":"Card Removal","floor":4.0,"gold_loss":0.0,"damage_taken":7.0},{"damage_healed":17.0,"max_hp_gain":0.0,"max_hp_loss":0.0,"gold_gain":0.0,"event_name":"The Cleric","player_choice":"Healed","floor":12.0,"gold_loss":35.0,"damage_taken":0.0},{"damage_healed":0.0,"max_hp_gain":0.0,"max_hp_loss":0.0,"gold_gain":0.0,"event_name":"Drug Dealer","player_choice":"Inject Mutagens","floor":19.0,"gold_loss":0.0,"damage_taken":0.0,"relics_obtained":["MutagenicStrength"]},{"damage_healed":0.0,"max_hp_gain":0.0,"max_hp_loss":0.0,"gold_gain":0.0,"event_name":"Colosseum","player_choice":"Fight","floor":21.0,"gold_loss":0.0,"damage_taken":0.0},{"damage_healed":0.0,"max_hp_gain":0.0,"max_hp_loss":0.0,"gold_gain":0.0,"event_name":"Colosseum","player_choice":"Fought Nobs","floor":21.0,"gold_loss":0.0,"damage_taken":0.0},{"damage_healed":0.0,"max_hp_gain":0.0,"max_hp_loss":46.0,"gold_gain":0.0,"event_name":"Ghosts","player_choice":"Became a Ghost","floor":29.0,"gold_loss":0.0,"damage_taken":0.0,"cards_obtained":["Ghostly","Ghostly","Ghostly","Ghostly","Ghostly"]}],"is_beta":false,"boss_relics":[{"not_picked":["Lizard Tail","Empty Cage"],"picked":"Astrolabe"}],"items_purged_floors":[5],"is_endless":false,"potions_floor_spawned":[1,7,11,16,18,21],"killed_by":"Book of Stabbing","ascension_level":20}