{"gold_per_floor":[115,115,13,26,43,43,62,42,42,42,58,58,86,101,101,203,203,223,223,212,64,64,64,89,100,100,100,100,100,117,136,136,136],"floor_reached":33,"playtime":1715,"items_purged":["Normality","Writhe"],"score":309,"play_id":"8c7f5317-0ca2-477a-abbf-ee7a1a71b922","local_time":"20190511101148","is_ascension_mode":true,"campfire_choices":[{"data":"Zap","floor":6,"key":"SMITH"},{"data":"Dualcast","floor":10,"key":"SMITH"},{"floor":15,"key":"REST"},{"floor":23,"key":"REST"},{"floor":32,"key":"REST"}],"neow_cost":"NONE","seed_source_timestamp":49313783158751,"circlet_count":0,"master_deck":["Strike_B","Strike_B+1","Defend_B","Defend_B+1","Defend_B","Zap+1","Dualcast+1","Injury","Injury","FTL","Turbo","Go for the Eyes","White Noise","Steam","Machine Learning","Go for the Eyes","Reboot","Blizzard+1","Steam Power+1","Consume+1","Tempest","Beam Cell","Beam Cell","Steam+1","White Noise","FTL"],"relics":["Calling Bell","Lantern","Blue Candle","FossilizedHelix","Ornamental Fan","Mummified Hand","Astrolabe","Boot","Nilry\u0027s Codex","Anchor","Nunchaku"],"potions_floor_usage":[13,16,16,16,33,33],"damage_taken":[{"damage":0,"enemies":"Small Slimes","floor":1,"turns":4},{"damage":0,"enemies":"2 Louse","floor":4,"turns":2},{"damage":0,"enemies":"Cultist","floor":5,"turns":3},{"damage":0,"enemies":"2 Fungi Beasts","floor":7,"turns":4},{"damage":5,"enemies":"3 Louse","floor":11,"turns":5},{"damage":27,"enemies":"Gremlin Nob","floor":13,"turns":6},{"damage":1,"enemies":"Exordium Thugs","floor":14,"turns":6},{"damage":17,"enemies":"Slime Boss","floor":16,"turns":9},{"damage":12,"enemies":"Shell Parasite","floor":18,"turns":8},{"damage":29,"enemies":"2 Thieves","floor":20,"turns":4},{"damage":28,"enemies":"Shelled Parasite and Fungi","floor":25,"turns":9},{"damage":0,"enemies":"Cultist and Chosen","floor":30,"turns":6},{"damage":15,"enemies":"Centurion and Healer","floor":31,"turns":8},{"damage":35,"enemies":"Champ","floor":33,"turns":7}],"seed_played":"7850853943660967445","potions_obtained":[{"floor":4,"key":"Block Potion"},{"floor":8,"key":"SkillPotion"},{"floor":11,"key":"Energy Potion"},{"floor":14,"key":"Dexterity Potion"},{"floor":30,"key":"Fire Potion"},{"floor":31,"key":"Poison Potion"}],"is_trial":false,"path_per_floor":["M","?","$","M","M","R","M","?","T","R","M","?","E","M","R","B",null,"M","?","M","$","?","R","T","M","T","?","$","?","M","M","R","B"],"character_chosen":"DEFECT","items_purchased":["Turbo","Beam Cell"],"campfire_rested":3,"item_purchase_floors":[3,21],"current_hp_per_floor":[75,60,60,60,60,60,60,60,60,60,55,55,28,27,49,32,64,52,52,23,23,7,29,29,1,1,26,26,19,19,4,26,0],"gold":136,"neow_bonus":"BOSS_RELIC","is_prod":false,"is_daily":false,"chose_seed":false,"campfire_upgraded":2,"win_rate":0,"timestamp":1557583908,"path_taken":["M","?","$","M","M","R","M","?","T","R","?","?","E","M","R","BOSS","M","?","M","$","?","R","?","?","T","?","$","?","M","?","R","BOSS"],"build_version":"2019-01-23","purchased_purges":2,"victory":false,"max_hp_per_floor":[75,75,75,75,75,75,75,75,75,75,75,75,75,75,75,75,75,75,75,75,75,75,75,75,75,75,75,75,75,75,75,75,75],"card_choices":[{"not_picked":["Compile Driver","Beam Cell"],"picked":"FTL","floor":1},{"not_picked":["Cold Snap","Hologram"],"picked":"Go for the Eyes","floor":4},{"not_picked":["Multi-Cast","Streamline"],"picked":"White Noise","floor":5},{"not_picked":["Defragment","Cold Snap"],"picked":"Steam","floor":7},{"not_picked":["Redo","Compile Driver"],"picked":"Machine Learning","floor":11},{"not_picked":["Coolheaded","Turbo"],"picked":"Go for the Eyes","floor":13},{"not_picked":["Reinforced Body","Leap","Streamline"],"picked":"SKIP","floor":14},{"not_picked":["Biased Cognition","Electrodynamics"],"picked":"Reboot","floor":16},{"not_picked":["Sunder","Redo"],"picked":"Tempest","floor":18},{"not_picked":["Fusion","Stack"],"picked":"Beam Cell","floor":20},{"not_picked":["Coolheaded","Melter"],"picked":"Steam+1","floor":25},{"not_picked":["Redo","Capacitor"],"picked":"White Noise","floor":30},{"not_picked":["Auto Shields","Hologram"],"picked":"FTL","floor":31}],"player_experience":271979,"relics_obtained":[{"floor":0,"key":"Lantern"},{"floor":0,"key":"Blue Candle"},{"floor":0,"key":"FossilizedHelix"},{"floor":9,"key":"Ornamental Fan"},{"floor":13,"key":"Mummified Hand"},{"floor":22,"key":"Nilry\u0027s Codex"},{"floor":24,"key":"Anchor"},{"floor":26,"key":"Nunchaku"}],"event_choices":[{"damage_healed":0,"gold_gain":0,"player_choice":"Entered Light","damage_taken":15,"max_hp_gain":0,"max_hp_loss":0,"event_name":"Shining Light","floor":2,"gold_loss":0,"cards_upgraded":["Defend_B","Strike_B"]},{"damage_healed":0,"gold_gain":0,"player_choice":"Bought 1 Potion","damage_taken":0,"max_hp_gain":0,"max_hp_loss":0,"event_name":"The Woman in Blue","floor":8,"gold_loss":0},{"damage_healed":0,"gold_gain":0,"player_choice":"Searched \u00271\u0027 times","damage_taken":0,"max_hp_gain":0,"max_hp_loss":0,"event_name":"Dead Adventurer","floor":12,"gold_loss":0},{"damage_healed":0,"gold_gain":0,"player_choice":"Opened","damage_taken":0,"relics_obtained":["Boot"],"max_hp_gain":0,"max_hp_loss":0,"event_name":"The Mausoleum","floor":19,"gold_loss":0,"cards_obtained":["Writhe"]},{"damage_healed":0,"gold_gain":0,"player_choice":"Obtained Book","damage_taken":16,"max_hp_gain":0,"max_hp_loss":0,"event_name":"Cursed Tome","floor":22,"gold_loss":0},{"damage_healed":25,"gold_gain":0,"player_choice":"Heal","damage_taken":0,"max_hp_gain":0,"max_hp_loss":0,"event_name":"The Library","floor":27,"gold_loss":0},{"damage_healed":0,"gold_gain":0,"player_choice":"Damaged","damage_taken":7,"max_hp_gain":0,"max_hp_loss":0,"event_name":"Wheel of Change","floor":29,"gold_loss":0}],"is_beta":false,"boss_relics":[{"not_picked":["White Beast Statue","Ectoplasm"],"picked":"Astrolabe"}],"items_purged_floors":[3,21],"is_endless":false,"potions_floor_spawned":[4,11,14,30,31],"killed_by":"Champ","ascension_level":5}