{"gold_per_floor":[119,137,212,226,4,4,30,30,30,30,48,48,74,87,87,165,165,178,32,44,55,55,55,67,67],"floor_reached":25,"playtime":1225,"items_purged":["Strike_B"],"score":345,"play_id":"9dbf1e70-21d8-48f0-9ee3-f7a4a5e75b44","local_time":"20190715200429","is_ascension_mode":true,"campfire_choices":[{"data":"Zap","floor":6,"key":"SMITH"},{"data":"Darkness","floor":8,"key":"SMITH"},{"data":"Tempest","floor":12,"key":"SMITH"},{"data":"Leap","floor":15,"key":"SMITH"},{"floor":23,"key":"REST"}],"neow_cost":"NONE","seed_source_timestamp":80008866521745,"circlet_count":0,"master_deck":["AscendersBane","Strike_B+1","Strike_B+1","Strike_B+1","Defend_B+1","Defend_B+1","Defend_B+1","Defend_B+1","Zap+1","Dualcast","Sweeping Beam","Compile Driver","Conserve Battery+1","Darkness+1","Tempest+1","Leap+1","Multi-Cast","BootSequence","Doom and Gloom"],"relics":["Cracked Core","NeowsBlessing","Oddly Smooth Stone","Odd Mushroom","Pantograph","Busted Crown","War Paint"],"potions_floor_usage":[16,16],"damage_taken":[{"damage":0,"enemies":"Jaw Worm","floor":1,"turns":1},{"damage":0,"enemies":"Small Slimes","floor":2,"turns":1},{"damage":0,"enemies":"Cultist","floor":4,"turns":1},{"damage":10,"enemies":"The Mushroom Lair","floor":7,"turns":3},{"damage":1,"enemies":"Blue Slaver","floor":11,"turns":4},{"damage":8,"enemies":"Gremlin Nob","floor":13,"turns":3},{"damage":0,"enemies":"3 Louse","floor":14,"turns":2},{"damage":40,"enemies":"Slime Boss","floor":16,"turns":11},{"damage":5,"enemies":"Spheric Guardian","floor":18,"turns":3},{"damage":33,"enemies":"2 Thieves","floor":20,"turns":4},{"damage":22,"enemies":"Cultist and Chosen","floor":21,"turns":6},{"damage":19,"enemies":"3 Cultists","floor":24,"turns":4},{"damage":6,"enemies":"Shelled Parasite and Fungi","floor":25,"turns":2}],"seed_played":"2948566936598818198","potions_obtained":[{"floor":2,"key":"Dexterity Potion"},{"floor":11,"key":"Explosive Potion"},{"floor":18,"key":"FocusPotion"},{"floor":21,"key":"Strength Potion"}],"is_trial":false,"path_per_floor":["M","M","?","M","$","R","?","R","T","?","M","R","E","M","R","B",null,"M","$","M","M","?","R","M","M"],"character_chosen":"DEFECT","items_purchased":["Oddly Smooth Stone","War Paint"],"campfire_rested":1,"item_purchase_floors":[5,19],"current_hp_per_floor":[64,64,53,53,53,53,43,43,43,66,65,65,57,57,57,31,61,56,56,23,1,1,22,3,0],"gold":67,"neow_bonus":"THREE_ENEMY_KILL","is_prod":false,"is_daily":false,"chose_seed":false,"campfire_upgraded":4,"win_rate":0,"timestamp":1563235469,"path_taken":["M","M","?","M","$","R","?","R","T","?","M","R","E","?","R","BOSS","M","$","M","M","?","R","M","M"],"build_version":"2019-07-05","purchased_purges":1,"victory":false,"max_hp_per_floor":[71,71,71,71,71,71,71,71,71,71,71,71,71,71,71,71,71,71,71,71,71,71,71,71,71],"card_choices":[{"not_picked":["Hologram","Double Energy"],"picked":"Sweeping Beam","floor":1},{"not_picked":["Barrage","Sweeping Beam"],"picked":"Compile Driver","floor":2},{"not_picked":["Heatsinks","Force Field"],"picked":"Conserve Battery","floor":4},{"not_picked":["Rebound","Conserve Battery"],"picked":"Darkness","floor":7},{"not_picked":["Streamline","Stack"],"picked":"Tempest","floor":11},{"not_picked":["Gash","Cold Snap"],"picked":"Leap","floor":13},{"not_picked":["Force Field","Ball Lightning","Chaos"],"picked":"SKIP","floor":14},{"not_picked":["Meteor Strike","Seek"],"picked":"Multi-Cast","floor":16},{"not_picked":["Sweeping Beam"],"picked":"SKIP","floor":18},{"not_picked":[],"picked":"BootSequence","floor":20},{"not_picked":[],"picked":"Doom and Gloom","floor":21},{"not_picked":["Rebound"],"picked":"SKIP","floor":24}],"player_experience":542518,"relics_obtained":[{"floor":7,"key":"Odd Mushroom"},{"floor":13,"key":"Pantograph"}],"event_choices":[{"damage_healed":0,"gold_gain":75,"player_choice":"Gather Gold","damage_taken":11,"max_hp_gain":0,"max_hp_loss":0,"event_name":"World of Goop","floor":3,"gold_loss":0},{"damage_healed":0,"gold_gain":0,"player_choice":"Fought Mushrooms","damage_taken":0,"max_hp_gain":0,"max_hp_loss":0,"event_name":"Mushrooms","floor":7,"gold_loss":0},{"damage_healed":23,"gold_gain":0,"player_choice":"Banana","damage_taken":0,"max_hp_gain":0,"max_hp_loss":0,"event_name":"Big Fish","floor":10,"gold_loss":0},{"damage_healed":0,"gold_gain":0,"player_choice":"Simplicity","damage_taken":0,"max_hp_gain":0,"max_hp_loss":0,"event_name":"Back to Basics","floor":22,"gold_loss":0,"cards_upgraded":["Strike_B","Strike_B","Strike_B","Defend_B","Defend_B","Defend_B"]}],"is_beta":false,"boss_relics":[{"not_picked":["Inserter","Lizard Tail"],"picked":"Busted Crown"}],"items_purged_floors":[5],"is_endless":false,"potions_floor_spawned":[2,11,18,21],"killed_by":"Shelled Parasite and Fungi","ascension_level":14}