{"gold_per_floor":[112,187,206,259,287,299,327,339,422,434,446,468,500,522,534,642,654,684,708,720,732],"floor_reached":21,"playtime":1241,"items_purged":[],"score":199,"play_id":"ee6f2ceb-9f8c-42ba-b28c-cc779497837b","local_time":"20190428183013","is_ascension_mode":true,"campfire_choices":[{"data":"Zap","floor":6,"key":"SMITH"},{"data":"Turbo","floor":8,"key":"SMITH"},{"data":"Biased Cognition","floor":10,"key":"SMITH"},{"floor":15,"key":"REST"}],"neow_cost":"NONE","seed_source_timestamp":92681342505112,"circlet_count":0,"master_deck":["Strike_B","Strike_B","Strike_B","Defend_B","Defend_B","Defend_B","Defend_B","Zap+1","Dualcast","Biased Cognition+1","Streamline","Streamline","Streamline","Turbo+1","Reinforced Body","Turbo","Hologram","Reboot","Capacitor+1","Writhe"],"relics":["Cracked Core","MawBank","Pantograph","Sozu","Blue Candle"],"potions_floor_usage":[12,16,16,18],"damage_taken":[{"damage":5,"enemies":"Small Slimes","floor":1,"turns":4},{"damage":7,"enemies":"Jaw Worm","floor":3,"turns":3},{"damage":0,"enemies":"Cultist","floor":5,"turns":2},{"damage":6,"enemies":"3 Louse","floor":7,"turns":2},{"damage":22,"enemies":"Exordium Wildlife","floor":12,"turns":3},{"damage":12,"enemies":"2 Fungi Beasts","floor":13,"turns":2},{"damage":0,"enemies":"3 Louse","floor":14,"turns":3},{"damage":6,"enemies":"Hexaghost","floor":16,"turns":9},{"damage":12,"enemies":"2 Thieves","floor":18,"turns":3},{"damage":33,"enemies":"3 Byrds","floor":19,"turns":5},{"damage":37,"enemies":"Centurion and Healer","floor":21,"turns":4}],"seed_played":"3005313914692083436","potions_obtained":[{"floor":5,"key":"Strength Potion"},{"floor":7,"key":"Swift Potion"},{"floor":14,"key":"Poison Potion"},{"floor":16,"key":"EntropicBrew"}],"is_trial":false,"path_per_floor":["M","?","M","T","M","R","M","R","T","R","$","M","M","M","R","B",null,"M","M","?","M"],"character_chosen":"DEFECT","items_purchased":[],"campfire_rested":1,"item_purchase_floors":[],"current_hp_per_floor":[70,59,52,52,52,52,46,46,46,46,46,24,12,12,34,53,75,63,30,30,0],"gold":732,"neow_bonus":"TRANSFORM_CARD","is_prod":false,"is_daily":false,"chose_seed":false,"campfire_upgraded":3,"win_rate":0,"timestamp":1556490613,"path_taken":["M","?","M","?","M","R","?","R","T","R","$","M","M","M","R","BOSS","M","M","?","M"],"build_version":"2019-01-23","purchased_purges":0,"victory":false,"max_hp_per_floor":[75,75,75,75,75,75,75,75,75,75,75,75,75,75,75,75,75,75,75,75,75],"card_choices":[{"not_picked":["Rebound","Cold Snap"],"picked":"Streamline","floor":1},{"not_picked":["Leap","Redo"],"picked":"Streamline","floor":3},{"not_picked":["Stack","Hello World"],"picked":"Streamline","floor":5},{"not_picked":["Hologram","Undo"],"picked":"Turbo","floor":7},{"not_picked":["Stack","Coolheaded"],"picked":"Reinforced Body","floor":12},{"not_picked":["Thunder Strike","Ball Lightning"],"picked":"Turbo","floor":13},{"not_picked":["Scrape","White Noise"],"picked":"Hologram","floor":14},{"not_picked":["Amplify","Echo Form"],"picked":"Reboot","floor":16},{"not_picked":["Redo","Go for the Eyes","Double Energy"],"picked":"SKIP","floor":18},{"not_picked":["Barrage","Stack"],"picked":"Capacitor+1","floor":19}],"player_experience":197604,"relics_obtained":[{"floor":4,"key":"MawBank"},{"floor":9,"key":"Pantograph"}],"event_choices":[{"damage_healed":0,"gold_gain":75,"player_choice":"Gather Gold","damage_taken":11,"max_hp_gain":0,"max_hp_loss":0,"event_name":"World of Goop","floor":2,"gold_loss":0},{"damage_healed":0,"gold_gain":0,"player_choice":"Opened","damage_taken":0,"relics_obtained":["Blue Candle"],"max_hp_gain":0,"max_hp_loss":0,"event_name":"The Mausoleum","floor":20,"gold_loss":0,"cards_obtained":["Writhe"]}],"is_beta":false,"boss_relics":[{"not_picked":["Velvet Choker","Cursed Key"],"picked":"Sozu"}],"items_purged_floors":[],"is_endless":false,"potions_floor_spawned":[5,7,14,16,19],"killed_by":"Centurion and Healer","ascension_level":3}