{"gold_per_floor":[117,42,42,57,72,102,102,132,197,227,239,251,263,31,31,130,130,148,164,164,91,110,151,151,172,172,597,597,68,68,89,89,183,183,208,31,55,76,76,76,107,107,107,107,140,20,20,44,44,44],"floor_reached":51,"playtime":3015,"items_purged":["Regret","Strike_G","Writhe"],"score":1448,"play_id":"ad3a0dc0-5ebf-4a26-ae6b-014db1c3c491","local_time":"20181018171943","is_ascension_mode":true,"campfire_choices":[{"data":"Neutralize","floor":7,"key":"SMITH"},{"data":"Sucker Punch","floor":11,"key":"SMITH"},{"floor":15,"key":"REST"},{"floor":24,"key":"REST"},{"data":"Apotheosis","floor":28,"key":"SMITH"},{"data":"Malaise","floor":32,"key":"SMITH"},{"data":"Apotheosis","floor":40,"key":"SMITH"},{"floor":42,"key":"REST"},{"data":"Night Terror","floor":49,"key":"SMITH"}],"neow_cost":"CURSE","seed_source_timestamp":696432741080474,"circlet_count":0,"master_deck":["Defend_G","Defend_G","Defend_G","Defend_G","Defend_G","Strike_G","Strike_G","Survivor","Neutralize+1","AscendersBane","Corpse Explosion","Dodge and Roll","Infinite Blades","Backstab","Noxious Fumes+1","Deadly Poison","Sucker Punch+1","Masterful Stab","Apotheosis+1","Cloak And Dagger","Malaise+1","Footwork+1","Cloak And Dagger","Ghostly","Ghostly","Ghostly","Ghostly","Ghostly","Cloak And Dagger","Deflect","Escape Plan","Noxious Fumes+1","Backflip","Well Laid Plans+1","Cloak And Dagger+1","Night Terror+1","Acrobatics+1","Footwork+1","Acrobatics+1","Footwork+1","Flash of Steel","Apotheosis+1","Flash of Steel","Heel Hook+1","Escape Plan","Skewer","Cloak And Dagger","Dodge and Roll"],"relics":["Ring of the Snake","Frozen Egg 2","MawBank","Potion Belt","Golden Idol","Black Star","Dream Catcher","Bag of Marbles","Oddly Smooth Stone","Old Coin","Question Card","Chemical X","Pantograph","Ornamental Fan","Runic Dome","Mercury Hourglass","Shuriken","Kunai","Smiling Mask","Regal Pillow","Ice Cream"],"potions_floor_usage":[8,23,27,27,33,41],"damage_taken":[{"damage":1,"enemies":"2 Louse","floor":1,"turns":3},{"damage":2,"enemies":"Cultist","floor":4,"turns":7},{"damage":12,"enemies":"Small Slimes","floor":5,"turns":4},{"damage":18,"enemies":"Lagavulin","floor":6,"turns":8},{"damage":12,"enemies":"3 Sentries","floor":8,"turns":5},{"damage":1,"enemies":"Exordium Wildlife","floor":10,"turns":3},{"damage":4,"enemies":"Hexaghost","floor":16,"turns":9},{"damage":6,"enemies":"Shell Parasite","floor":18,"turns":8},{"damage":1,"enemies":"Chosen","floor":19,"turns":5},{"damage":1,"enemies":"Shelled Parasite and Fungi","floor":22,"turns":9},{"damage":19,"enemies":"Gremlin Leader","floor":23,"turns":12},{"damage":0,"enemies":"Centurion and Healer","floor":25,"turns":6},{"damage":0,"enemies":"Colosseum Slavers","floor":27,"turns":7},{"damage":13,"enemies":"Colosseum Nobs","floor":27,"turns":8},{"damage":0,"enemies":"3 Cultists","floor":31,"turns":4},{"damage":0,"enemies":"Champ","floor":33,"turns":14},{"damage":3,"enemies":"3 Darklings","floor":35,"turns":7},{"damage":5,"enemies":"Orb Walker","floor":37,"turns":4},{"damage":0,"enemies":"Spire Growth","floor":38,"turns":7},{"damage":0,"enemies":"Nemesis","floor":41,"turns":13},{"damage":5,"enemies":"2 Orb Walkers","floor":45,"turns":8},{"damage":7,"enemies":"Mind Bloom Boss Battle","floor":47,"turns":5},{"damage":0,"enemies":"3 Darklings","floor":48,"turns":5},{"damage":2,"enemies":"Awakened One","floor":50,"turns":15}],"seed_played":"3725299557285164359","potions_obtained":[{"floor":1,"key":"FearPotion"},{"floor":6,"key":"Swift Potion"},{"floor":8,"key":"Dexterity Potion"},{"floor":16,"key":"SteroidPotion"},{"floor":19,"key":"AttackPotion"},{"floor":25,"key":"FearPotion"},{"floor":27,"key":"Swift Potion"},{"floor":35,"key":"Fire Potion"},{"floor":41,"key":"Swift Potion"},{"floor":45,"key":"PowerPotion"},{"floor":48,"key":"Regen Potion"}],"is_trial":false,"path_per_floor":["M","$","?","M","M","E","R","E","T","M","R","?","?","$","R","B",null,"M","M","?","$","M","E","R","M","T","?","R","$","?","M","R","B",null,"M","$","M","M","?","R","E","R","T","?","E","$","?","M","R","B"],"character_chosen":"THE_SILENT","items_purchased":["Apotheosis","Cloak And Dagger","Cloak And Dagger","Deflect","Chemical X","Pantograph","Well Laid Plans+1","Footwork+1","Skewer"],"campfire_rested":3,"item_purchase_floors":[14,14,21,21,29,29,29,36,46],"current_hp_per_floor":[58,58,51,49,37,19,19,7,7,6,6,6,6,6,24,20,50,44,43,30,30,29,10,19,19,19,6,6,6,6,6,6,30,30,27,27,22,22,12,12,12,21,21,21,16,16,23,23,23,28],"gold":44,"neow_bonus":"THREE_RARE_CARDS","is_prod":false,"is_daily":false,"chose_seed":false,"campfire_upgraded":6,"win_rate":0,"timestamp":1539897583,"path_taken":["M","$","?","M","M","E","R","E","T","M","R","?","?","$","R","BOSS","M","M","?","$","M","E","R","M","T","?","R","$","?","?","R","BOSS","M","$","M","M","?","R","E","R","T","?","E","$","?","M","R","BOSS"],"build_version":"2018-10-11","purchased_purges":3,"victory":true,"max_hp_per_floor":[66,66,66,66,66,66,66,66,66,66,66,66,60,60,60,60,60,60,60,30,30,30,30,30,30,30,30,30,30,30,30,30,30,30,30,30,30,30,30,30,30,30,30,30,30,30,30,30,30,30],"card_choices":[{"not_picked":["Bullet Time","Burst"],"picked":"Corpse Explosion","floor":0},{"not_picked":["Blade Dance","Bane"],"picked":"Dodge and Roll","floor":1},{"not_picked":["Bane","Dodge and Roll"],"picked":"Infinite Blades","floor":4},{"not_picked":["Blade Dance","Setup"],"picked":"Backstab","floor":5},{"not_picked":["Slice","Infinite Blades"],"picked":"Noxious Fumes","floor":6},{"not_picked":["Flying Knee","Prepared"],"picked":"Deadly Poison","floor":8},{"not_picked":["Poisoned Stab","Acrobatics"],"picked":"Sucker Punch","floor":10},{"not_picked":["Grand Finale","Envenom+1"],"picked":"Malaise","floor":16},{"not_picked":["Concentrate","Prepared"],"picked":"Footwork+1","floor":18},{"not_picked":["Prepared","Poisoned Stab"],"picked":"Cloak And Dagger","floor":19},{"not_picked":["Slice+1","Prepared","Choke"],"picked":"SKIP","floor":22},{"not_picked":["Acrobatics","Unload"],"picked":"Escape Plan","floor":23},{"not_picked":["All Out Attack","Heel Hook"],"picked":"Noxious Fumes+1","floor":24},{"not_picked":["Flying Knee","Deflect+1"],"picked":"Backflip","floor":25},{"not_picked":["Dodge and Roll","Deadly Poison+1","Caltrops+1"],"picked":"Cloak And Dagger+1","floor":31},{"not_picked":["Wraith Form v2+1","Storm of Steel","Burst"],"picked":"Night Terror","floor":33},{"not_picked":["Sucker Punch","Prepared","PiercingWail"],"picked":"Acrobatics+1","floor":35},{"not_picked":["Dagger Throw","Backstab","Choke"],"picked":"Acrobatics+1","floor":37},{"not_picked":["Masterful Stab","Dagger Spray+1","Underhanded Strike"],"picked":"Footwork+1","floor":38},{"not_picked":["Blind","Dark Shackles","Master of Strategy"],"picked":"Flash of Steel","floor":39},{"not_picked":["Forethought","Transmutation","Mind Blast"],"picked":"Apotheosis","floor":39},{"not_picked":["Enlightenment","Panacea","PanicButton"],"picked":"Flash of Steel","floor":39},{"not_picked":["Choke","Predator","Slice"],"picked":"Accuracy+1","floor":41},{"not_picked":["PiercingWail","Finisher","Caltrops+1"],"picked":"Heel Hook+1","floor":42},{"not_picked":["Phantasmal Killer","Slice","Underhanded Strike"],"picked":"Escape Plan","floor":45},{"not_picked":["Infinite Blades+1","Flying Knee","Well Laid Plans+1"],"picked":"Cloak And Dagger","floor":47},{"not_picked":["Flying Knee+1","Choke","Acrobatics"],"picked":"Dodge and Roll","floor":48}],"player_experience":916783,"relics_obtained":[{"floor":6,"key":"Frozen Egg 2"},{"floor":8,"key":"MawBank"},{"floor":9,"key":"Potion Belt"},{"floor":23,"key":"Dream Catcher"},{"floor":23,"key":"Bag of Marbles"},{"floor":26,"key":"Oddly Smooth Stone"},{"floor":27,"key":"Old Coin"},{"floor":27,"key":"Question Card"},{"floor":41,"key":"Mercury Hourglass"},{"floor":41,"key":"Shuriken"},{"floor":43,"key":"Kunai"},{"floor":45,"key":"Smiling Mask"},{"floor":45,"key":"Regal Pillow"},{"floor":47,"key":"Ice Cream"}],"event_choices":[{"event_name":"Golden Wing","player_choice":"Card Removal","floor":3,"damage_taken":0},{"event_name":"Transmorgrifier","player_choice":"Transform","floor":12,"damage_taken":0},{"event_name":"Golden Idol","player_choice":"Lose Max HP","floor":13,"damage_taken":0},{"event_name":"Ghosts","player_choice":"Became a Ghost","floor":20,"damage_taken":0},{"event_name":"Colosseum","player_choice":"Fight","floor":27,"damage_taken":0},{"event_name":"Colosseum","player_choice":"Fought Nobs","floor":27,"damage_taken":0},{"event_name":"The Mausoleum","player_choice":"Yes","floor":30,"damage_taken":0},{"event_name":"SensoryStone","player_choice":"Memory 3","floor":39,"damage_taken":0},{"event_name":"Falling","player_choice":"Removed Power","floor":44,"damage_taken":0},{"event_name":"MindBloom","player_choice":"Fight","floor":47,"damage_taken":0}],"is_beta":false,"boss_relics":[{"not_picked":["Tiny House","HoveringKite"],"picked":"Black Star"},{"not_picked":["Velvet Choker","Snecko Eye"],"picked":"Runic Dome"}],"items_purged_floors":[2,36,46],"is_endless":false,"potions_floor_spawned":[1,6,8,16,19,25,27,35,41,45,48],"ascension_level":15}