{"gold_per_floor":[118,118,129,140,150,206,206,226,226,238,250],"floor_reached":11,"playtime":358,"items_purged":[],"score":150,"play_id":"618cd7e4-5c87-4ffc-9eb1-a3570b33fdb9","local_time":"20181029182258","is_ascension_mode":true,"campfire_choices":[{"data":"Uppercut","floor":7,"key":"SMITH"},{"data":"Corruption","floor":10,"key":"SMITH"}],"neow_cost":"NONE","seed_source_timestamp":944403010956475,"circlet_count":0,"master_deck":["Strike_R","Strike_R","Strike_R","Strike_R","Strike_R","Defend_R","Defend_R","Defend_R","Defend_R","Bash","AscendersBane","Infernal Blade","Corruption+1","Uppercut+1","Rampage","Armaments","Shrug It Off"],"relics":["Burning Blood","Bronze Scales","Tiny Chest","MawBank"],"potions_floor_usage":[5,6,8],"damage_taken":[{"damage":7,"enemies":"Small Slimes","floor":1,"turns":4},{"damage":9,"enemies":"Jaw Worm","floor":3,"turns":5},{"damage":1,"enemies":"Cultist","floor":4,"turns":3},{"damage":9,"enemies":"2 Fungi Beasts","floor":5,"turns":2},{"damage":20,"enemies":"Gremlin Nob","floor":6,"turns":4},{"damage":16,"enemies":"Exordium Thugs","floor":8,"turns":5},{"damage":37,"enemies":"3 Sentries","floor":11,"turns":6}],"seed_played":"-2903901433664974154","potions_obtained":[{"floor":1,"key":"SneckoOil"},{"floor":3,"key":"EssenceOfSteel"},{"floor":4,"key":"Ancient Potion"},{"floor":6,"key":"BloodPotion"}],"is_trial":false,"path_per_floor":["M","?","M","M","M","E","R","M","T","R"],"character_chosen":"IRONCLAD","items_purchased":[],"campfire_rested":0,"item_purchase_floors":[],"current_hp_per_floor":[74,48,45,50,47,33,33,31,31,31,0],"gold":250,"neow_bonus":"TEN_PERCENT_HP_BONUS","is_prod":false,"is_daily":false,"chose_seed":false,"campfire_upgraded":2,"win_rate":0,"timestamp":1540851778,"path_taken":["M","?","M","M","M","E","R","?","T","R","E"],"build_version":"2018-10-25v2","purchased_purges":0,"victory":false,"max_hp_per_floor":[82,82,82,82,82,82,82,82,82,82,82],"card_choices":[{"not_picked":["Power Through","Havoc"],"picked":"Infernal Blade","floor":1},{"not_picked":["Fire Breathing","Blood for Blood"],"picked":"Corruption","floor":3},{"not_picked":["Anger","Power Through"],"picked":"Uppercut","floor":4},{"not_picked":["Flex","Second Wind"],"picked":"Rampage","floor":5},{"not_picked":["Uppercut","Evolve"],"picked":"Armaments","floor":6},{"not_picked":["Combust","Searing Blow"],"picked":"Shrug It Off","floor":8}],"player_experience":1009624,"relics_obtained":[{"floor":6,"key":"Tiny Chest"},{"floor":9,"key":"MawBank"}],"event_choices":[{"damage_healed":0,"gold_gain":0,"player_choice":"Success","damage_taken":26,"relics_obtained":["Bronze Scales"],"max_hp_gain":0,"max_hp_loss":0,"event_name":"Scrap Ooze","floor":2,"gold_loss":0}],"is_beta":false,"boss_relics":[],"items_purged_floors":[],"is_endless":false,"potions_floor_spawned":[1,3,4,6],"killed_by":"3 Sentries","ascension_level":20}