{"gold_per_floor":[209,229,404,376,301,301,318,44,68,94,94,124,141,157,157,254,254,265,265,364,381,399,399,419,419,465,465,481,495,505,505],"floor_reached":31,"playtime":2551,"items_purged":["Doubt","Strike_B"],"score":249,"play_id":"bb00e25b-949f-42b9-b348-40ee2ae6f3c9","local_time":"20180626071800","is_ascension_mode":false,"campfire_choices":[{"data":"Hologram","floor":6,"key":"SMITH"},{"floor":11,"key":"REST"},{"floor":15,"key":"REST"},{"data":"Creative AI","floor":23,"key":"SMITH"},{"floor":27,"key":"REST"}],"neow_cost":"NONE","seed_source_timestamp":679509094864073,"circlet_count":0,"master_deck":["Strike_B","Strike_B","Strike_B","Defend_B","Defend_B","Defend_B","Defend_B","Zap","Dualcast","Hologram+1","Storm","Jack Of All Trades","Sunder","BootSequence","Creative AI+1","Creative AI","Defragment","Conserve Battery","Coolheaded+1"],"relics":["Cracked Core","Art of War","Orichalcum","Centennial Puzzle","Runic Dome","Bird Faced Urn","Bag of Marbles"],"potions_floor_usage":[2,22,29,30,31,31],"damage_taken":[{"damage":1,"enemies":"Jaw Worm","floor":1,"turns":4},{"damage":0,"enemies":"2 Louse","floor":2,"turns":4},{"damage":1,"enemies":"Small Slimes","floor":7,"turns":3},{"damage":44,"enemies":"3 Sentries","floor":10,"turns":10},{"damage":21,"enemies":"Lagavulin","floor":12,"turns":7},{"damage":2,"enemies":"Blue Slaver","floor":13,"turns":4},{"damage":2,"enemies":"3 Louse","floor":14,"turns":3},{"damage":51,"enemies":"The Guardian","floor":16,"turns":14},{"damage":15,"enemies":"Shell Parasite","floor":18,"turns":7},{"damage":9,"enemies":"Chosen","floor":21,"turns":4},{"damage":6,"enemies":"Centurion and Healer","floor":22,"turns":5},{"damage":12,"enemies":"Cultist and Chosen","floor":24,"turns":6},{"damage":30,"enemies":"Snake Plant","floor":28,"turns":5},{"damage":44,"enemies":"3 Cultists","floor":29,"turns":5},{"damage":24,"enemies":"Snecko","floor":30,"turns":6},{"damage":10,"enemies":"Sentry and Sphere","floor":31,"turns":2}],"seed_played":"1136646942907829408","potions_obtained":[{"floor":1,"key":"Fire Potion"},{"floor":10,"key":"FairyPotion"},{"floor":14,"key":"GamblersBrew"},{"floor":16,"key":"SpeedPotion"},{"floor":21,"key":"Energy Potion"},{"floor":24,"key":"Explosive Potion"},{"floor":29,"key":"Explosive Potion"},{"floor":30,"key":"Explosive Potion"}],"is_trial":false,"path_per_floor":["M","M","?","?","$","R","M","$","T","E","R","E","M","M","R","B",null,"M","?","?","M","M","R","M","?","T","R","M","M","M"],"character_chosen":"DEFECT","items_purchased":["Storm","Jack Of All Trades"],"campfire_rested":3,"item_purchase_floors":[8,8],"current_hp_per_floor":[74,74,74,74,74,74,73,73,73,29,51,30,28,26,48,1,75,60,60,60,51,45,45,33,33,33,55,35,7,2,0],"gold":505,"neow_bonus":"HUNDRED_GOLD","is_prod":false,"is_daily":false,"chose_seed":false,"campfire_upgraded":2,"win_rate":0,"timestamp":1530011880,"path_taken":["M","M","?","?","$","R","M","$","T","E","R","E","M","M","R","BOSS","M","?","?","?","?","R","M","?","T","R","?","M","M","M"],"build_version":"2018-06-21v2","purchased_purges":2,"victory":false,"max_hp_per_floor":[75,75,75,75,75,75,75,75,75,75,75,75,75,75,75,75,75,75,75,75,75,75,75,75,75,75,75,75,75,75,75],"card_choices":[{"not_picked":["Hello World","Gash","Go for the Eyes"],"picked":"SKIP","floor":1},{"not_picked":["Undo","Ball Lightning"],"picked":"Hologram","floor":2},{"not_picked":["Beam Cell","Sweeping Beam","Aggregate"],"picked":"SKIP","floor":7},{"not_picked":["Stack","Turbo","Streamline"],"picked":"SKIP","floor":10},{"not_picked":["Conserve Battery","Barrage"],"picked":"Sunder","floor":12},{"not_picked":["Conserve Battery","Lockon","Stack"],"picked":"SKIP","floor":13},{"not_picked":["Cold Snap","Stack"],"picked":"BootSequence","floor":14},{"not_picked":["Biased Cognition","Thunder Strike"],"picked":"Creative AI","floor":16},{"not_picked":["Turbo","Compile Driver","Coolheaded"],"picked":"SKIP","floor":18},{"not_picked":["Chill","Compile Driver","Steam Power"],"picked":"SKIP","floor":21},{"not_picked":["Coolheaded+1","Beam Cell"],"picked":"Creative AI","floor":22},{"not_picked":["Streamline","Static Discharge"],"picked":"Defragment","floor":24},{"not_picked":["Sweeping Beam","Streamline"],"picked":"Conserve Battery","floor":28},{"not_picked":["Barrage","Go for the Eyes"],"picked":"Coolheaded+1","floor":29},{"not_picked":["Streamline","Rebound","Undo"],"picked":"SKIP","floor":30}],"player_experience":75204,"relics_obtained":[{"floor":9,"key":"Art of War"},{"floor":10,"key":"Orichalcum"},{"floor":12,"key":"Centennial Puzzle"},{"floor":26,"key":"Bag of Marbles"}],"event_choices":[{"event_name":"Liars Game","player_choice":"agreed","floor":3,"damage_taken":0},{"event_name":"World of Goop","player_choice":"Left","floor":4,"damage_taken":0},{"event_name":"Ghosts","player_choice":"Ignored","floor":19,"damage_taken":0},{"event_name":"Nest","player_choice":"Stole From Cult","floor":20,"damage_taken":0},{"event_name":"The Mausoleum","player_choice":"Yes","floor":25,"damage_taken":0}],"boss_relics":[{"not_picked":["Fusion Hammer","Coffee Dripper"],"picked":"Runic Dome"}],"items_purged_floors":[5,8],"is_endless":false,"potions_floor_spawned":[1,10,14,16,21,24,29,30],"killed_by":"Sentry and Sphere","ascension_level":0}