{"gold_per_floor":[109,123,47,47,0,0,25,25,25,35,55,55,17,17,17,17],"floor_reached":16,"playtime":553,"items_purged":[],"score":108,"play_id":"ef2efef3-d0a8-4cc3-9d41-bf507ec98c02","local_time":"20190717040347","is_ascension_mode":true,"campfire_choices":[{"data":"Neutralize","floor":6,"key":"SMITH"},{"floor":8,"key":"REST"},{"floor":15,"key":"REST"}],"neow_cost":"NONE","seed_source_timestamp":42114319744617,"circlet_count":0,"master_deck":["Strike_G","Strike_G","Strike_G","Strike_G","Strike_G","Defend_G","Defend_G","Defend_G","Defend_G","Defend_G","Survivor","Neutralize+1","Backflip","Corpse Explosion","Well Laid Plans","Injury","Crippling Poison"],"relics":["Ring of the Snake","Art of War","Sundial","Paper Crane","Meat on the Bone","Golden Idol"],"potions_floor_usage":[7,11],"damage_taken":[{"damage":6,"enemies":"Cultist","floor":1,"turns":4},{"damage":3,"enemies":"Jaw Worm","floor":2,"turns":5},{"damage":28,"enemies":"Lagavulin","floor":7,"turns":8},{"damage":12,"enemies":"2 Louse","floor":10,"turns":2},{"damage":15,"enemies":"2 Fungi Beasts","floor":11,"turns":2},{"damage":62,"enemies":"Slime Boss","floor":16,"turns":13}],"seed_played":"1955734015092205729","potions_obtained":[{"floor":2,"key":"SneckoOil"},{"floor":7,"key":"LiquidBronze"}],"is_trial":false,"path_per_floor":["M","M","$","T","?","R","E","R","T","M","M","?","$","?","R","B"],"character_chosen":"THE_SILENT","items_purchased":["Corpse Explosion","Crippling Poison"],"campfire_rested":2,"item_purchase_floors":[3,13],"current_hp_per_floor":[64,61,61,61,61,61,33,54,54,42,39,39,39,39,60,0],"gold":17,"neow_bonus":"RANDOM_COMMON_RELIC","is_prod":false,"is_daily":false,"chose_seed":false,"campfire_upgraded":1,"win_rate":0,"timestamp":1563354227,"path_taken":["M","M","$","?","?","R","E","R","T","M","M","?","$","?","R","BOSS"],"build_version":"2019-07-05","purchased_purges":0,"victory":false,"max_hp_per_floor":[70,70,70,70,70,70,70,70,70,70,70,70,70,70,70,70],"card_choices":[{"not_picked":["Slice","Flying Knee","PiercingWail"],"picked":"SKIP","floor":1},{"not_picked":["Acrobatics","Slice"],"picked":"Backflip","floor":2},{"not_picked":["Wraith Form v2","Setup","Underhanded Strike"],"picked":"SKIP","floor":7},{"not_picked":["PiercingWail","Choke","Cloak And Dagger"],"picked":"SKIP","floor":10},{"not_picked":["Blade Dance","Poisoned Stab"],"picked":"Well Laid Plans","floor":11}],"player_experience":118231,"relics_obtained":[{"floor":4,"key":"Sundial"},{"floor":7,"key":"Paper Crane"},{"floor":9,"key":"Meat on the Bone"}],"event_choices":[{"damage_healed":0,"gold_gain":0,"player_choice":"Left Gold","damage_taken":0,"max_hp_gain":0,"max_hp_loss":0,"event_name":"World of Goop","floor":5,"gold_loss":47},{"damage_healed":0,"gold_gain":0,"player_choice":"Take Wound","damage_taken":0,"relics_obtained":["Golden Idol"],"max_hp_gain":0,"max_hp_loss":0,"event_name":"Golden Idol","floor":12,"gold_loss":0,"cards_obtained":["Injury"]},{"damage_healed":0,"gold_gain":0,"player_choice":"Ignored","damage_taken":0,"max_hp_gain":0,"max_hp_loss":0,"event_name":"Liars Game","floor":14,"gold_loss":0}],"is_beta":false,"boss_relics":[],"items_purged_floors":[],"is_endless":false,"potions_floor_spawned":[2,7],"killed_by":"Slime Boss","ascension_level":2}