{"gold_per_floor":[119,44,13,23,23,23,51,51,74,86,86,56,73,87,87,87],"floor_reached":16,"playtime":1089,"items_purged":["Strike_G"],"score":110,"play_id":"cf017ce7-ff77-4410-8ee8-6f1c4c8b64f2","local_time":"20190716030821","is_ascension_mode":true,"campfire_choices":[{"floor":6,"key":"REST"},{"floor":15,"key":"REST"}],"neow_cost":"NONE","seed_source_timestamp":12070959879916,"circlet_count":0,"master_deck":["Strike_G","Strike_G","Defend_G+1","Defend_G+1","Defend_G+1","Defend_G","Defend_G","Survivor","Neutralize+1","Adrenaline","Catalyst"],"relics":["Ring of the Snake","Omamori","War Paint"],"potions_floor_usage":[8,14,14,14,16],"damage_taken":[{"damage":4,"enemies":"Small Slimes","floor":1,"turns":4},{"damage":1,"enemies":"2 Louse","floor":4,"turns":4},{"damage":39,"enemies":"Gremlin Nob","floor":7,"turns":7},{"damage":0,"enemies":"Cultist","floor":10,"turns":4},{"damage":0,"enemies":"Looter","floor":12,"turns":4},{"damage":19,"enemies":"Gremlin Gang","floor":13,"turns":12},{"damage":15,"enemies":"Large Slime","floor":14,"turns":15},{"damage":5,"enemies":"Hexaghost","floor":16,"turns":10}],"seed_played":"1113700045839972793","potions_obtained":[{"floor":1,"key":"GamblersBrew"},{"floor":8,"key":"Fruit Juice"},{"floor":8,"key":"SpeedPotion"},{"floor":8,"key":"EntropicBrew"},{"floor":13,"key":"Regen Potion"},{"floor":14,"key":"FearPotion"}],"is_trial":false,"path_per_floor":["M","$","?","M","?","R","E","?","T","M","?","M","M","M","R","B"],"character_chosen":"THE_SILENT","items_purchased":[],"campfire_rested":2,"item_purchase_floors":[],"current_hp_per_floor":[66,66,66,65,51,70,31,36,36,36,36,36,17,17,39,34],"gold":87,"neow_bonus":"REMOVE_CARD","is_prod":false,"is_daily":false,"chose_seed":false,"campfire_upgraded":0,"win_rate":0,"timestamp":1563264501,"path_taken":["M","$","?","M","?","R","E","?","T","?","?","?","M","?","R","BOSS"],"build_version":"2019-07-05","purchased_purges":1,"victory":false,"max_hp_per_floor":[70,70,70,70,70,70,70,75,75,75,75,75,75,75,75,75],"card_choices":[{"not_picked":["Dash","Deadly Poison","Concentrate"],"picked":"SKIP","floor":1},{"not_picked":["Backstab","Outmaneuver","Flying Knee"],"picked":"SKIP","floor":4},{"not_picked":["Underhanded Strike","Poisoned Stab"],"picked":"Adrenaline","floor":7},{"not_picked":["Deflect","Flying Knee","PiercingWail"],"picked":"SKIP","floor":10},{"not_picked":["PiercingWail","Caltrops","Prepared"],"picked":"SKIP","floor":12},{"not_picked":["Caltrops","Distraction","Escape Plan"],"picked":"SKIP","floor":13},{"not_picked":["Tactician","Prepared","Acrobatics"],"picked":"SKIP","floor":14}],"player_experience":93374,"relics_obtained":[{"floor":7,"key":"Omamori"},{"floor":9,"key":"War Paint"}],"event_choices":[{"damage_healed":0,"gold_gain":0,"player_choice":"Left Gold","damage_taken":0,"max_hp_gain":0,"max_hp_loss":0,"event_name":"World of Goop","floor":3,"gold_loss":31},{"damage_healed":0,"gold_gain":0,"player_choice":"Entered Light","damage_taken":14,"max_hp_gain":0,"max_hp_loss":0,"event_name":"Shining Light","floor":5,"gold_loss":0,"cards_upgraded":["Defend_G","Neutralize"]},{"damage_healed":0,"gold_gain":0,"player_choice":"Got Potions","damage_taken":0,"max_hp_gain":0,"max_hp_loss":0,"event_name":"Lab","floor":8,"gold_loss":0},{"damage_healed":0,"gold_gain":0,"cards_transformed":["Strike_G"],"player_choice":"Transformed","damage_taken":0,"max_hp_gain":0,"max_hp_loss":0,"event_name":"Transmorgrifier","floor":11,"gold_loss":0,"cards_obtained":["Catalyst"]}],"is_beta":false,"boss_relics":[],"items_purged_floors":[2],"is_endless":false,"potions_floor_spawned":[1,10,13,14],"killed_by":"Hexaghost","ascension_level":2}