{"gold_per_floor":[110,35,45,120,17,46,46,61,86,102,102,102,102,112,112,188,188,200,220,238,249,39,39,55,55],"floor_reached":25,"playtime":788,"items_purged":["Strike_B"],"score":414,"play_id":"06b6387f-b11b-48b5-97b1-519297da8664","local_time":"20190721142841","is_ascension_mode":true,"campfire_choices":[{"floor":11.0,"key":"REST"},{"data":"Dualcast","floor":13.0,"key":"SMITH"},{"data":"Hologram","floor":15.0,"key":"SMITH"},{"data":"Apotheosis","floor":23,"key":"SMITH"}],"neow_cost":"NONE","seed_source_timestamp":0,"circlet_count":0,"master_deck":["AscendersBane","Strike_B","Strike_B","Defend_B+1","Defend_B","Defend_B","Defend_B","Zap+1","Dualcast+1","Auto Shields","Beam Cell","Streamline","Gash","Hologram+1","Hologram","Rebound","Machine Learning","Beam Cell","Genetic Algorithm","Apotheosis+1"],"special_seed":0,"relics":["Cracked Core","NeowsBlessing","Anchor","Vajra","Busted Crown"],"potions_floor_usage":[16,21],"damage_taken":[{"damage":0.0,"enemies":"2 Louse","floor":1.0,"turns":1.0},{"damage":0.0,"enemies":"Small Slimes","floor":3.0,"turns":1.0},{"damage":0.0,"enemies":"Gremlin Nob","floor":6.0,"turns":1.0},{"damage":0.0,"enemies":"Jaw Worm","floor":8.0,"turns":2.0},{"damage":11.0,"enemies":"Looter","floor":10.0,"turns":3.0},{"damage":0.0,"enemies":"Gremlin Gang","floor":14.0,"turns":2.0},{"damage":21,"enemies":"The Guardian","floor":16,"turns":9},{"damage":12,"enemies":"2 Thieves","floor":18,"turns":3},{"damage":2,"enemies":"Chosen","floor":19,"turns":3},{"damage":14,"enemies":"Snake Plant","floor":20,"turns":4},{"damage":1,"enemies":"Centurion and Healer","floor":21,"turns":5},{"damage":36,"enemies":"Snecko","floor":24,"turns":7},{"damage":14,"enemies":"Slavers","floor":25,"turns":1}],"seed_played":"-4699935190760824598","potions_obtained":[{"floor":10.0,"key":"AttackPotion"},{"floor":12.0,"key":"AttackPotion"},{"floor":14.0,"key":"FocusPotion"},{"floor":19,"key":"Fire Potion"},{"floor":20,"key":"Regen Potion"}],"is_trial":false,"path_per_floor":["M","?","M","?","$","E","?","M","T","M","R","?","R","M","R","B",null,"M","M","M","M","$","R","M","E"],"character_chosen":"DEFECT","items_purchased":["Streamline","Apotheosis"],"campfire_rested":1,"item_purchase_floors":[5,22],"current_hp_per_floor":[64,64,64,53,53,53,32,32,32,21,42,42,42,42,42,21,59,47,45,31,44,44,44,8,0],"gold":55,"neow_bonus":"THREE_ENEMY_KILL","is_prod":false,"is_daily":false,"chose_seed":false,"campfire_upgraded":3,"win_rate":0,"timestamp":1563733721,"path_taken":["M","?","M","?","$","E","?","?","T","M","R","?","R","M","R","BOSS","M","M","?","M","$","R","M","E"],"build_version":"2019-07-17","purchased_purges":1,"victory":false,"max_hp_per_floor":[71,71,71,71,71,71,71,71,71,71,71,71,71,71,71,71,71,71,71,71,71,71,71,71,71],"card_choices":[{"not_picked":["Streamline","Hologram"],"picked":"Auto Shields","floor":1.0},{"not_picked":["Barrage","Turbo"],"picked":"Beam Cell","floor":3.0},{"not_picked":["Go for the Eyes","Redo"],"picked":"Gash","floor":6.0},{"not_picked":["Consume","Coolheaded"],"picked":"Hologram","floor":8.0},{"not_picked":["Streamline","Double Energy"],"picked":"Hologram","floor":10.0},{"not_picked":["Barrage","Coolheaded"],"picked":"Rebound","floor":14.0},{"not_picked":["Rainbow","Electrodynamics"],"picked":"Machine Learning","floor":16},{"not_picked":["Ball Lightning"],"picked":"SKIP","floor":18},{"not_picked":["Turbo"],"picked":"SKIP","floor":19},{"not_picked":[],"picked":"Beam Cell","floor":20},{"not_picked":[],"picked":"Genetic Algorithm","floor":21},{"not_picked":["Ball Lightning"],"picked":"SKIP","floor":24}],"player_experience":566314,"relics_obtained":[{"floor":6.0,"key":"Anchor"},{"floor":9.0,"key":"Vajra"}],"event_choices":[{"cards_removed":["Strike_B"],"damage_healed":0.0,"max_hp_gain":0.0,"max_hp_loss":0.0,"gold_gain":0.0,"event_name":"The Cleric","player_choice":"Card Removal","floor":2.0,"gold_loss":75.0,"damage_taken":0.0},{"damage_healed":0.0,"max_hp_gain":0.0,"max_hp_loss":0.0,"gold_gain":75.0,"event_name":"World of Goop","player_choice":"Gather Gold","floor":4.0,"gold_loss":0.0,"damage_taken":11.0},{"damage_healed":0.0,"max_hp_gain":0.0,"max_hp_loss":0.0,"gold_gain":0.0,"event_name":"Shining Light","player_choice":"Entered Light","floor":7.0,"gold_loss":0.0,"damage_taken":21.0,"cards_upgraded":["Zap","Defend_B"]},{"damage_healed":0.0,"max_hp_gain":0.0,"max_hp_loss":0.0,"gold_gain":0.0,"event_name":"Lab","player_choice":"Got Potions","floor":12.0,"gold_loss":0.0,"damage_taken":0.0}],"is_beta":false,"boss_relics":[{"not_picked":["Eternal Feather","Ectoplasm"],"picked":"Busted Crown"}],"items_purged_floors":[5],"is_endless":false,"potions_floor_spawned":[10,14,19,20],"killed_by":"Slavers","ascension_level":16}