{"gold_per_floor":[118,133,133,98,112,112,141,69,69,69,84,84,102,135,135,135],"floor_reached":16,"playtime":726,"items_purged":[],"score":193,"play_id":"e4ad74be-08bc-4803-87b7-a9cfa344ea77","local_time":"20181021124722","is_ascension_mode":true,"campfire_choices":[{"data":"True Grit","floor":6,"key":"SMITH"},{"data":"True Grit","floor":10,"key":"SMITH"},{"data":"Bash","floor":12,"key":"SMITH"},{"data":"Clothesline","floor":15,"key":"SMITH"}],"neow_cost":"PERCENT_DAMAGE","seed_source_timestamp":232643061067673,"circlet_count":0,"master_deck":["Strike_R","Strike_R","Strike_R","Strike_R","Defend_R","Defend_R","Defend_R","Defend_R","Bash+1","AscendersBane","Offering","True Grit+1","Warcry","Clothesline+1","Wild Strike","Shrug It Off","True Grit+1","Shrug It Off","Shrug It Off","Battle Trance"],"relics":["Burning Blood","Du-Vu Doll","Blue Candle","Centennial Puzzle"],"potions_floor_usage":[14,14,16],"damage_taken":[{"damage":8,"enemies":"Jaw Worm","floor":1,"turns":4},{"damage":0,"enemies":"2 Louse","floor":2,"turns":4},{"damage":0,"enemies":"Cultist","floor":5,"turns":4},{"damage":27,"enemies":"Lagavulin","floor":7,"turns":7},{"damage":6,"enemies":"2 Fungi Beasts","floor":11,"turns":4},{"damage":4,"enemies":"Blue Slaver","floor":13,"turns":4},{"damage":14,"enemies":"3 Sentries","floor":14,"turns":10},{"damage":44,"enemies":"Hexaghost","floor":16,"turns":16}],"seed_played":"-5895438669538853270","potions_obtained":[{"floor":1,"key":"Explosive Potion"},{"floor":2,"key":"SmokeBomb"},{"floor":7,"key":"GamblersBrew"},{"floor":14,"key":"GamblersBrew"}],"is_trial":false,"path_per_floor":["M","M","?","?","M","R","E","$","T","R","M","R","M","E","R"],"character_chosen":"IRONCLAD","items_purchased":["Shrug It Off","True Grit"],"campfire_rested":0,"item_purchase_floors":[8,8],"current_hp_per_floor":[48,54,47,65,71,71,50,50,50,50,50,50,52,44,44,0],"gold":135,"neow_bonus":"THREE_RARE_CARDS","is_prod":false,"is_daily":false,"chose_seed":false,"campfire_upgraded":4,"win_rate":0,"timestamp":1540140442,"path_taken":["M","M","?","?","?","R","E","?","T","R","M","R","M","E","R","BOSS"],"build_version":"2018-10-18","purchased_purges":0,"victory":false,"max_hp_per_floor":[75,75,75,75,75,75,75,75,75,75,75,75,75,75,75,75],"card_choices":[{"not_picked":["Dark Embrace","Limit Break"],"picked":"Offering","floor":0},{"not_picked":["Inflame","Pummel"],"picked":"True Grit","floor":1},{"not_picked":["Power Through","Clash"],"picked":"Warcry","floor":2},{"not_picked":["Flex","Twin Strike"],"picked":"Clothesline","floor":5},{"not_picked":["Blood for Blood","Headbutt"],"picked":"Wild Strike","floor":7},{"not_picked":["Heavy Blade","Seeing Red"],"picked":"Shrug It Off","floor":11},{"not_picked":["Perfected Strike","Infernal Blade"],"picked":"Shrug It Off","floor":13},{"not_picked":["Power Through","True Grit"],"picked":"Battle Trance","floor":14}],"player_experience":945151,"relics_obtained":[{"floor":7,"key":"Du-Vu Doll"},{"floor":9,"key":"Blue Candle"},{"floor":14,"key":"Centennial Puzzle"}],"event_choices":[{"cards_removed":["Strike_R"],"damage_healed":0,"gold_gain":0,"player_choice":"Card Removal","damage_taken":7,"max_hp_gain":0,"max_hp_loss":0,"event_name":"Golden Wing","floor":3,"gold_loss":0},{"damage_healed":18,"gold_gain":0,"player_choice":"Healed","damage_taken":0,"max_hp_gain":0,"max_hp_loss":0,"event_name":"The Cleric","floor":4,"gold_loss":35}],"is_beta":false,"boss_relics":[],"items_purged_floors":[],"is_endless":false,"potions_floor_spawned":[1,2,7,14],"killed_by":"Hexaghost","ascension_level":15}