{"gold_per_floor":[116,131,150,150,160,195,195,210,210,225,256,286,286,306,306,402,402,415,415,434,434],"floor_reached":21,"playtime":1251,"items_purged":[],"score":193,"play_id":"35bb1488-0dae-4dcb-87d3-e9cb43c7e8ab","local_time":"20190703015126","is_ascension_mode":false,"campfire_choices":[{"floor":7,"key":"REST"},{"floor":13,"key":"REST"},{"floor":15,"key":"REST"}],"neow_cost":"NONE","seed_source_timestamp":905158184724793,"circlet_count":0,"master_deck":["Strike_R","Strike_R","Strike_R","Strike_R","Strike_R","Defend_R","Defend_R","Defend_R","Bash","Cleave","Twin Strike","Rampage","Bloodletting","Blood for Blood","Cleave","Pummel","Iron Wave","Rampage","Anger+1","Barricade","Infernal Blade","Sword Boomerang+1"],"relics":["Burning Blood","Boot","Peace Pipe","Bronze Scales","Regal Pillow","Molten Egg 2","Black Star","Pantograph"],"potions_floor_usage":[11,11,11],"damage_taken":[{"damage":11,"enemies":"Jaw Worm","floor":1,"turns":3},{"damage":10,"enemies":"Small Slimes","floor":2,"turns":2},{"damage":6,"enemies":"2 Louse","floor":3,"turns":2},{"damage":30,"enemies":"Exordium Thugs","floor":5,"turns":4},{"damage":30,"enemies":"Gremlin Nob","floor":6,"turns":4},{"damage":18,"enemies":"Gremlin Gang","floor":8,"turns":3},{"damage":5,"enemies":"Looter","floor":10,"turns":2},{"damage":24,"enemies":"Lagavulin","floor":11,"turns":3},{"damage":9,"enemies":"Red Slaver","floor":14,"turns":3},{"damage":75,"enemies":"The Guardian","floor":16,"turns":8},{"damage":3,"enemies":"3 Byrds","floor":18,"turns":3},{"damage":38,"enemies":"Shell Parasite","floor":20,"turns":5},{"damage":58,"enemies":"3 Cultists","floor":21,"turns":4}],"seed_played":"-4160267161752987968","potions_obtained":[{"floor":3,"key":"Poison Potion"},{"floor":6,"key":"Energy Potion"},{"floor":10,"key":"LiquidBronze"},{"floor":11,"key":"Block Potion"},{"floor":16,"key":"LiquidBronze"},{"floor":20,"key":"PowerPotion"}],"is_trial":false,"path_per_floor":["M","M","M","?","M","E","R","M","T","M","E","?","R","M","R","B",null,"M","?","M","M"],"character_chosen":"IRONCLAD","items_purchased":[],"campfire_rested":3,"item_purchase_floors":[],"current_hp_per_floor":[75,71,71,71,47,23,47,35,35,36,18,18,57,54,80,11,80,80,80,48,0],"gold":434,"neow_bonus":"RANDOM_COMMON_RELIC","is_prod":false,"is_daily":false,"chose_seed":false,"campfire_upgraded":0,"win_rate":0.0,"timestamp":1562143886,"path_taken":["M","M","M","?","M","E","R","M","T","M","E","?","R","M","R","BOSS","M","?","M","M"],"build_version":"2019-07-01","purchased_purges":0,"victory":false,"max_hp_per_floor":[80,80,80,80,80,80,80,80,80,80,80,80,80,80,80,80,80,80,80,80,80],"card_choices":[{"not_picked":["Rupture","Hemokinesis"],"picked":"Cleave","floor":1},{"not_picked":["Burning Pact","Body Slam"],"picked":"Twin Strike","floor":2},{"not_picked":["Cleave","Headbutt"],"picked":"Rampage","floor":3},{"not_picked":["Wild Strike","Bloodletting"],"picked":"Blood for Blood","floor":5},{"not_picked":["Anger","Rage"],"picked":"Cleave","floor":6},{"not_picked":["Dropkick","Rampage"],"picked":"Pummel","floor":8},{"not_picked":["Whirlwind","Disarm"],"picked":"Iron Wave","floor":10},{"not_picked":["Sword Boomerang","Anger"],"picked":"Rampage","floor":11},{"not_picked":["Sever Soul+1","Sword Boomerang+1"],"picked":"Anger+1","floor":14},{"not_picked":["Impervious","Offering"],"picked":"Barricade","floor":16},{"not_picked":["Rampage+1","Anger+1"],"picked":"Infernal Blade","floor":18},{"not_picked":["Combust","Wild Strike+1"],"picked":"Sword Boomerang+1","floor":20}],"player_experience":81790,"relics_obtained":[{"floor":6,"key":"Peace Pipe"},{"floor":9,"key":"Bronze Scales"},{"floor":11,"key":"Regal Pillow"}],"event_choices":[{"damage_healed":0,"gold_gain":0,"cards_transformed":["Defend_R"],"player_choice":"Change","damage_taken":0,"max_hp_gain":0,"max_hp_loss":0,"event_name":"Living Wall","floor":4,"gold_loss":0,"cards_obtained":["Bloodletting"]},{"damage_healed":0,"gold_gain":30,"player_choice":"Searched \u00273\u0027 times","damage_taken":0,"relics_obtained":["Molten Egg 2"],"max_hp_gain":0,"max_hp_loss":0,"event_name":"Dead Adventurer","floor":12,"gold_loss":0},{"damage_healed":0,"gold_gain":0,"player_choice":"Opened","damage_taken":0,"relics_obtained":["Pantograph"],"max_hp_gain":0,"max_hp_loss":0,"event_name":"The Mausoleum","floor":19,"gold_loss":0}],"is_beta":false,"boss_relics":[{"not_picked":["Runic Pyramid","White Beast Statue"],"picked":"Black Star"}],"items_purged_floors":[],"is_endless":false,"potions_floor_spawned":[3,6,10,11,16,20],"killed_by":"3 Cultists","ascension_level":0}