{"gold_per_floor":[112,112,127,127,127,127,165,165,236,252,252,19,37,80,80,169,169,159,183,40,55,55],"floor_reached":22,"playtime":909,"items_purged":["Strike_G"],"score":427,"play_id":"268afa7d-c41d-4360-9def-189158299b48","local_time":"20181208160656","is_ascension_mode":true,"campfire_choices":[{"data":"Bouncing Flask","floor":6,"key":"SMITH"},{"data":"Calculated Gamble","floor":8,"key":"SMITH"},{"floor":15,"key":"REST"}],"neow_cost":"NONE","seed_source_timestamp":94812985850139,"circlet_count":0,"master_deck":["AscendersBane","Defend_G","Defend_G","Defend_G","Defend_G","Defend_G","Strike_G","Strike_G","Strike_G","Strike_G","Survivor","Neutralize+1","Bouncing Flask+1","Deflect","Calculated Gamble+1","Skewer","Footwork","PiercingWail+1","Burst+1","Leg Sweep+1","Backflip+1","Infinite Blades","Catalyst+1"],"relics":["Ring of the Snake","Golden Idol","Vajra","Toxic Egg 2","Art of War","Medical Kit","Gremlin Horn","Fusion Hammer"],"potions_floor_usage":[13,14],"damage_taken":[{"damage":0,"enemies":"Small Slimes","floor":1,"turns":4},{"damage":0,"enemies":"2 Louse","floor":3,"turns":4},{"damage":10,"enemies":"Lagavulin","floor":7,"turns":6},{"damage":6,"enemies":"Jaw Worm","floor":10,"turns":4},{"damage":3,"enemies":"Large Slime","floor":13,"turns":7},{"damage":5,"enemies":"Gremlin Nob","floor":14,"turns":3},{"damage":0,"enemies":"Hexaghost","floor":16,"turns":11},{"damage":5,"enemies":"2 Thieves","floor":18,"turns":4},{"damage":6,"enemies":"Spheric Guardian","floor":19,"turns":4},{"damage":42,"enemies":"3 Cultists","floor":21,"turns":9},{"damage":11,"enemies":"Snake Plant","floor":22,"turns":2}],"seed_played":"3746670440032423405","potions_obtained":[{"floor":1,"key":"Fire Potion"},{"floor":7,"key":"FearPotion"},{"floor":13,"key":"Ancient Potion"},{"floor":14,"key":"Energy Potion"},{"floor":18,"key":"Ancient Potion"},{"floor":19,"key":"Weak Potion"}],"is_trial":false,"path_per_floor":["M","?","M","?","?","R","E","R","T","M","?","$","M","E","R","B",null,"M","M","$","M","M"],"character_chosen":"THE_SILENT","items_purchased":["Footwork","Medical Kit","Infinite Blades"],"campfire_rested":1,"item_purchase_floors":[12,12,20],"current_hp_per_floor":[65,40,40,40,40,40,30,30,30,24,13,13,10,5,26,26,61,56,50,50,8,0],"gold":55,"neow_bonus":"TEN_PERCENT_HP_BONUS","is_prod":false,"is_daily":false,"chose_seed":false,"campfire_upgraded":2,"win_rate":0,"timestamp":1544303216,"path_taken":["M","?","M","?","?","R","E","R","T","M","?","$","M","E","R","BOSS","M","M","$","M","M"],"build_version":"2018-12-06","purchased_purges":1,"victory":false,"max_hp_per_floor":[72,72,72,72,72,72,72,72,72,72,72,72,72,72,72,72,72,72,72,72,72,72],"card_choices":[{"not_picked":["Flying Knee","Blur"],"picked":"Bouncing Flask","floor":1},{"not_picked":["Endless Agony","Tactician"],"picked":"Deflect","floor":3},{"not_picked":["Underhanded Strike","Bane"],"picked":"Calculated Gamble","floor":7},{"not_picked":["Poisoned Stab","Quick Slash"],"picked":"Skewer","floor":10},{"not_picked":["Blade Dance+1","Concentrate+1","Heel Hook"],"picked":"SKIP","floor":13},{"not_picked":["Masterful Stab","Expertise+1"],"picked":"PiercingWail+1","floor":14},{"not_picked":["Tools of the Trade","A Thousand Cuts"],"picked":"Burst+1","floor":16},{"not_picked":["Bane","Dagger Throw"],"picked":"Leg Sweep+1","floor":18},{"not_picked":["Masterful Stab","Outmaneuver+1"],"picked":"Backflip+1","floor":19},{"not_picked":["Flying Knee","Leg Sweep+1"],"picked":"Catalyst+1","floor":21}],"player_experience":1239955,"relics_obtained":[{"floor":7,"key":"Vajra"},{"floor":9,"key":"Toxic Egg 2"},{"floor":14,"key":"Gremlin Horn"}],"event_choices":[{"damage_healed":0,"gold_gain":0,"player_choice":"Take Damage","damage_taken":25,"relics_obtained":["Golden Idol"],"max_hp_gain":0,"max_hp_loss":0,"event_name":"Golden Idol","floor":2,"gold_loss":0},{"damage_healed":0,"gold_gain":0,"player_choice":"Grow","damage_taken":0,"max_hp_gain":0,"max_hp_loss":0,"event_name":"Living Wall","floor":4,"gold_loss":0,"cards_upgraded":["Neutralize"]},{"damage_healed":0,"gold_gain":0,"player_choice":"Ignored","damage_taken":0,"max_hp_gain":0,"max_hp_loss":0,"event_name":"Liars Game","floor":5,"gold_loss":0},{"damage_healed":0,"gold_gain":0,"player_choice":"Success","damage_taken":11,"relics_obtained":["Art of War"],"max_hp_gain":0,"max_hp_loss":0,"event_name":"Scrap Ooze","floor":11,"gold_loss":0}],"is_beta":false,"boss_relics":[{"not_picked":["Black Star","Eternal Feather"],"picked":"Fusion Hammer"}],"items_purged_floors":[20],"is_endless":false,"potions_floor_spawned":[1,7,13,14,16,18,19],"killed_by":"Snake Plant","ascension_level":15}