{"gold_per_floor":[117,117,136,155,230,261,261,286,286,297,297,55,82,82,82,157,157,172,62,80,96,146,146,171,171,253,253,253,279,295,320,320,393,393,408,424,424,444,463,463],"floor_reached":40,"playtime":1820,"items_purged":[],"score":900,"play_id":"72f0efbe-a18a-430b-a8e6-3b6d6c82679f","local_time":"20190718003034","is_ascension_mode":true,"campfire_choices":[{"data":"Sweeping Beam","floor":7.0,"key":"SMITH"},{"floor":11.0,"key":"REST"},{"data":"Defragment","floor":15,"key":"SMITH"},{"floor":23,"key":"REST"},{"data":"Seek","floor":25,"key":"SMITH"},{"data":"Coolheaded","floor":28,"key":"SMITH"},{"floor":32,"key":"DIG"}],"neow_cost":"NONE","seed_source_timestamp":13706283703646,"circlet_count":0,"master_deck":["AscendersBane","Strike_B","Strike_B","Defend_B","Defend_B","Defend_B","Defend_B","Zap","Dualcast","Sunder","Hologram","Defragment+1","Sweeping Beam+1","Coolheaded+1","Seek+1","Undo","Electrodynamics","Genetic Algorithm","Sweeping Beam+1","Coolheaded+1","Conserve Battery+1","Seek","Go for the Eyes","Buffer","Coolheaded","Chaos","Reboot","Doom and Gloom","Capacitor+1"],"special_seed":0,"relics":["Cracked Core","Cables","Calipers","Ginger","Bottled Lightning","The Courier","Sozu","Shovel","Mummified Hand","PreservedInsect","Shuriken","Pear","Omamori","Black Star"],"potions_floor_usage":[13,16],"damage_taken":[{"damage":0.0,"enemies":"2 Louse","floor":1.0,"turns":2.0},{"damage":2.0,"enemies":"Small Slimes","floor":3.0,"turns":2.0},{"damage":0.0,"enemies":"Jaw Worm","floor":4.0,"turns":3.0},{"damage":15.0,"enemies":"Lagavulin","floor":6.0,"turns":7.0},{"damage":32.0,"enemies":"Gremlin Nob","floor":8.0,"turns":4.0},{"damage":0.0,"enemies":"Lots of Slimes","floor":10.0,"turns":2.0},{"damage":4,"enemies":"3 Sentries","floor":13,"turns":4},{"damage":14,"enemies":"The Guardian","floor":16,"turns":14},{"damage":8,"enemies":"Shell Parasite","floor":18,"turns":8},{"damage":9,"enemies":"Spheric Guardian","floor":20,"turns":5},{"damage":15,"enemies":"Snake Plant","floor":21,"turns":5},{"damage":0,"enemies":"Gremlin Leader","floor":24,"turns":6},{"damage":15,"enemies":"Slavers","floor":29,"turns":3},{"damage":0,"enemies":"Sentry and Sphere","floor":30,"turns":3},{"damage":0,"enemies":"Gremlin Leader","floor":31,"turns":5},{"damage":31,"enemies":"Automaton","floor":33,"turns":13},{"damage":10,"enemies":"3 Darklings","floor":35,"turns":3},{"damage":0,"enemies":"3 Shapes","floor":36,"turns":3},{"damage":11,"enemies":"Maw","floor":38,"turns":12},{"damage":34,"enemies":"Transient","floor":39,"turns":5},{"damage":20,"enemies":"Reptomancer","floor":40,"turns":2}],"seed_played":"-8190441650363161409","potions_obtained":[{"floor":3.0,"key":"SteroidPotion"},{"floor":8.0,"key":"Explosive Potion"},{"floor":10.0,"key":"Fire Potion"},{"floor":13,"key":"AttackPotion"}],"is_trial":false,"path_per_floor":["M","?","M","M","?","E","R","E","T","M","R","$","E","?","R","B",null,"M","?","M","M","?","R","E","R","T","T","R","E","M","E","R","B",null,"M","M","?","M","M","E"],"character_chosen":"DEFECT","items_purchased":["Bottled Lightning"],"campfire_rested":2,"item_purchase_floors":[12],"current_hp_per_floor":[71,71,69,69,58,43,43,11,11,11,34,34,30,23,23,9,61,53,53,44,29,29,52,52,52,52,52,52,37,37,47,47,16,70,60,60,60,49,15,0],"gold":463,"neow_bonus":"TEN_PERCENT_HP_BONUS","is_prod":false,"is_daily":false,"chose_seed":false,"campfire_upgraded":4,"win_rate":0,"timestamp":1563424234,"path_taken":["M","?","M","M","?","E","R","E","T","M","R","$","E","?","R","BOSS","M","?","M","?","?","R","E","R","T","?","R","E","M","E","R","BOSS","M","M","?","M","?","E"],"build_version":"2019-07-17","purchased_purges":0,"victory":false,"max_hp_per_floor":[78,78,78,78,78,78,78,78,78,78,78,78,78,78,78,78,78,78,78,78,78,78,78,78,78,78,78,78,78,78,88,88,88,88,88,88,88,88,88,88],"card_choices":[{"not_picked":["Steam","Gash"],"picked":"Sunder","floor":1.0},{"not_picked":["Barrage","Beam Cell"],"picked":"Hologram","floor":3.0},{"not_picked":["Turbo","Sunder"],"picked":"Defragment","floor":4.0},{"not_picked":["Sunder","Stack"],"picked":"Sweeping Beam","floor":6.0},{"not_picked":["Hello World","Rebound"],"picked":"Coolheaded","floor":8.0},{"not_picked":["Compile Driver","Aggregate"],"picked":"Seek","floor":10.0},{"not_picked":["Sweeping Beam","Redo"],"picked":"Undo","floor":13},{"not_picked":["Seek","Meteor Strike"],"picked":"Electrodynamics","floor":16},{"not_picked":["Redo","Fusion","Beam Cell"],"picked":"SKIP","floor":18},{"not_picked":["Redo","Fusion","Beam Cell"],"picked":"SKIP","floor":18},{"not_picked":["Rebound","Tempest"],"picked":"Genetic Algorithm","floor":20},{"not_picked":["Conserve Battery","Tempest"],"picked":"Sweeping Beam+1","floor":21},{"not_picked":["FTL","Go for the Eyes"],"picked":"Coolheaded","floor":24},{"not_picked":["Storm","Chaos"],"picked":"Conserve Battery+1","floor":29},{"not_picked":["Beam Cell+1","Double Energy"],"picked":"Seek","floor":30},{"not_picked":["Beam Cell","Sunder"],"picked":"Go for the Eyes","floor":31},{"not_picked":["Machine Learning","Seek"],"picked":"Buffer","floor":33},{"not_picked":["Hologram","Sweeping Beam+1"],"picked":"Coolheaded","floor":35},{"not_picked":["Melter+1","Auto Shields"],"picked":"Chaos","floor":36},{"not_picked":["Rebound","Turbo"],"picked":"Doom and Gloom","floor":38},{"not_picked":["Seek","Turbo"],"picked":"Capacitor+1","floor":39}],"player_experience":1512583,"relics_obtained":[{"floor":6.0,"key":"Cables"},{"floor":8.0,"key":"Calipers"},{"floor":9.0,"key":"Ginger"},{"floor":13,"key":"The Courier"},{"floor":24,"key":"Shovel"},{"floor":26,"key":"Mummified Hand"},{"floor":27,"key":"PreservedInsect"},{"floor":29,"key":"Shuriken"},{"floor":31,"key":"Pear"},{"floor":32,"key":"Omamori"}],"event_choices":[{"damage_healed":0.0,"max_hp_gain":0.0,"max_hp_loss":0.0,"gold_gain":0.0,"event_name":"Liars Game","player_choice":"Ignored","floor":2.0,"gold_loss":0.0,"damage_taken":0.0},{"damage_healed":0.0,"max_hp_gain":0.0,"max_hp_loss":0.0,"gold_gain":75.0,"event_name":"World of Goop","player_choice":"Gather Gold","floor":5.0,"gold_loss":0.0,"damage_taken":11.0},{"cards_removed":["Strike_B"],"damage_healed":0,"gold_gain":0,"player_choice":"Card Removal","damage_taken":7,"max_hp_gain":0,"max_hp_loss":0,"event_name":"Golden Wing","floor":14,"gold_loss":0},{"cards_removed":["Strike_B"],"damage_healed":0,"gold_gain":0,"player_choice":"Upgrade and Remove","damage_taken":0,"max_hp_gain":0,"max_hp_loss":0,"event_name":"Designer","floor":19,"gold_loss":110,"cards_upgraded":["Coolheaded"]},{"damage_healed":0,"gold_gain":50,"player_choice":"Stole From Cult","damage_taken":0,"max_hp_gain":0,"max_hp_loss":0,"event_name":"Nest","floor":22,"gold_loss":0},{"damage_healed":0,"gold_gain":0,"player_choice":"1 cards matched","damage_taken":0,"max_hp_gain":0,"max_hp_loss":0,"event_name":"Match and Keep!","floor":37,"gold_loss":0,"cards_obtained":["Reboot"]}],"is_beta":false,"boss_relics":[{"not_picked":["Pandora\u0027s Box","Empty Cage"],"picked":"Sozu"},{"not_picked":["Runic Dome","Velvet Choker"],"picked":"Black Star"}],"items_purged_floors":[],"is_endless":false,"potions_floor_spawned":[3,8,10,13,21,24,30,31,36],"killed_by":"Reptomancer","ascension_level":15}