{"gold_per_floor":[217,3,3,17,35,35,53,53,53,80,80,94,110,126,126,200,200,219,219,235,156,176,176,203,213,213,213,213,213,242,256,256,327,327,342,362,31,50,61,61,96,106,106,117,117,128,128,0,0,0],"floor_reached":51,"playtime":3909,"items_purged":[],"score":1203,"play_id":"05432943-bfbf-4aea-bdd0-8aa98cfb81f8","local_time":"20181010192810","is_ascension_mode":true,"campfire_choices":[{"data":"Neutralize","floor":6,"key":"SMITH"},{"data":"Bouncing Flask","floor":8,"key":"SMITH"},{"data":"Cloak And Dagger","floor":11,"key":"SMITH"},{"data":"Sucker Punch","floor":15,"key":"SMITH"},{"data":"Wraith Form v2","floor":23,"key":"SMITH"},{"data":"Doppelganger","floor":27,"key":"SMITH"},{"data":"Venomology","floor":29,"key":"SMITH"},{"data":"Caltrops","floor":32,"key":"SMITH"},{"floor":40,"key":"REST"},{"data":"Cloak And Dagger","floor":45,"key":"SMITH"},{"data":"PiercingWail","floor":47,"key":"SMITH"},{"data":"Leg Sweep","floor":49,"key":"SMITH"}],"neow_cost":"NONE","seed_source_timestamp":10832757323366,"circlet_count":0,"master_deck":["Defend_G","Defend_G","Defend_G","Defend_G","Survivor","Neutralize+1","AscendersBane","Cloak And Dagger+1","Bouncing Flask+1","Backstab","Dash","Caltrops+1","Venomology+1","PiercingWail+1","Sucker Punch+1","Doppelganger+1","Footwork+1","Bite","Bite","Bite","Slice+1","Leg Sweep+1","Wraith Form v2+1","Heel Hook","Heel Hook","After Image","Burst+1","Mind Blast+1","Discovery+1","Finisher+1","After Image","Cloak And Dagger+1","Escape Plan","Blur+1","Heel Hook","Backflip"],"special_seed":0,"relics":["Ring of the Snake","Bronze Scales","NlothsMask","Paper Crane","WristBlade","PreservedInsect","Strawberry","MutagenicStrength","Peace Pipe","Astrolabe","Membership Card","Pocketwatch","Matryoshka","Red Mask"],"potions_floor_usage":[10,14,16,16,16,22,24,25,30,31,33,38,39,41,41,41,41,42,44,46,46,46,50,50],"damage_taken":[{"damage":0.0,"enemies":"Jaw Worm","floor":1.0,"turns":8.0},{"damage":0,"enemies":"Cultist","floor":4,"turns":3},{"damage":0,"enemies":"2 Louse","floor":5,"turns":3},{"damage":0,"enemies":"Exordium Thugs","floor":7,"turns":6},{"damage":2,"enemies":"3 Sentries","floor":10,"turns":8},{"damage":0,"enemies":"Red Slaver","floor":12,"turns":3},{"damage":1,"enemies":"Looter","floor":13,"turns":3},{"damage":0,"enemies":"Large Slime","floor":14,"turns":6},{"damage":26,"enemies":"Slime Boss","floor":16,"turns":14},{"damage":13,"enemies":"2 Thieves","floor":18,"turns":5},{"damage":10,"enemies":"Spheric Guardian","floor":20,"turns":4},{"damage":9,"enemies":"Centurion and Healer","floor":22,"turns":11},{"damage":4,"enemies":"Gremlin Leader","floor":24,"turns":10},{"damage":0,"enemies":"Snake Plant","floor":25,"turns":4},{"damage":10,"enemies":"Slavers","floor":30,"turns":5},{"damage":8,"enemies":"Snecko","floor":31,"turns":5},{"damage":34,"enemies":"Collector","floor":33,"turns":15},{"damage":13,"enemies":"3 Darklings","floor":35,"turns":8},{"damage":6,"enemies":"Orb Walker","floor":36,"turns":2},{"damage":34,"enemies":"3 Darklings","floor":38,"turns":13},{"damage":0,"enemies":"4 Shapes","floor":39,"turns":7},{"damage":7,"enemies":"Giant Head","floor":41,"turns":9},{"damage":0,"enemies":"Maw","floor":42,"turns":8},{"damage":0,"enemies":"Reptomancer","floor":44,"turns":10},{"damage":2,"enemies":"Transient","floor":46,"turns":5},{"damage":22,"enemies":"Awakened One","floor":50,"turns":29}],"seed_played":"2096922689226737209","potions_obtained":[{"floor":7,"key":"GamblersBrew"},{"floor":10,"key":"PowerPotion"},{"floor":12,"key":"AttackPotion"},{"floor":22,"key":"Weak Potion"},{"floor":31,"key":"Ancient Potion"},{"floor":41,"key":"Block Potion"}],"is_trial":false,"path_per_floor":["M","$","?","M","M","R","M","R","T","E","R","M","M","M","R","B",null,"M","?","M","$","M","R","E","M","T","R","?","R","E","M","R","B",null,"M","M","$","M","M","R","E","M","T","M","R","M","R","?","R","B"],"character_chosen":"THE_SILENT","items_purchased":["Bronze Scales","Bouncing Flask","Leg Sweep","Membership Card","After Image","Cloak And Dagger","Escape Plan"],"campfire_rested":1,"item_purchase_floors":[2,2,21,37,37,37,37],"current_hp_per_floor":[59,59,59,59,59,59,59,59,59,57,57,57,56,56,56,30,57,44,44,38,38,44,44,46,46,53,53,53,53,49,43,43,29,47,44,40,40,14,20,35,38,46,46,53,53,53,53,53,53,51],"gold":0,"neow_bonus":"HUNDRED_GOLD","is_prod":false,"is_daily":false,"chose_seed":false,"campfire_upgraded":11,"win_rate":0,"timestamp":1539214090,"path_taken":["M","$","?","?","M","R","?","R","T","E","R","?","?","?","R","BOSS","M","?","M","$","?","R","E","M","T","R","?","R","E","?","R","BOSS","M","M","$","?","M","R","E","M","T","M","R","M","R","?","R","BOSS"],"build_version":"2018-10-04v2","purchased_purges":0,"victory":true,"max_hp_per_floor":[66,66,66,66,66,66,66,66,66,66,66,66,66,66,66,66,66,66,46,46,46,46,46,46,46,53,53,53,53,53,53,53,53,53,53,53,53,53,53,53,53,53,53,53,53,53,53,53,53,53],"card_choices":[{"not_picked":["Dodge and Roll","Distraction"],"picked":"Cloak And Dagger","floor":1.0},{"not_picked":["Slice","Underhanded Strike"],"picked":"Backstab","floor":4},{"not_picked":["Deadly Poison","Backflip"],"picked":"Dash","floor":5},{"not_picked":["Deflect","Prepared","Deadly Poison"],"picked":"SKIP","floor":7},{"not_picked":["Blade Dance","Deadly Poison"],"picked":"Caltrops","floor":10},{"not_picked":["Terror","PiercingWail"],"picked":"Venomology","floor":12},{"not_picked":["Dash","Infinite Blades"],"picked":"PiercingWail","floor":13},{"not_picked":["Skewer","Acrobatics"],"picked":"Sucker Punch","floor":14},{"not_picked":["Phantasmal Killer","Storm of Steel"],"picked":"Doppelganger","floor":16},{"not_picked":["Underhanded Strike","Acrobatics"],"picked":"Footwork+1","floor":18},{"not_picked":["Expertise","Skewer"],"picked":"Slice+1","floor":20},{"not_picked":["Setup","Deflect+1"],"picked":"Wraith Form v2","floor":22},{"not_picked":["Bane","Flying Knee"],"picked":"Heel Hook","floor":24},{"not_picked":["Dagger Spray","All Out Attack","Acrobatics"],"picked":"SKIP","floor":25},{"not_picked":["Poisoned Stab","Dodge and Roll"],"picked":"Heel Hook","floor":30},{"not_picked":["Flechettes","Underhanded Strike","Flying Knee"],"picked":"SKIP","floor":31},{"not_picked":["Tools of the Trade","Bullet Time"],"picked":"After Image","floor":33},{"not_picked":["Flying Knee","Underhanded Strike","Bane"],"picked":"SKIP","floor":35},{"not_picked":["Slice+1","PiercingWail"],"picked":"Finisher+1","floor":36},{"not_picked":["Accuracy","Poisoned Stab","Dagger Spray"],"picked":"SKIP","floor":38},{"not_picked":["Dagger Throw","Blade Dance","Flying Knee"],"picked":"SKIP","floor":39},{"not_picked":["Endless Agony","Dagger Throw","Prepared"],"picked":"SKIP","floor":41},{"not_picked":["Terror","Distraction"],"picked":"Blur+1","floor":42},{"not_picked":["Blur","Skewer"],"picked":"Heel Hook","floor":44},{"not_picked":["Prepared","PiercingWail"],"picked":"Backflip","floor":46}],"player_experience":842317,"relics_obtained":[{"floor":10,"key":"Paper Crane"},{"floor":24,"key":"PreservedInsect"},{"floor":26,"key":"Strawberry"},{"floor":30,"key":"Peace Pipe"},{"floor":41,"key":"Pocketwatch"},{"floor":43,"key":"Matryoshka"}],"event_choices":[{"event_name":"FaceTrader","player_choice":"Trade","floor":3,"damage_taken":0},{"event_name":"Vampires","player_choice":"Became a vampire","floor":19,"damage_taken":0},{"event_name":"Drug Dealer","player_choice":"Inject Mutagens","floor":28,"damage_taken":0},{"event_name":"Tomb of Lord Red Mask","player_choice":"Paid","floor":48,"damage_taken":0}],"is_beta":false,"boss_relics":[{"not_picked":["Empty Cage","Tiny House"],"picked":"WristBlade"},{"not_picked":["Lizard Tail","Ring of the Serpent"],"picked":"Astrolabe"}],"items_purged_floors":[],"is_endless":false,"potions_floor_spawned":[7,10,12,13,14,22,24,31,38,39,41,44],"ascension_level":15}