{"gold_per_floor":[118,72,22,35,48,48,78,78,105,130,145,145,145,158,158,262,262,281,327,340,357,82,117,117,145,145,179,190,105,105,105,105,202,202,218,228,228,228,244,244],"floor_reached":40,"playtime":3409,"items_purged":["Masterful Stab"],"score":527,"play_id":"e76582fe-21ec-46ac-a88f-80549b7c05a2","local_time":"20190716152406","is_ascension_mode":true,"campfire_choices":[{"data":"Acrobatics","floor":6,"key":"SMITH"},{"data":"Dash","floor":8,"key":"SMITH"},{"data":"Dash","floor":12,"key":"SMITH"},{"data":"Caltrops","floor":15,"key":"SMITH"},{"data":"Glass Knife","floor":24,"key":"SMITH"},{"floor":30,"key":"REST"},{"floor":32,"key":"REST"}],"neow_cost":"NONE","seed_source_timestamp":53892814718990,"circlet_count":0,"master_deck":["Strike_G","Strike_G","Strike_G","Defend_G","Defend_G","Defend_G","Defend_G","Defend_G","Survivor+1","Neutralize+1","Masterful Stab","Acrobatics+1","Terror+1","Dash+1","Dash+1","Caltrops+1","Glass Knife+1","Sucker Punch+1","Dash+1","Quick Slash+1","Noxious Fumes","RitualDagger","After Image","Dagger Throw+1","Enlightenment","Noxious Fumes+1"],"relics":["Ring of the Snake","PreservedInsect","Orichalcum","Potion Belt","Lizard Tail","Ancient Tea Set","DollysMirror","Centennial Puzzle","War Paint","Regal Pillow","Nunchaku","Tough Bandages","Runic Pyramid"],"potions_floor_usage":[7,20,23,27,27,27,27,33,36,36,36,39,39,39,39,40],"damage_taken":[{"damage":0,"enemies":"Small Slimes","floor":1,"turns":3},{"damage":0,"enemies":"Jaw Worm","floor":4,"turns":3},{"damage":0,"enemies":"Cultist","floor":5,"turns":3},{"damage":17,"enemies":"Lagavulin","floor":7,"turns":6},{"damage":8,"enemies":"3 Sentries","floor":10,"turns":6},{"damage":0,"enemies":"Lots of Slimes","floor":11,"turns":3},{"damage":0,"enemies":"Blue Slaver","floor":14,"turns":2},{"damage":9,"enemies":"Hexaghost","floor":16,"turns":9},{"damage":6,"enemies":"3 Byrds","floor":18,"turns":5},{"damage":7,"enemies":"Chosen","floor":20,"turns":4},{"damage":9,"enemies":"Shelled Parasite and Fungi","floor":21,"turns":6},{"damage":0,"enemies":"Gremlin Leader","floor":23,"turns":3},{"damage":5,"enemies":"Book of Stabbing","floor":25,"turns":3},{"damage":27,"enemies":"Slavers","floor":27,"turns":5},{"damage":7,"enemies":"3 Cultists","floor":28,"turns":4},{"damage":75,"enemies":"Collector","floor":33,"turns":9},{"damage":0,"enemies":"3 Shapes","floor":35,"turns":4},{"damage":11,"enemies":"3 Darklings","floor":36,"turns":2},{"damage":23,"enemies":"Transient","floor":39,"turns":5},{"damage":35,"enemies":"Reptomancer","floor":40,"turns":3}],"seed_played":"3456255610764828979","potions_obtained":[{"floor":1,"key":"AttackPotion"},{"floor":7,"key":"SteroidPotion"},{"floor":13,"key":"GamblersBrew"},{"floor":13,"key":"Swift Potion"},{"floor":13,"key":"Fire Potion"},{"floor":14,"key":"Strength Potion"},{"floor":18,"key":"Regen Potion"},{"floor":20,"key":"Swift Potion"},{"floor":25,"key":"SkillPotion"},{"floor":33,"key":"EntropicBrew"},{"floor":35,"key":"SkillPotion"},{"floor":39,"key":"EssenceOfSteel"}],"is_trial":false,"path_per_floor":["M","$","?","M","M","R","E","R","T","E","M","R","?","M","R","B",null,"M","T","M","M","$","E","R","E","T","E","M","?","R","?","R","B",null,"M","M","?","?","M","E"],"character_chosen":"THE_SILENT","items_purchased":["Acrobatics","DollysMirror"],"campfire_rested":2,"item_purchase_floors":[2,22],"current_hp_per_floor":[70,70,70,70,70,70,53,53,53,45,45,45,45,45,45,36,70,64,64,69,60,60,60,60,55,55,28,21,21,57,51,70,35,70,70,59,59,59,36,1],"gold":244,"neow_bonus":"UPGRADE_CARD","is_prod":false,"is_daily":false,"chose_seed":false,"campfire_upgraded":5,"win_rate":0,"timestamp":1563308646,"path_taken":["M","$","?","M","M","R","E","R","T","E","M","R","?","M","R","BOSS","M","?","?","M","$","E","R","E","T","E","M","?","R","?","R","BOSS","M","M","?","?","?","E"],"build_version":"2019-07-05","purchased_purges":1,"victory":false,"max_hp_per_floor":[70,70,70,70,70,70,70,70,70,70,70,70,70,70,70,70,70,70,70,70,70,70,70,70,70,70,70,70,70,70,70,70,70,70,70,70,70,70,70,70],"card_choices":[{"not_picked":["Slice","Flying Knee"],"picked":"Masterful Stab","floor":1},{"not_picked":["Underhanded Strike","Well Laid Plans"],"picked":"Masterful Stab","floor":4},{"not_picked":["Slice","Catalyst"],"picked":"Terror","floor":5},{"not_picked":["Eviscerate","Blur"],"picked":"Dash","floor":7},{"not_picked":["Calculated Gamble","Outmaneuver","Burst"],"picked":"SKIP","floor":10},{"not_picked":["Deadly Poison","Outmaneuver"],"picked":"Dash","floor":11},{"not_picked":["Backstab","Outmaneuver"],"picked":"Caltrops","floor":14},{"not_picked":["Phantasmal Killer","Bullet Time"],"picked":"Glass Knife","floor":16},{"not_picked":["Dagger Throw","Tactician","Backstab"],"picked":"SKIP","floor":18},{"not_picked":["Quick Slash","Cloak And Dagger","Dagger Throw+1"],"picked":"SKIP","floor":20},{"not_picked":["Eviscerate+1","PiercingWail"],"picked":"Sucker Punch+1","floor":21},{"not_picked":["Masterful Stab","Burst"],"picked":"Quick Slash+1","floor":23},{"not_picked":["Unload","Backstab"],"picked":"Noxious Fumes","floor":25},{"not_picked":["PiercingWail+1","Crippling Poison","Deflect+1"],"picked":"SKIP","floor":27},{"not_picked":["Terror","Dash+1","Infinite Blades"],"picked":"SKIP","floor":28},{"not_picked":["A Thousand Cuts","Storm of Steel"],"picked":"After Image","floor":33},{"not_picked":["Acrobatics+1","Backflip","Poisoned Stab+1"],"picked":"SKIP","floor":35},{"not_picked":["Dodge and Roll","Eviscerate+1"],"picked":"Dagger Throw+1","floor":36},{"not_picked":["Mind Blast","Good Instincts"],"picked":"Enlightenment","floor":37},{"not_picked":["Bane+1","Backflip+1"],"picked":"Noxious Fumes+1","floor":39}],"player_experience":99682,"relics_obtained":[{"floor":7,"key":"PreservedInsect"},{"floor":9,"key":"Orichalcum"},{"floor":10,"key":"Potion Belt"},{"floor":19,"key":"Ancient Tea Set"},{"floor":23,"key":"Centennial Puzzle"},{"floor":25,"key":"War Paint"},{"floor":26,"key":"Regal Pillow"},{"floor":27,"key":"Nunchaku"}],"event_choices":[{"cards_removed":["Strike_G"],"damage_healed":0,"gold_gain":0,"player_choice":"Card Removal","damage_taken":0,"max_hp_gain":0,"max_hp_loss":0,"event_name":"The Cleric","floor":3,"gold_loss":50},{"damage_healed":0,"gold_gain":0,"player_choice":"Got Potions","damage_taken":0,"max_hp_gain":0,"max_hp_loss":0,"event_name":"Lab","floor":13,"gold_loss":0},{"damage_healed":0,"gold_gain":0,"player_choice":"Obtained Relic","damage_taken":0,"relics_obtained":["Tough Bandages"],"max_hp_gain":0,"max_hp_loss":0,"event_name":"Addict","floor":29,"gold_loss":85},{"damage_healed":0,"gold_gain":0,"player_choice":"Joined the Cult","damage_taken":6,"max_hp_gain":0,"max_hp_loss":0,"event_name":"Nest","floor":31,"gold_loss":0,"cards_obtained":["RitualDagger"]},{"damage_healed":0,"gold_gain":0,"player_choice":"Memory 1","damage_taken":0,"max_hp_gain":0,"max_hp_loss":0,"event_name":"SensoryStone","floor":37,"gold_loss":0},{"cards_removed":["Strike_G"],"damage_healed":0,"gold_gain":0,"player_choice":"Purged","damage_taken":0,"max_hp_gain":0,"max_hp_loss":0,"event_name":"Purifier","floor":38,"gold_loss":0}],"is_beta":false,"boss_relics":[{"not_picked":["Orrery","Pandora\u0027s Box"],"picked":"Lizard Tail"},{"not_picked":["Runic Dome","HoveringKite"],"picked":"Runic Pyramid"}],"items_purged_floors":[22],"is_endless":false,"potions_floor_spawned":[1,7,14,18,20,25,33,35,39],"killed_by":"Reptomancer","ascension_level":2}