{"gold_per_floor":[143,68,87,105,118,118,143,143,193,221,221,244,244,244,244,375,375,394,409,443,443,443,443,457,457,484,308,326,326,124,141,141,141],"floor_reached":33,"playtime":2552,"items_purged":["Strike_B","Injury","Compile Driver"],"score":253,"play_id":"e25cd3c5-c4a5-477f-a6fd-7c9d6e765801","local_time":"20180625232504","is_ascension_mode":false,"campfire_choices":[{"data":"Genetic Algorithm","floor":6,"key":"SMITH"},{"data":"Buffer","floor":8,"key":"SMITH"},{"floor":11,"key":"REST"},{"data":"Tempest","floor":13,"key":"SMITH"},{"floor":15,"key":"REST"},{"floor":23,"key":"REST"},{"data":"Hologram","floor":25,"key":"SMITH"},{"data":"Defragment","floor":29,"key":"SMITH"},{"data":"Machine Learning","floor":32,"key":"SMITH"}],"neow_cost":"NONE","seed_source_timestamp":672521708217833,"circlet_count":0,"master_deck":["Zap","Dualcast","Coolheaded","White Noise","Genetic Algorithm+1","Sweeping Beam","Buffer+1","Tempest+1","Sunder","Reboot","Melter","Conserve Battery","Steam Power","Beam Cell","Coolheaded","Barrage","Beam Cell+1","Hologram+1","Ball Lightning+1","Loop+1","Creative AI","Defragment+1","Machine Learning+1"],"relics":["Cracked Core","Tiny Chest","Ornamental Fan","Whetstone","Regal Pillow","Odd Mushroom","Bloody Idol","Pandora\u0027s Box","Red Mask","Enchiridion","Anchor"],"potions_floor_usage":[7,7,10,28,33,33],"damage_taken":[{"damage":5,"enemies":"Small Slimes","floor":1,"turns":4},{"damage":0,"enemies":"2 Louse","floor":3,"turns":3},{"damage":11,"enemies":"Jaw Worm","floor":4,"turns":4},{"damage":14,"enemies":"Gremlin Gang","floor":5,"turns":6},{"damage":12,"enemies":"Lagavulin","floor":7,"turns":7},{"damage":17,"enemies":"Gremlin Nob","floor":10,"turns":5},{"damage":24,"floor":12,"turns":3},{"damage":40,"enemies":"The Guardian","floor":16,"turns":10},{"damage":27,"enemies":"2 Thieves","floor":18,"turns":4},{"damage":0,"enemies":"Spheric Guardian","floor":19,"turns":3},{"damage":8,"floor":20,"turns":4},{"damage":0,"enemies":"Centurion and Healer","floor":24,"turns":3},{"damage":12,"enemies":"Snake Plant","floor":28,"turns":5},{"damage":24,"enemies":"Cultist and Chosen","floor":31,"turns":6},{"damage":85,"enemies":"Collector","floor":33,"turns":7}],"seed_played":"-6896341364558066697","potions_obtained":[{"floor":3,"key":"FearPotion"},{"floor":5,"key":"Fire Potion"},{"floor":7,"key":"GamblersBrew"},{"floor":16,"key":"Ancient Potion"},{"floor":19,"key":"GamblersBrew"},{"floor":24,"key":"Regen Potion"},{"floor":28,"key":"SpeedPotion"}],"is_trial":false,"path_per_floor":["M","$","M","M","M","R","E","R","T","E","R","?","R","?","R","B",null,"M","M","?","?","?","R","M","R","T","$","M","R","$","M","R"],"character_chosen":"DEFECT","items_purchased":["Creative AI","Machine Learning"],"campfire_rested":3,"item_purchase_floors":[27,30],"current_hp_per_floor":[70,70,70,59,45,45,33,33,33,16,53,29,29,29,66,26,75,48,48,40,24,24,61,66,66,71,71,75,75,75,63,63,0],"gold":141,"neow_bonus":"RANDOM_COMMON_RELIC","is_prod":false,"is_daily":false,"chose_seed":false,"campfire_upgraded":6,"win_rate":0,"timestamp":1529983504,"path_taken":["M","$","M","M","M","R","E","R","T","E","R","?","R","?","R","BOSS","M","M","?","?","?","R","?","R","T","$","M","R","$","M","R","BOSS"],"build_version":"2018-06-21v2","purchased_purges":3,"victory":false,"max_hp_per_floor":[75,75,75,75,75,75,75,75,75,75,75,75,75,75,75,75,75,75,75,75,75,75,75,75,75,75,75,75,75,75,75,75,75],"card_choices":[{"not_picked":["Heatsinks","Compile Driver"],"picked":"Coolheaded","floor":1},{"not_picked":["Hello World","Rebound"],"picked":"White Noise","floor":3},{"not_picked":["Leap","Sweeping Beam"],"picked":"Genetic Algorithm","floor":4},{"not_picked":["Rebound","Stack"],"picked":"Sweeping Beam","floor":5},{"not_picked":["Chill","Redo"],"picked":"Buffer","floor":7},{"not_picked":["White Noise","Meteor Strike"],"picked":"Tempest","floor":10},{"not_picked":["Cold Snap","Stack"],"picked":"Sunder","floor":12},{"not_picked":["All For One","Biased Cognition"],"picked":"Reboot","floor":16},{"not_picked":["Steam Power","Streamline+1"],"picked":"Beam Cell+1","floor":18},{"not_picked":["Go for the Eyes","Cold Snap+1"],"picked":"Hologram","floor":19},{"not_picked":["Leap+1","Hologram"],"picked":"Ball Lightning+1","floor":20},{"not_picked":["Beam Cell","Coolheaded+1"],"picked":"Loop+1","floor":24},{"not_picked":["Sweeping Beam","Ball Lightning+1"],"picked":"Defragment","floor":28},{"not_picked":["Go for the Eyes+1","Genetic Algorithm+1","Biased Cognition"],"picked":"SKIP","floor":31}],"player_experience":69181,"relics_obtained":[{"floor":7,"key":"Ornamental Fan"},{"floor":9,"key":"Whetstone"},{"floor":10,"key":"Regal Pillow"},{"floor":12,"key":"Odd Mushroom"},{"floor":20,"key":"Red Mask"},{"floor":21,"key":"Enchiridion"},{"floor":26,"key":"Anchor"}],"event_choices":[{"event_name":"Mushrooms","player_choice":"Fought Mushrooms","floor":12,"damage_taken":0},{"event_name":"Golden Idol","player_choice":"Take Wound","floor":14,"damage_taken":0},{"event_name":"Masked Bandits","player_choice":"Fought over 409 gold","floor":20,"damage_taken":0},{"event_name":"Cursed Tome","player_choice":"Obtained Book","floor":21,"damage_taken":0},{"event_name":"Forgotten Altar","player_choice":"Gave Idol","floor":22,"damage_taken":0}],"boss_relics":[{"not_picked":["Orrery","Tiny House"],"picked":"Pandora\u0027s Box"}],"items_purged_floors":[2,27,30],"is_endless":false,"potions_floor_spawned":[3,5,7,16,19,24,28],"killed_by":"Collector","ascension_level":0}