{"gold_per_floor":[109,127,1,1,1,1,1,19,19,29,29,39,39,39,39,144,144,144,144,44,59,59,59,0,0,0,0,0,26,26,36,36,131,131,146,72,72,88,88],"floor_reached":39,"playtime":1861,"items_purged":["Strike_G","Defend_G"],"score":453,"play_id":"d1da5173-69a7-4bb7-9b0f-a0beaab16fd7","local_time":"20190717052727","is_ascension_mode":true,"campfire_choices":[{"floor":6,"key":"REST"},{"data":"Quick Slash","floor":11,"key":"SMITH"},{"data":"Envenom","floor":13,"key":"SMITH"},{"data":"Backflip","floor":15,"key":"SMITH"},{"floor":23,"key":"REST"},{"data":"Quick Slash","floor":27,"key":"SMITH"},{"floor":30,"key":"REST"},{"data":"Backflip","floor":32,"key":"SMITH"}],"neow_cost":"NONE","seed_source_timestamp":45821620047652,"circlet_count":0,"master_deck":["Defend_G","Defend_G","Defend_G","Defend_G","Survivor","Neutralize","Backflip+1","Backflip+1","Flying Knee","Quick Slash+1","Backflip","Envenom+1","Bouncing Flask","Grand Finale","Bite","Bite","Bite","Bite","Bite","Escape Plan","Quick Slash+1","Footwork+1","Grand Finale","Dagger Spray+1","Footwork"],"relics":["Ring of the Snake","Ancient Tea Set","Tingsha","Ornamental Fan","Shuriken","Sozu","Question Card","Letter Opener","Bottled Flame","Lizard Tail"],"potions_floor_usage":[16],"damage_taken":[{"damage":4,"enemies":"Small Slimes","floor":1,"turns":4},{"damage":1,"enemies":"2 Louse","floor":2,"turns":4},{"damage":0,"enemies":"Cultist","floor":8,"turns":3},{"damage":6,"enemies":"3 Louse","floor":10,"turns":3},{"damage":3,"enemies":"Red Slaver","floor":12,"turns":4},{"damage":40,"enemies":"The Guardian","floor":16,"turns":11},{"damage":27,"enemies":"3 Byrds","floor":18,"turns":5},{"damage":13,"enemies":"Shell Parasite","floor":21,"turns":7},{"damage":25,"enemies":"Cultist and Chosen","floor":22,"turns":7},{"damage":0,"enemies":"Snecko","floor":25,"turns":3},{"damage":23,"enemies":"Slavers","floor":29,"turns":3},{"damage":2,"enemies":"3 Cultists","floor":31,"turns":5},{"damage":37,"enemies":"Automaton","floor":33,"turns":13},{"damage":0,"enemies":"3 Shapes","floor":35,"turns":6},{"damage":46,"enemies":"3 Darklings","floor":38,"turns":6},{"damage":71,"enemies":"Transient","floor":39,"turns":5}],"seed_played":"907869878906127274","potions_obtained":[{"floor":1,"key":"GamblersBrew"},{"floor":10,"key":"SkillPotion"}],"is_trial":false,"path_per_floor":["M","M","$","?","?","R","?","M","T","M","R","M","R","?","R","B",null,"M","?","$","M","M","R","?","M","T","R","T","E","R","M","R","B",null,"M","$","?","M","M"],"character_chosen":"THE_SILENT","items_purchased":["Flying Knee","Footwork"],"campfire_rested":3,"item_purchase_floors":[3,36],"current_hp_per_floor":[66,65,65,65,47,68,68,68,68,62,62,59,59,59,59,19,70,43,43,43,45,31,45,45,49,49,49,49,26,40,49,49,35,49,49,49,47,11,0],"gold":88,"neow_bonus":"RANDOM_COMMON_RELIC","is_prod":false,"is_daily":false,"chose_seed":false,"campfire_upgraded":5,"win_rate":0,"timestamp":1563359247,"path_taken":["M","M","$","?","?","R","?","?","T","M","R","M","R","?","R","BOSS","M","?","$","M","M","R","?","M","T","R","?","E","R","M","R","BOSS","M","$","?","M","M"],"build_version":"2019-07-05","purchased_purges":2,"victory":false,"max_hp_per_floor":[70,70,70,70,70,70,70,70,70,70,70,70,70,70,70,70,70,70,49,49,49,49,49,49,49,49,49,49,49,49,49,49,49,49,49,49,47,47,47],"card_choices":[{"not_picked":["Infinite Blades","Poisoned Stab"],"picked":"Backflip","floor":1},{"not_picked":["Expertise","Slice"],"picked":"Backflip","floor":2},{"not_picked":["Deadly Poison","Blade Dance"],"picked":"Quick Slash","floor":8},{"not_picked":["Poisoned Stab","Predator"],"picked":"Backflip","floor":10},{"not_picked":["Heel Hook","Dagger Spray"],"picked":"Envenom","floor":12},{"not_picked":["Doppelganger","Unload"],"picked":"Grand Finale","floor":16},{"not_picked":["Bouncing Flask","Predator","Concentrate"],"picked":"SKIP","floor":18},{"not_picked":["Poisoned Stab","Tactician"],"picked":"Escape Plan","floor":21},{"not_picked":["Tactician","Noxious Fumes+1"],"picked":"Quick Slash","floor":22},{"not_picked":["PiercingWail","Tactician"],"picked":"Footwork+1","floor":25},{"not_picked":["Burst","Blade Dance+1","Flying Knee","Crippling Poison"],"picked":"SKIP","floor":29},{"not_picked":["Dodge and Roll","All Out Attack","Catalyst","Riddle With Holes"],"picked":"SKIP","floor":31},{"not_picked":["Die Die Die","Adrenaline","Phantasmal Killer"],"picked":"Grand Finale","floor":33},{"not_picked":["Crippling Poison","Underhanded Strike","Skewer+1"],"picked":"Dagger Spray+1","floor":35},{"not_picked":["Slice","Sucker Punch+1","Poisoned Stab+1","Dagger Throw+1"],"picked":"SKIP","floor":38}],"player_experience":121834,"relics_obtained":[{"floor":9,"key":"Shuriken"},{"floor":26,"key":"Question Card"},{"floor":28,"key":"Letter Opener"},{"floor":29,"key":"Bottled Flame"}],"event_choices":[{"damage_healed":0,"gold_gain":0,"player_choice":"Ignored","damage_taken":0,"max_hp_gain":0,"max_hp_loss":0,"event_name":"Shining Light","floor":4,"gold_loss":0},{"damage_healed":0,"gold_gain":0,"player_choice":"Success","damage_taken":18,"relics_obtained":["Tingsha"],"max_hp_gain":0,"max_hp_loss":0,"event_name":"Scrap Ooze","floor":5,"gold_loss":0},{"damage_healed":0,"gold_gain":0,"player_choice":"Gave Potion","damage_taken":0,"relics_obtained":["Ornamental Fan"],"max_hp_gain":0,"max_hp_loss":0,"event_name":"WeMeetAgain","floor":7,"gold_loss":0},{"damage_healed":0,"gold_gain":0,"cards_transformed":["Strike_G"],"player_choice":"Transformed","damage_taken":0,"max_hp_gain":0,"max_hp_loss":0,"event_name":"Transmorgrifier","floor":14,"gold_loss":0,"cards_obtained":["Bouncing Flask"]},{"damage_healed":0,"gold_gain":0,"player_choice":"Became a vampire","damage_taken":0,"max_hp_gain":0,"max_hp_loss":21,"event_name":"Vampires","floor":19,"gold_loss":0,"cards_obtained":["Bite","Bite","Bite","Bite","Bite"]},{"damage_healed":0,"gold_gain":0,"player_choice":"Paid Fearfully","damage_taken":0,"max_hp_gain":0,"max_hp_loss":0,"event_name":"Masked Bandits","floor":24,"gold_loss":59},{"damage_healed":0,"gold_gain":0,"player_choice":"Max HP","damage_taken":0,"max_hp_gain":0,"max_hp_loss":2,"event_name":"Winding Halls","floor":37,"gold_loss":0}],"is_beta":false,"boss_relics":[{"not_picked":["Empty Cage","Fusion Hammer"],"picked":"Sozu"},{"not_picked":["Eternal Feather","Runic Dome"],"picked":"Lizard Tail"}],"items_purged_floors":[3,20],"is_endless":false,"potions_floor_spawned":[1,10,18,29,33,35],"killed_by":"Transient","ascension_level":2}