{"gold_per_floor":[115,134,145,145,161,190,190,190,220,4,4,38,38,49,49,125,125,144,144,144,156,166,193,193,225,225,239,258,285,302,29,29,106,106,126,126,143,43,53,53,82,96,96,129,143,159,185,199,199,199,199,199,8,39,39],"floor_reached":55,"playtime":2891,"items_purged":["Strike_R"],"score":1529,"play_id":"dbc6d431-a5cf-45f2-96e1-a3fbcaa5bd70","local_time":"20190716180124","is_ascension_mode":true,"campfire_choices":[{"data":"Armaments","floor":8,"key":"SMITH"},{"data":"Combust","floor":11,"key":"SMITH"},{"data":"Bash","floor":13,"key":"SMITH"},{"data":"Battle Trance","floor":15,"key":"SMITH"},{"floor":24,"key":"REST"},{"data":"Armaments","floor":32,"key":"SMITH"},{"floor":40,"key":"RECALL"},{"data":"Feel No Pain","floor":49,"key":"SMITH"},{"data":"Fiend Fire","floor":52,"key":"SMITH"}],"neow_cost":"NONE","seed_source_timestamp":602863595560097,"circlet_count":0,"master_deck":["AscendersBane","Strike_R","Strike_R","Strike_R","Defend_R","Defend_R","Defend_R","Defend_R","Bash+1","Perfected Strike","Anger","Exhume","Infernal Blade","Armaments+1","Combust+1","Battle Trance+1","Shrug It Off","Fiend Fire+1","Flame Barrier","Disarm","Immolate","Shockwave","Shrug It Off+1","Corruption","Pommel Strike","Armaments+1","Iron Wave","Demon Form","Feel No Pain+1","Immolate","Shrug It Off","True Grit","Feed","Warcry","Shrug It Off+1","Battle Trance+1","Corruption","Power Through+1","Shockwave+1"],"relics":["Burning Blood","Blood Vial","Mummified Hand","Tiny Chest","PreservedInsect","Omamori","Sozu","Art of War","Mercury Hourglass","Letter Opener","Medical Kit","Runic Pyramid","Lantern","Bottled Flame","Paper Frog","Toxic Egg 2","Turnip","Red Skull","Pantograph"],"potions_floor_usage":[5,6,6,54],"damage_taken":[{"damage":7,"enemies":"Jaw Worm","floor":1,"turns":4},{"damage":0,"enemies":"Small Slimes","floor":2,"turns":3},{"damage":0,"enemies":"Cultist","floor":3,"turns":3},{"damage":8,"enemies":"Red Slaver","floor":5,"turns":3},{"damage":20,"enemies":"Lagavulin","floor":6,"turns":5},{"damage":13,"enemies":"Gremlin Nob","floor":12,"turns":3},{"damage":7,"enemies":"Lots of Slimes","floor":14,"turns":2},{"damage":18,"enemies":"Slime Boss","floor":16,"turns":8},{"damage":17,"enemies":"Shell Parasite","floor":18,"turns":5},{"damage":6,"enemies":"2 Thieves","floor":21,"turns":4},{"damage":0,"enemies":"Snecko","floor":22,"turns":3},{"damage":53,"enemies":"Gremlin Leader","floor":23,"turns":5},{"damage":15,"enemies":"Book of Stabbing","floor":25,"turns":4},{"damage":12,"enemies":"Snake Plant","floor":27,"turns":4},{"damage":2,"enemies":"Shelled Parasite and Fungi","floor":28,"turns":6},{"damage":8,"enemies":"Slavers","floor":29,"turns":2},{"damage":0,"enemies":"Snecko","floor":30,"turns":3},{"damage":37,"enemies":"Collector","floor":33,"turns":8},{"damage":0,"enemies":"3 Shapes","floor":35,"turns":2},{"damage":0,"enemies":"Orb Walker","floor":37,"turns":3},{"damage":18,"enemies":"4 Shapes","floor":39,"turns":5},{"damage":0,"enemies":"Giant Head","floor":41,"turns":5},{"damage":2,"enemies":"3 Darklings","floor":42,"turns":3},{"damage":19,"enemies":"Reptomancer","floor":44,"turns":4},{"damage":0,"enemies":"Maw","floor":45,"turns":5},{"damage":5,"enemies":"Transient","floor":46,"turns":5},{"damage":4,"enemies":"Nemesis","floor":47,"turns":5},{"damage":8,"enemies":"4 Shapes","floor":48,"turns":2},{"damage":36,"enemies":"Time Eater","floor":50,"turns":7},{"damage":53,"enemies":"Shield and Spear","floor":54,"turns":4},{"damage":76,"enemies":"The Heart","floor":55,"turns":9}],"seed_played":"5535997198953127706","potions_obtained":[{"floor":2,"key":"SkillPotion"},{"floor":3,"key":"Poison Potion"},{"floor":5,"key":"GamblersBrew"},{"floor":6,"key":"Dexterity Potion"}],"is_trial":false,"path_per_floor":["M","M","M","?","M","E","?","R","T","$","R","E","R","M","R","B",null,"M","?","?","M","M","E","R","E","T","M","M","E","M","$","R","B",null,"M","T","M","$","M","R","E","M","T","E","M","M","E","M","R","B",null,"R","$","E","B"],"character_chosen":"IRONCLAD","items_purchased":["PreservedInsect","Combust","Feel No Pain","Medical Kit","True Grit","Shockwave+1","Red Skull"],"campfire_rested":1,"item_purchase_floors":[10,10,31,31,38,53,53],"current_hp_per_floor":[74,80,82,75,73,59,33,33,33,33,33,28,28,29,29,19,66,57,57,57,59,67,22,46,39,39,35,41,41,49,49,49,20,67,75,75,82,82,70,70,78,82,82,73,81,84,90,92,92,67,90,90,90,49,0],"gold":39,"neow_bonus":"TEN_PERCENT_HP_BONUS","is_prod":false,"is_daily":false,"chose_seed":false,"campfire_upgraded":7,"win_rate":0,"timestamp":1563314484,"path_taken":["M","M","M","?","M","E","?","R","T","$","R","E","R","M","R","BOSS","M","?","?","M","M","E","R","E","T","M","M","E","M","$","R","BOSS","M","?","M","$","M","R","E","M","T","E","?","M","E","M","R","BOSS","R","$","E","BOSS"],"build_version":"2019-07-05","purchased_purges":1,"victory":false,"max_hp_per_floor":[82,82,82,82,82,82,82,82,82,82,82,82,82,82,82,82,82,82,82,82,82,82,82,82,82,82,82,82,82,82,82,82,82,82,82,82,82,82,82,82,82,82,82,86,86,86,90,94,94,97,97,97,97,101,101],"card_choices":[{"not_picked":["Thunderclap","Heavy Blade"],"picked":"Perfected Strike","floor":1},{"not_picked":["Headbutt","Twin Strike"],"picked":"Anger","floor":2},{"not_picked":["Headbutt","Pommel Strike"],"picked":"Exhume","floor":3},{"not_picked":["Warcry","Sword Boomerang"],"picked":"Infernal Blade","floor":5},{"not_picked":["Perfected Strike","Bloodletting"],"picked":"Armaments","floor":6},{"not_picked":["Carnage","Warcry"],"picked":"Battle Trance","floor":12},{"not_picked":["Rage","Bloodletting"],"picked":"Shrug It Off","floor":14},{"not_picked":["Reaper","Dark Embrace"],"picked":"Fiend Fire","floor":16},{"not_picked":["Cleave","Havoc"],"picked":"Flame Barrier","floor":18},{"not_picked":["Whirlwind","Clothesline"],"picked":"Shockwave","floor":21},{"not_picked":["Clothesline","Headbutt"],"picked":"Shrug It Off+1","floor":22},{"not_picked":["Thunderclap","Twin Strike"],"picked":"Corruption","floor":23},{"not_picked":["Flex","Whirlwind"],"picked":"Pommel Strike","floor":25},{"not_picked":["Fire Breathing","Clothesline"],"picked":"Armaments","floor":27},{"not_picked":["Sever Soul","Clash"],"picked":"Iron Wave","floor":28},{"not_picked":["Bloodletting","Twin Strike","Pummel"],"picked":"SKIP","floor":29},{"not_picked":["Twin Strike","Armaments+1"],"picked":"Demon Form","floor":30},{"not_picked":["Demon Form","Double Tap"],"picked":"Immolate","floor":33},{"not_picked":["Ghostly Armor","Carnage"],"picked":"Shrug It Off","floor":35},{"not_picked":["Clash","Heavy Blade","Perfected Strike+1"],"picked":"SKIP","floor":37},{"not_picked":["Clothesline","Iron Wave","Thunderclap"],"picked":"SKIP","floor":39},{"not_picked":["Demon Form","Reckless Charge"],"picked":"Feed","floor":41},{"not_picked":["Pommel Strike","Carnage"],"picked":"Warcry","floor":42},{"not_picked":["Rage","Sword Boomerang"],"picked":"Shrug It Off","floor":44},{"not_picked":["Shrug It Off+1","Corruption"],"picked":"Battle Trance+1","floor":45},{"not_picked":["Heavy Blade","Shrug It Off+1"],"picked":"Corruption","floor":46},{"not_picked":["Entrench+1","Demon Form"],"picked":"Power Through+1","floor":47},{"not_picked":["Rampage","Headbutt","Heavy Blade"],"picked":"SKIP","floor":48},{"not_picked":["Blood for Blood","Rampage+1","Cleave"],"picked":"SKIP","floor":54}],"player_experience":1506963,"relics_obtained":[{"floor":6,"key":"Blood Vial"},{"floor":9,"key":"Tiny Chest"},{"floor":12,"key":"Omamori"},{"floor":23,"key":"Art of War"},{"floor":25,"key":"Mercury Hourglass"},{"floor":29,"key":"Letter Opener"},{"floor":36,"key":"Lantern"},{"floor":41,"key":"Bottled Flame"},{"floor":43,"key":"Paper Frog"},{"floor":44,"key":"Toxic Egg 2"},{"floor":47,"key":"Turnip"},{"floor":54,"key":"Pantograph"}],"event_choices":[{"cards_removed":["Strike_R"],"damage_healed":0,"gold_gain":0,"player_choice":"Card Removal","damage_taken":7,"max_hp_gain":0,"max_hp_loss":0,"event_name":"Golden Wing","floor":4,"gold_loss":0},{"damage_healed":0,"gold_gain":0,"player_choice":"Success","damage_taken":26,"relics_obtained":["Mummified Hand"],"max_hp_gain":0,"max_hp_loss":0,"event_name":"Scrap Ooze","floor":7,"gold_loss":0},{"damage_healed":0,"gold_gain":0,"player_choice":"Read","damage_taken":0,"max_hp_gain":0,"max_hp_loss":0,"event_name":"The Library","floor":19,"gold_loss":0,"cards_obtained":["Disarm"]},{"damage_healed":0,"gold_gain":0,"player_choice":"1 cards matched","damage_taken":0,"max_hp_gain":0,"max_hp_loss":0,"event_name":"Match and Keep!","floor":20,"gold_loss":0,"cards_obtained":["Immolate"]}],"is_beta":false,"boss_relics":[{"not_picked":["Runic Dome","Pandora\u0027s Box"],"picked":"Sozu"},{"not_picked":["Busted Crown","Eternal Feather"],"picked":"Runic Pyramid"}],"items_purged_floors":[38],"is_endless":false,"potions_floor_spawned":[2,3,5,6,21,22,29,30,33,35,46,47],"killed_by":"The Heart","ascension_level":15}