{"gold_per_floor":[117,135,36,56,56,56,71,71,71,83,100,100,127,143,143,221,221,238,238,248,104,121,121,151,168,168,168,88,88],"floor_reached":29,"playtime":1124,"items_purged":["Strike_B","Strike_B"],"score":594,"play_id":"f1591789-42be-42b7-b517-1ed8d1dd75ee","local_time":"20190712145034","is_ascension_mode":true,"campfire_choices":[{"data":"Defragment","floor":6,"key":"SMITH"},{"data":"Zap","floor":8,"key":"SMITH"},{"data":"Conserve Battery","floor":12,"key":"SMITH"},{"data":"Defragment","floor":15,"key":"SMITH"},{"data":"Self Repair","floor":23,"key":"SMITH"},{"data":"Capacitor","floor":27,"key":"SMITH"}],"neow_cost":"NONE","seed_source_timestamp":247571282380158,"circlet_count":0,"master_deck":["AscendersBane","Strike_B","Defend_B","Defend_B","Defend_B","Defend_B","Zap+1","Dualcast","Defragment+1","Cold Snap","Compile Driver","Lockon","Self Repair+1","Ball Lightning","Conserve Battery+1","Compile Driver","Defragment+1","Meteor Strike","Cold Snap+1","Capacitor+1","Leap+1","Double Energy+1","Darkness+1"],"relics":["Cracked Core","Gremlin Horn","Coffee Dripper","Toxic Egg 2","Darkstone Periapt"],"potions_floor_usage":[14,16,20,24,29],"damage_taken":[{"damage":1,"enemies":"Cultist","floor":1,"turns":3},{"damage":15,"enemies":"Small Slimes","floor":2,"turns":4},{"damage":5,"enemies":"Jaw Worm","floor":4,"turns":4},{"damage":11,"enemies":"Lots of Slimes","floor":7,"turns":3},{"damage":14,"enemies":"3 Louse","floor":10,"turns":3},{"damage":7,"enemies":"Looter","floor":11,"turns":3},{"damage":6,"enemies":"Lagavulin","floor":13,"turns":5},{"damage":0,"enemies":"Gremlin Gang","floor":14,"turns":4},{"damage":0,"enemies":"Slime Boss","floor":16,"turns":6},{"damage":6,"enemies":"3 Byrds","floor":18,"turns":3},{"damage":29,"enemies":"2 Thieves","floor":20,"turns":4},{"damage":12,"enemies":"Snecko","floor":22,"turns":4},{"damage":41,"enemies":"Slavers","floor":24,"turns":5},{"damage":19,"enemies":"Chosen and Byrds","floor":25,"turns":5},{"damage":7,"enemies":"Book of Stabbing","floor":29,"turns":1}],"seed_played":"3856550931696326056","potions_obtained":[{"floor":7,"key":"Ancient Potion"},{"floor":10,"key":"Dexterity Potion"},{"floor":13,"key":"PowerPotion"},{"floor":14,"key":"Fire Potion"},{"floor":16,"key":"LiquidBronze"},{"floor":18,"key":"PowerPotion"},{"floor":22,"key":"GamblersBrew"}],"is_trial":false,"path_per_floor":["M","M","$","M","?","R","M","R","T","M","M","R","E","M","R","B",null,"M","?","M","$","M","R","E","M","T","R","$","E"],"character_chosen":"DEFECT","items_purchased":["Compile Driver","Capacitor","Darkness+1"],"campfire_rested":0,"item_purchase_floors":[3,21,28],"current_hp_per_floor":[70,55,55,50,50,50,39,39,39,25,25,25,26,33,33,40,69,70,78,63,63,51,51,20,1,1,1,1,0],"gold":88,"neow_bonus":"TEN_PERCENT_HP_BONUS","is_prod":false,"is_daily":false,"chose_seed":false,"campfire_upgraded":6,"win_rate":0,"timestamp":1562957434,"path_taken":["M","M","$","M","?","R","?","R","T","M","M","R","E","M","R","BOSS","M","?","M","$","?","R","E","M","T","R","$","E"],"build_version":"2019-07-05","purchased_purges":2,"victory":false,"max_hp_per_floor":[78,78,78,78,78,78,78,78,78,78,78,78,78,78,78,78,78,78,78,78,78,78,78,78,78,78,78,78,78],"card_choices":[{"not_picked":["Go for the Eyes","Hologram"],"picked":"Defragment","floor":1},{"not_picked":["Rip and Tear","Stack"],"picked":"Cold Snap","floor":2},{"not_picked":["Skim","Aggregate"],"picked":"Rip and Tear","floor":4},{"not_picked":["Redo","Stack"],"picked":"Self Repair","floor":7},{"not_picked":["Beam Cell","Thunder Strike"],"picked":"Ball Lightning","floor":10},{"not_picked":["Turbo","Barrage"],"picked":"Conserve Battery","floor":11},{"not_picked":["Melter","Machine Learning"],"picked":"Compile Driver","floor":13},{"not_picked":["Loop","Reinforced Body"],"picked":"Defragment","floor":14},{"not_picked":["Thunder Strike","Reboot"],"picked":"Meteor Strike","floor":16},{"not_picked":["Hello World+1","Aggregate","Heatsinks"],"picked":"SKIP","floor":18},{"not_picked":["Auto Shields","Rip and Tear"],"picked":"Cold Snap+1","floor":20},{"not_picked":["Sweeping Beam","Melter","Hello World"],"picked":"SKIP","floor":22},{"not_picked":["Streamline","Heatsinks"],"picked":"Leap+1","floor":24},{"not_picked":["Genetic Algorithm+1","FTL+1"],"picked":"Double Energy+1","floor":25}],"player_experience":1475594,"relics_obtained":[{"floor":13,"key":"Gremlin Horn"},{"floor":24,"key":"Toxic Egg 2"},{"floor":26,"key":"Darkstone Periapt"}],"event_choices":[{"damage_healed":0,"gold_gain":0,"cards_transformed":["Strike_B"],"player_choice":"Transformed","damage_taken":0,"max_hp_gain":0,"max_hp_loss":0,"event_name":"Transmorgrifier","floor":5,"gold_loss":0,"cards_obtained":["Lockon"]},{"cards_removed":["Rip and Tear"],"damage_healed":8,"gold_gain":0,"player_choice":"Offered Uncommon","damage_taken":0,"max_hp_gain":0,"max_hp_loss":0,"event_name":"Bonfire Elementals","floor":19,"gold_loss":0}],"is_beta":false,"boss_relics":[{"not_picked":["Eternal Feather","White Beast Statue"],"picked":"Coffee Dripper"}],"items_purged_floors":[3,21],"is_endless":false,"potions_floor_spawned":[7,10,13,14,16,18,22],"killed_by":"Book of Stabbing","ascension_level":20}