{"gold_per_floor":[109,125,137,153,153,153,189,189,189,189,189,233,266,266,266,360,360,375,390,157,184,207,207,241,253,290,338,350,362,392,163,163,259,259,279,298,318,95,111,111,68,68,92,117,156,177,177,67,67,67,67,67,67,12,56,56],"floor_reached":56,"playtime":2826,"items_purged":["Strike_B"],"score":1981,"play_id":"8b714dbf-9cae-435c-8801-f64f7449706e","local_time":"20181120131239","is_ascension_mode":true,"campfire_choices":[{"data":"Zap","floor":6.0,"key":"SMITH"},{"data":"Defragment","floor":8.0,"key":"SMITH"},{"floor":11.0,"key":"REST"},{"floor":15.0,"key":"REST"},{"data":"Buffer","floor":23.0,"key":"SMITH"},{"data":"Loop","floor":25.0,"key":"SMITH"},{"floor":28.0,"key":"REST"},{"floor":32.0,"key":"REST"},{"data":"Defragment","floor":40.0,"key":"SMITH"},{"data":"Static Discharge","floor":42.0,"key":"SMITH"},{"floor":47.0,"key":"RECALL"},{"data":"Go for the Eyes","floor":49.0,"key":"SMITH"},{"data":"Strike_B","floor":53.0,"key":"PURGE"}],"neow_cost":"NONE","seed_source_timestamp":520537940167615,"circlet_count":0,"master_deck":["AscendersBane","Defend_B","Defend_B","Defend_B","Defend_B","Zap+1","Dualcast","Compile Driver","Ball Lightning","Cold Snap","Buffer+1","Defragment+1","Compile Driver","Cold Snap","Melter","Electrodynamics","Hologram","Coolheaded+1","BootSequence","Loop+1","Defragment+1","Redo+1","Static Discharge+1","Seek","Defragment+1","Capacitor","Go for the Eyes+1","Coolheaded+1","Defragment"],"special_seed":0,"relics":["Cracked Core","Pen Nib","Golden Idol","Bird Faced Urn","Symbiotic Virus","Mercury Hourglass","Peace Pipe","Odd Mushroom","Nuclear Battery","Tiny Chest","Bag of Preparation","MawBank","Strawberry","Unceasing Top","Dream Catcher","Inserter","ClockworkSouvenir","Regal Pillow","Orichalcum","Smiling Mask"],"potions_floor_usage":[56,56],"damage_taken":[{"damage":8.0,"enemies":"Small Slimes","floor":1.0,"turns":3.0},{"damage":2.0,"enemies":"Jaw Worm","floor":2.0,"turns":3.0},{"damage":0.0,"enemies":"2 Louse","floor":3.0,"turns":2.0},{"damage":18.0,"enemies":"Exordium Thugs","floor":4.0,"turns":5.0},{"damage":8.0,"enemies":"Lagavulin","floor":7.0,"turns":6.0},{"damage":15.0,"enemies":"3 Sentries","floor":12.0,"turns":4.0},{"damage":11.0,"enemies":"The Mushroom Lair","floor":13.0,"turns":3.0},{"damage":29.0,"enemies":"Hexaghost","floor":16.0,"turns":10.0},{"damage":11.0,"enemies":"2 Thieves","floor":18.0,"turns":3.0},{"damage":2.0,"enemies":"3 Byrds","floor":19.0,"turns":2.0},{"damage":0.0,"enemies":"Snecko","floor":22.0,"turns":4.0},{"damage":6.0,"enemies":"Gremlin Leader","floor":24.0,"turns":5.0},{"damage":54.0,"enemies":"Book of Stabbing","floor":27.0,"turns":5.0},{"damage":22.0,"enemies":"Snake Plant","floor":30.0,"turns":5.0},{"damage":8.0,"enemies":"Champ","floor":33.0,"turns":12.0},{"damage":6.0,"enemies":"3 Darklings","floor":35.0,"turns":6.0},{"damage":4.0,"enemies":"3 Shapes","floor":36.0,"turns":5.0},{"damage":36.0,"enemies":"Jaw Worm Horde","floor":37.0,"turns":4.0},{"damage":13.0,"enemies":"Spire Growth","floor":39.0,"turns":5.0},{"damage":0.0,"enemies":"Maw","floor":44.0,"turns":6.0},{"damage":0.0,"enemies":"Nemesis","floor":45.0,"turns":7.0},{"damage":0.0,"enemies":"Sphere and 2 Shapes","floor":46.0,"turns":4.0},{"damage":29.0,"enemies":"Donu and Deca","floor":50.0,"turns":6.0},{"damage":39.0,"enemies":"Awakened One","floor":51.0,"turns":21.0},{"damage":75,"enemies":"Shield and Spear","floor":55,"turns":6},{"damage":30,"enemies":"The Heart","floor":56,"turns":5}],"seed_played":"9015242800786639938","potions_obtained":[{"floor":3.0,"key":"SteroidPotion"},{"floor":13.0,"key":"Regen Potion"},{"floor":16.0,"key":"SpeedPotion"},{"floor":22.0,"key":"SpeedPotion"}],"is_trial":false,"path_per_floor":["M","M","M","M","?","R","E","R","T","?","R","E","?","?","R","B",null,"M","M","$","T","M","R","E","R","T","E","R","T","M","$","R","B",null,"M","M","M","$","M","R","$","R","T","M","E","M","R","?","R","B","B",null,"R","$","E","B"],"character_chosen":"DEFECT","items_purchased":["Coolheaded","Tiny Chest","Static Discharge","Dream Catcher","ClockworkSouvenir","Defragment","Weak Potion"],"campfire_rested":4,"item_purchase_floors":[20,20,31,31,38,41,54],"current_hp_per_floor":[56,54,54,36,36,36,28,28,28,10,29,18,9,9,28,18,53,48,48,48,48,54,54,54,54,61,13,34,34,22,22,43,47,65,71,71,39,39,40,40,40,40,40,58,71,71,71,71,71,54,33,62,62,62,5,0],"gold":56,"neow_bonus":"RANDOM_COMMON_RELIC","is_prod":false,"is_daily":false,"chose_seed":false,"campfire_upgraded":7,"win_rate":0,"timestamp":1542737559,"path_taken":["M","M","M","M","?","R","E","R","T","?","R","E","?","?","R","BOSS","M","M","$","?","M","R","E","R","T","E","R","?","?","?","R","BOSS","M","?","M","$","M","R","?","R","T","M","E","M","R","?","R","BOSS","BOSS","R","$","E","BOSS"],"build_version":"2018-11-15","purchased_purges":1,"victory":false,"max_hp_per_floor":[71,71,71,71,64,64,64,64,64,64,64,64,64,64,64,64,64,64,64,64,64,64,64,64,64,71,71,71,71,71,71,71,71,71,71,71,71,71,71,71,71,71,71,71,71,71,71,71,71,71,71,71,71,71,71,71],"card_choices":[{"not_picked":["Stack","Chill"],"picked":"Compile Driver","floor":1.0},{"not_picked":["Beam Cell","Force Field"],"picked":"Ball Lightning","floor":2.0},{"not_picked":["Streamline","Sweeping Beam"],"picked":"Cold Snap","floor":3.0},{"not_picked":["Barrage","Conserve Battery"],"picked":"Buffer","floor":4.0},{"not_picked":["Loop","Auto Shields"],"picked":"Defragment","floor":7.0},{"not_picked":["Recycle","Undo"],"picked":"Compile Driver","floor":12.0},{"not_picked":["Storm","Streamline"],"picked":"Cold Snap","floor":13.0},{"not_picked":["Rainbow","Seek"],"picked":"Electrodynamics","floor":16.0},{"not_picked":["Stack","Cold Snap","Tempest"],"picked":"SKIP","floor":18.0},{"not_picked":["Cold Snap","Heatsinks"],"picked":"Hologram","floor":19.0},{"not_picked":["Coolheaded","Steam"],"picked":"BootSequence","floor":22.0},{"not_picked":["Leap","Darkness+1"],"picked":"Loop","floor":24.0},{"not_picked":["Compile Driver","Undo"],"picked":"Defragment","floor":27.0},{"not_picked":["Leap","Genetic Algorithm"],"picked":"Redo+1","floor":30.0},{"not_picked":["Thunder Strike","Core Surge"],"picked":"Seek","floor":33.0},{"not_picked":["Conserve Battery+1","Cold Snap"],"picked":"Defragment+1","floor":35.0},{"not_picked":["Capacitor","Ball Lightning","Gash"],"picked":"SKIP","floor":36.0},{"not_picked":["Capacitor","Ball Lightning","Gash"],"picked":"SKIP","floor":36.0},{"not_picked":["Ball Lightning","Gash"],"picked":"Capacitor","floor":36.0},{"not_picked":["Ball Lightning","Redo"],"picked":"Go for the Eyes","floor":37.0},{"not_picked":["Melter","Go for the Eyes"],"picked":"Coolheaded+1","floor":39.0},{"not_picked":["Leap","Storm","Rebound"],"picked":"SKIP","floor":44.0},{"not_picked":["Redo+1","Skim","Cold Snap+1"],"picked":"SKIP","floor":45.0},{"not_picked":["Reprogram","Cold Snap","Leap+1"],"picked":"SKIP","floor":46.0},{"not_picked":["Go for the Eyes","Doom and Gloom","Barrage"],"picked":"SKIP","floor":55}],"player_experience":1126711,"relics_obtained":[{"floor":7.0,"key":"Bird Faced Urn"},{"floor":9.0,"key":"Symbiotic Virus"},{"floor":12.0,"key":"Peace Pipe"},{"floor":13.0,"key":"Odd Mushroom"},{"floor":21.0,"key":"Bag of Preparation"},{"floor":24.0,"key":"MawBank"},{"floor":26.0,"key":"Strawberry"},{"floor":27.0,"key":"Unceasing Top"},{"floor":43.0,"key":"Regal Pillow"},{"floor":45.0,"key":"Orichalcum"},{"floor":55,"key":"Smiling Mask"}],"event_choices":[{"damage_healed":0.0,"max_hp_gain":0.0,"max_hp_loss":7.0,"gold_gain":0.0,"event_name":"Golden Idol","player_choice":"Lose Max HP","floor":5.0,"gold_loss":0.0,"damage_taken":0.0,"relics_obtained":["Golden Idol"]},{"damage_healed":0.0,"max_hp_gain":0.0,"max_hp_loss":0.0,"gold_gain":0.0,"event_name":"Scrap Ooze","player_choice":"Success","floor":10.0,"gold_loss":0.0,"damage_taken":18.0,"relics_obtained":["Mercury Hourglass"]},{"damage_healed":0.0,"max_hp_gain":0.0,"max_hp_loss":0.0,"gold_gain":0.0,"event_name":"Mushrooms","player_choice":"Fought Mushrooms","floor":13.0,"gold_loss":0.0,"damage_taken":0.0},{"damage_healed":0.0,"max_hp_gain":0.0,"max_hp_loss":0.0,"gold_gain":0.0,"cards_transformed":["Strike_B"],"event_name":"Transmorgrifier","player_choice":"Transformed","floor":14.0,"gold_loss":0.0,"damage_taken":0.0,"cards_obtained":["Melter"]},{"cards_removed":["Strike_B"],"damage_healed":0.0,"max_hp_gain":0.0,"max_hp_loss":0.0,"gold_gain":0.0,"event_name":"Designer","player_choice":"Upgrade and Remove","floor":48.0,"gold_loss":110.0,"damage_taken":0.0,"cards_upgraded":["Coolheaded"]}],"is_beta":false,"boss_relics":[{"not_picked":["FrozenCore","Tiny House"],"picked":"Nuclear Battery"},{"not_picked":["Pandora\u0027s Box","Velvet Choker"],"picked":"Inserter"}],"items_purged_floors":[20],"is_endless":false,"potions_floor_spawned":[3,13,16,22,27,30,33,35,45,46,55],"killed_by":"The Heart","ascension_level":20}