{"gold_per_floor":[218,228,228,39,53,84,95,108,108,133,133,145,178,194,194,194],"floor_reached":16,"playtime":1142,"items_purged":["Strike_R"],"score":228,"play_id":"4c4ef796-0d55-4403-b3e4-9794e212bfbe","local_time":"20190118184130","is_ascension_mode":true,"campfire_choices":[{"data":"Havoc","floor":11,"key":"SMITH"},{"data":"Uppercut","floor":15,"key":"SMITH"}],"neow_cost":"NONE","seed_source_timestamp":186417217215898,"circlet_count":0,"master_deck":["AscendersBane","Strike_R","Strike_R","Strike_R","Defend_R","Defend_R","Defend_R","Defend_R","Bash","Shrug It Off","Battle Trance","Uppercut+1","Uppercut","Havoc+1","Shrug It Off","Reaper","Havoc+1","Warcry+1"],"relics":["Burning Blood","Bird Faced Urn","Toxic Egg 2","Centennial Puzzle","Smiling Mask"],"potions_floor_usage":[2,6,7],"damage_taken":[{"damage":2,"enemies":"Cultist","floor":1,"turns":4},{"damage":6,"enemies":"Small Slimes","floor":2,"turns":2},{"damage":0,"enemies":"Jaw Worm","floor":5,"turns":5},{"damage":55,"enemies":"3 Sentries","floor":6,"turns":12},{"damage":16,"enemies":"Exordium Thugs","floor":7,"turns":5},{"damage":1,"enemies":"2 Fungi Beasts","floor":8,"turns":4},{"damage":6,"enemies":"Looter","floor":12,"turns":3},{"damage":15,"enemies":"Lagavulin","floor":13,"turns":8},{"damage":4,"enemies":"Large Slime","floor":14,"turns":5},{"damage":46,"enemies":"Slime Boss","floor":16,"turns":6}],"seed_played":"-5619502534940975640","potions_obtained":[{"floor":1,"key":"AttackPotion"},{"floor":5,"key":"Block Potion"},{"floor":6,"key":"SteroidPotion"},{"floor":8,"key":"LiquidBronze"},{"floor":13,"key":"Ancient Potion"}],"is_trial":false,"path_per_floor":["M","M","?","$","M","E","M","M","T","T","R","M","E","M","R","B"],"character_chosen":"IRONCLAD","items_purchased":["Battle Trance","Uppercut"],"campfire_rested":0,"item_purchase_floors":[4,4],"current_hp_per_floor":[72,72,72,72,75,26,16,21,21,21,21,27,24,34,34,0],"gold":194,"neow_bonus":"HUNDRED_GOLD","is_prod":false,"is_daily":false,"chose_seed":false,"campfire_upgraded":2,"win_rate":0,"timestamp":1547854890,"path_taken":["M","?","?","$","M","E","?","M","T","?","R","?","E","M","R","BOSS"],"build_version":"2019-01-17v2","purchased_purges":1,"victory":false,"max_hp_per_floor":[75,75,75,75,75,75,75,75,75,75,75,75,75,75,75,75],"card_choices":[{"not_picked":["Havoc","Twin Strike","Sword Boomerang"],"picked":"SKIP","floor":1},{"not_picked":["Combust","True Grit"],"picked":"Shrug It Off","floor":2},{"not_picked":["Searing Blow","Carnage"],"picked":"Uppercut","floor":5},{"not_picked":["Flex","Reckless Charge"],"picked":"Havoc","floor":6},{"not_picked":["Clothesline","Rupture"],"picked":"Shrug It Off","floor":7},{"not_picked":["Sword Boomerang","Reaper","Clothesline"],"picked":"SKIP","floor":8},{"not_picked":["Sword Boomerang","Clothesline"],"picked":"Reaper","floor":8},{"not_picked":["Evolve","Sever Soul"],"picked":"Havoc+1","floor":12},{"not_picked":["Thunderclap","Bloodletting+1","Wild Strike"],"picked":"SKIP","floor":13},{"not_picked":["Thunderclap","Bloodletting+1","Wild Strike"],"picked":"SKIP","floor":13},{"not_picked":["Clothesline","Anger"],"picked":"Warcry+1","floor":14}],"player_experience":1331521,"relics_obtained":[{"floor":6,"key":"Bird Faced Urn"},{"floor":9,"key":"Toxic Egg 2"},{"floor":10,"key":"Centennial Puzzle"},{"floor":13,"key":"Smiling Mask"}],"event_choices":[{"cards_removed":["Strike_R"],"damage_healed":0,"gold_gain":0,"player_choice":"Purged","damage_taken":0,"max_hp_gain":0,"max_hp_loss":0,"event_name":"Purifier","floor":3,"gold_loss":0}],"is_beta":false,"boss_relics":[],"items_purged_floors":[4],"is_endless":false,"potions_floor_spawned":[1,5,6,8,13],"killed_by":"Slime Boss","ascension_level":20}