{"gold_per_floor":[11,22,97,113,113,141,159,159,159,6,6,63,82,114,114,215,215,230,150,150,167,177,177,211,221,221,232,232,232,247,262,262,262],"floor_reached":33,"playtime":3735,"items_purged":[],"score":279,"play_id":"671109dc-7e9a-4d3a-9373-d779361cd329","local_time":"20190612214144","is_ascension_mode":false,"campfire_choices":[{"data":"Bash","floor":11,"key":"SMITH"},{"floor":15,"key":"REST"},{"data":"Metallicize","floor":23,"key":"SMITH"},{"data":"Combust","floor":28,"key":"SMITH"},{"data":"Barricade","floor":32,"key":"SMITH"}],"neow_cost":"NO_GOLD","seed_source_timestamp":82895972794152,"circlet_count":0,"master_deck":["Strike_R","Strike_R","Strike_R","Strike_R","Defend_R","Defend_R","Defend_R","Defend_R","Bash+1","Power Through","Disarm","Infernal Blade+1","Pummel","Anger","Metallicize+1","True Grit+1","Combust+1","Barricade+1","Cleave","Metallicize","RitualDagger","Thunderclap","Cleave+1","Offering+1","Armaments+1","Entrench+1","Shrug It Off+1","Corruption"],"relics":["Burning Blood","Magic Flower","Champion Belt","Dodecahedron","Oddly Smooth Stone","Toxic Egg 2","PreservedInsect","Snecko Eye","Question Card","Thread and Needle"],"potions_floor_usage":[33,33],"damage_taken":[{"damage":15,"enemies":"Jaw Worm","floor":1,"turns":5},{"damage":0,"enemies":"2 Louse","floor":2,"turns":3},{"damage":5,"enemies":"Small Slimes","floor":4,"turns":5},{"damage":29,"enemies":"Lagavulin","floor":6,"turns":10},{"damage":3,"enemies":"Exordium Wildlife","floor":7,"turns":3},{"damage":34,"enemies":"3 Sentries","floor":12,"turns":9},{"damage":1,"enemies":"2 Fungi Beasts","floor":13,"turns":3},{"damage":33,"enemies":"3 Sentries","floor":14,"turns":13},{"damage":24,"enemies":"Hexaghost","floor":16,"turns":11},{"damage":8,"enemies":"Shell Parasite","floor":18,"turns":7},{"damage":22,"enemies":"2 Thieves","floor":21,"turns":4},{"damage":8,"enemies":"Shelled Parasite and Fungi","floor":22,"turns":8},{"damage":24,"enemies":"Slavers","floor":24,"turns":5},{"damage":16,"enemies":"Centurion and Healer","floor":25,"turns":6},{"damage":0,"enemies":"Cultist and Chosen","floor":27,"turns":8},{"damage":5,"enemies":"Snecko","floor":30,"turns":5},{"damage":9,"enemies":"Snake Plant","floor":31,"turns":8},{"damage":82,"enemies":"Champ","floor":33,"turns":11}],"seed_played":"5079454771953209743","potions_obtained":[{"floor":1,"key":"SpeedPotion"},{"floor":12,"key":"Weak Potion"},{"floor":14,"key":"FearPotion"},{"floor":25,"key":"GamblersBrew"}],"is_trial":false,"path_per_floor":["M","M","?","M","?","E","M","?","T","$","R","?","M","E","R","B",null,"M","$","?","M","M","R","E","M","T","M","R","?","M","M","R","B"],"character_chosen":"IRONCLAD","items_purchased":["Oddly Smooth Stone","Metallicize"],"campfire_rested":1,"item_purchase_floors":[10,19],"current_hp_per_floor":[74,80,69,73,73,53,59,52,52,52,52,27,35,11,35,20,80,80,80,74,61,62,62,47,40,40,49,49,75,79,79,79,0],"gold":262,"neow_bonus":"ONE_RARE_RELIC","is_prod":false,"is_daily":false,"chose_seed":false,"campfire_upgraded":4,"win_rate":0.0,"timestamp":1560368504,"path_taken":["M","M","?","M","?","E","M","?","T","$","R","?","M","E","R","BOSS","M","$","?","M","M","R","E","M","T","M","R","?","M","M","R","BOSS"],"build_version":"2019-01-23","purchased_purges":0,"victory":false,"max_hp_per_floor":[80,80,80,80,80,80,80,80,80,80,80,80,80,80,80,80,80,80,80,80,80,80,80,80,80,80,80,80,80,80,80,80,80],"card_choices":[{"not_picked":["Second Wind","Headbutt"],"picked":"Power Through","floor":1},{"not_picked":["Pummel","Iron Wave"],"picked":"Disarm","floor":2},{"not_picked":["Fire Breathing","Rupture"],"picked":"Infernal Blade","floor":4},{"not_picked":["Flex","Entrench"],"picked":"Pummel","floor":6},{"not_picked":["Clash","Iron Wave"],"picked":"Anger","floor":7},{"not_picked":["Uppercut","Dropkick"],"picked":"Metallicize","floor":12},{"not_picked":["Clash","Flex+1"],"picked":"True Grit+1","floor":13},{"not_picked":["Iron Wave","Fire Breathing"],"picked":"Combust","floor":14},{"not_picked":["Brutality","Berserk"],"picked":"Barricade","floor":16},{"not_picked":["Hemokinesis","Uppercut"],"picked":"Cleave","floor":18},{"not_picked":["Warcry+1","Clothesline"],"picked":"Thunderclap","floor":21},{"not_picked":["Thunderclap+1","Perfected Strike"],"picked":"Cleave+1","floor":22},{"not_picked":["Twin Strike+1","Thunderclap"],"picked":"Offering+1","floor":24},{"not_picked":["Shrug It Off+1","Cleave","Iron Wave"],"picked":"Armaments+1","floor":25},{"not_picked":["Uppercut","Sword Boomerang","Perfected Strike"],"picked":"Entrench+1","floor":27},{"not_picked":["Clash","Sever Soul","Flame Barrier+1"],"picked":"Shrug It Off+1","floor":30},{"not_picked":["Perfected Strike+1","Pommel Strike","Sword Boomerang+1"],"picked":"Corruption","floor":31}],"player_experience":1269,"relics_obtained":[{"floor":6,"key":"Champion Belt"},{"floor":9,"key":"Dodecahedron"},{"floor":14,"key":"PreservedInsect"},{"floor":24,"key":"Question Card"},{"floor":26,"key":"Thread and Needle"}],"event_choices":[{"damage_healed":0,"gold_gain":75,"player_choice":"Gather Gold","damage_taken":11,"max_hp_gain":0,"max_hp_loss":0,"event_name":"World of Goop","floor":3,"gold_loss":0},{"damage_healed":0,"gold_gain":0,"player_choice":"Grow","damage_taken":0,"max_hp_gain":0,"max_hp_loss":0,"event_name":"Living Wall","floor":5,"gold_loss":0,"cards_upgraded":["Infernal Blade"]},{"cards_removed":["Strike_R"],"damage_healed":0,"gold_gain":0,"player_choice":"Card Removal","damage_taken":7,"max_hp_gain":0,"max_hp_loss":0,"event_name":"Golden Wing","floor":8,"gold_loss":0},{"damage_healed":0,"gold_gain":0,"player_choice":"Searched \u00273\u0027 times","damage_taken":0,"relics_obtained":["Toxic Egg 2"],"max_hp_gain":0,"max_hp_loss":0,"event_name":"Dead Adventurer","floor":12,"gold_loss":0},{"damage_healed":0,"gold_gain":0,"player_choice":"Joined the Cult","damage_taken":6,"max_hp_gain":0,"max_hp_loss":0,"event_name":"Nest","floor":20,"gold_loss":0,"cards_obtained":["RitualDagger"]},{"damage_healed":26,"gold_gain":0,"player_choice":"Heal","damage_taken":0,"max_hp_gain":0,"max_hp_loss":0,"event_name":"The Library","floor":29,"gold_loss":0}],"is_beta":false,"boss_relics":[{"not_picked":["Philosopher\u0027s Stone","Ectoplasm"],"picked":"Snecko Eye"}],"items_purged_floors":[],"is_endless":false,"potions_floor_spawned":[1,12,14,22,25,27,30],"killed_by":"Champ","ascension_level":0}