{"gold_per_floor":[115,32,32,32,3,3,18,18,41,70,94,122,164,189,201,287,299,286,308,320,123,140,140,174,174,174,174],"floor_reached":27,"playtime":1017,"items_purged":["Strike_B"],"score":566,"play_id":"b78406f7-b89f-4c63-815c-c3279e3e2bf4","local_time":"20181206180841","is_ascension_mode":true,"campfire_choices":[{"data":"Zap","floor":6,"key":"SMITH"},{"data":"Go for the Eyes","floor":8,"key":"SMITH"},{"data":"Fission","floor":15,"key":"SMITH"},{"data":"Defragment","floor":23,"key":"SMITH"},{"data":"Hologram","floor":25,"key":"SMITH"}],"neow_cost":"NONE","seed_source_timestamp":27197557984054,"circlet_count":0,"master_deck":["AscendersBane","Strike_B","Strike_B","Strike_B","Defend_B","Defend_B","Defend_B","Defend_B","Zap+1","Dualcast","Genetic Algorithm","Hologram","Go for the Eyes+1","Cold Snap","Cold Snap","Coolheaded","Fission+1","Defragment+1","Sweeping Beam+1","All For One+1","Go for the Eyes+1","Ball Lightning+1","Core Surge+1","Coolheaded","Turbo","Compile Driver+1","Blizzard+1","Swift Strike+1","Hologram+1"],"relics":["Cracked Core","NeowsBlessing","Strawberry","MawBank","Molten Egg 2","Orrery","Bag of Preparation","Ice Cream"],"potions_floor_usage":[12,13,16,22,27,27],"damage_taken":[{"damage":0,"enemies":"Jaw Worm","floor":1,"turns":1},{"damage":0,"enemies":"Small Slimes","floor":7,"turns":1},{"damage":0,"enemies":"Cultist","floor":10,"turns":1},{"damage":9,"enemies":"Exordium Thugs","floor":11,"turns":5},{"damage":20,"enemies":"Gremlin Gang","floor":12,"turns":6},{"damage":40,"enemies":"Gremlin Nob","floor":13,"turns":5},{"damage":3,"enemies":"Looter","floor":14,"turns":4},{"damage":0,"enemies":"Slime Boss","floor":16,"turns":9},{"damage":20,"enemies":"2 Thieves","floor":18,"turns":4},{"damage":2,"enemies":"Chosen","floor":19,"turns":4},{"damage":0,"enemies":"Sentry and Sphere","floor":22,"turns":3},{"damage":42,"enemies":"Slavers","floor":24,"turns":4},{"damage":39,"enemies":"Book of Stabbing","floor":27,"turns":5}],"seed_played":"-5548436063626947224","potions_obtained":[{"floor":10,"key":"Regen Potion"},{"floor":11,"key":"FearPotion"},{"floor":12,"key":"LiquidBronze"},{"floor":14,"key":"PowerPotion"},{"floor":18,"key":"AttackPotion"},{"floor":22,"key":"SpeedPotion"}],"is_trial":false,"path_per_floor":["M","$","?","?","$","R","M","R","T","M","M","M","E","M","R","B",null,"M","M","?","$","M","R","E","R","T","E"],"character_chosen":"DEFECT","items_purchased":["Compile Driver","Hologram","Go for the Eyes","Blizzard+1","Swift Strike+1"],"campfire_rested":0,"item_purchase_floors":[2,2,5,21,21],"current_hp_per_floor":[64,64,64,71,71,71,71,71,71,71,62,57,17,14,14,14,62,42,40,78,78,78,78,36,36,36,0],"gold":174,"neow_bonus":"THREE_ENEMY_KILL","is_prod":false,"is_daily":false,"chose_seed":false,"campfire_upgraded":5,"win_rate":0,"timestamp":1544137721,"path_taken":["M","$","?","?","$","R","M","R","T","M","M","?","E","M","R","BOSS","M","M","?","$","?","R","E","R","T","E"],"build_version":"2018-11-15","purchased_purges":1,"victory":false,"max_hp_per_floor":[71,71,71,78,78,78,78,78,78,78,78,78,78,78,78,78,78,78,78,78,78,78,78,78,78,78,78],"card_choices":[{"not_picked":["Barrage","Reprogram"],"picked":"Genetic Algorithm","floor":1},{"not_picked":["Rebound","Stack"],"picked":"Cold Snap","floor":7},{"not_picked":["Coolheaded","Gash"],"picked":"Cold Snap","floor":10},{"not_picked":["Conserve Battery","Beam Cell"],"picked":"Coolheaded","floor":11},{"not_picked":["Consume","Doom and Gloom"],"picked":"Fission","floor":12},{"not_picked":["Auto Shields","BootSequence"],"picked":"Defragment","floor":13},{"not_picked":["Hologram","Scrape+1"],"picked":"Sweeping Beam+1","floor":14},{"not_picked":["Amplify","Multi-Cast"],"picked":"All For One+1","floor":16},{"not_picked":["Heatsinks","Hologram"],"picked":"Go for the Eyes+1","floor":17},{"not_picked":["Steam","Recycle"],"picked":"Ball Lightning+1","floor":17},{"not_picked":["Static Discharge","Hello World"],"picked":"Core Surge+1","floor":17},{"not_picked":["Steam","Streamline+1"],"picked":"Reinforced Body","floor":17},{"not_picked":["Streamline+1","Barrage+1"],"picked":"Coolheaded","floor":17},{"not_picked":["Genetic Algorithm","Storm"],"picked":"Turbo","floor":18},{"not_picked":["Leap","Coolheaded"],"picked":"Compile Driver+1","floor":19},{"not_picked":["Streamline+1","Undo","Chill"],"picked":"SKIP","floor":22},{"not_picked":["Fusion","Ball Lightning+1"],"picked":"Hologram","floor":24}],"player_experience":1230947,"relics_obtained":[{"floor":9,"key":"MawBank"},{"floor":13,"key":"Molten Egg 2"},{"floor":24,"key":"Bag of Preparation"},{"floor":26,"key":"Ice Cream"}],"event_choices":[{"damage_healed":0,"gold_gain":0,"player_choice":"Leave","damage_taken":0,"max_hp_gain":0,"max_hp_loss":0,"event_name":"The Cleric","floor":3,"gold_loss":0},{"cards_removed":["Compile Driver"],"damage_healed":0,"gold_gain":0,"player_choice":"Gave Card","damage_taken":0,"relics_obtained":["Strawberry"],"max_hp_gain":0,"max_hp_loss":0,"event_name":"WeMeetAgain","floor":4,"gold_loss":0},{"cards_removed":["Reinforced Body"],"damage_healed":38,"gold_gain":0,"player_choice":"Offered Uncommon","damage_taken":0,"max_hp_gain":0,"max_hp_loss":0,"event_name":"Bonfire Elementals","floor":20,"gold_loss":0}],"is_beta":false,"boss_relics":[{"not_picked":["Coffee Dripper","White Beast Statue"],"picked":"Orrery"}],"items_purged_floors":[21],"is_endless":false,"potions_floor_spawned":[10,11,12,14,18,22,24],"killed_by":"Book of Stabbing","ascension_level":20}