{"gold_per_floor":[10,22,22,22,40,72,72,92,92,92,108,127,140,165,165,239,239,259,15,33,33,44,44,56,56,83,103,113,113,113,113],"floor_reached":31,"playtime":1388,"items_purged":[],"score":439,"play_id":"39e4c176-2f4d-4487-989a-d300a09540ed","local_time":"20181011230527","is_ascension_mode":true,"campfire_choices":[{"data":"Neutralize","floor":7,"key":"SMITH"},{"data":"Malaise","floor":10,"key":"SMITH"},{"floor":15,"key":"REST"},{"data":"Tools of the Trade","floor":23,"key":"SMITH"},{"data":"Noxious Fumes","floor":25,"key":"SMITH"},{"data":"Cloak And Dagger","floor":30,"key":"SMITH"}],"neow_cost":"NO_GOLD","seed_source_timestamp":113959119409697,"circlet_count":0,"master_deck":["Defend_G","Defend_G","Defend_G","Defend_G","Defend_G","Strike_G","Strike_G","Strike_G","Strike_G","Strike_G","Survivor","Neutralize+1","AscendersBane","Malaise+1","Flying Knee","Cloak And Dagger+1","Flying Knee","Dagger Throw","Heel Hook","Noxious Fumes+1","Envenom","Dodge and Roll","Tools of the Trade+1","Poisoned Stab+1","Backstab","Prepared+1","PiercingWail+1","Dodge and Roll","Decay"],"relics":["Ring of the Snake","Bag of Preparation","Pen Nib","Sundial","Coffee Dripper","Bottled Tornado","Oddly Smooth Stone"],"potions_floor_usage":[6,14,14,28],"damage_taken":[{"damage":3,"enemies":"Jaw Worm","floor":1,"turns":7},{"damage":5,"enemies":"Small Slimes","floor":2,"turns":6},{"damage":0,"enemies":"2 Louse","floor":5,"turns":3},{"damage":19,"enemies":"Lagavulin","floor":6,"turns":13},{"damage":3,"enemies":"Red Slaver","floor":8,"turns":5},{"damage":0,"enemies":"Exordium Wildlife","floor":11,"turns":4},{"damage":8,"enemies":"Gremlin Gang","floor":12,"turns":7},{"damage":2,"enemies":"2 Fungi Beasts","floor":13,"turns":5},{"damage":12,"enemies":"Gremlin Nob","floor":14,"turns":4},{"damage":7,"enemies":"The Guardian","floor":16,"turns":12},{"damage":0,"enemies":"Chosen","floor":18,"turns":6},{"damage":19,"enemies":"2 Thieves","floor":20,"turns":5},{"damage":15,"enemies":"Centurion and Healer","floor":22,"turns":6},{"damage":11,"enemies":"3 Cultists","floor":24,"turns":6},{"damage":8,"enemies":"Snecko","floor":27,"turns":5},{"damage":0,"enemies":"Chosen and Byrds","floor":28,"turns":6},{"damage":6,"enemies":"Snake Plant","floor":31,"turns":2}],"seed_played":"-4296531720406659886","potions_obtained":[{"floor":4,"key":"PowerPotion"},{"floor":4,"key":"GamblersBrew"},{"floor":6,"key":"Energy Potion"},{"floor":12,"key":"Strength Potion"},{"floor":24,"key":"Weak Potion"},{"floor":27,"key":"PowerPotion"}],"is_trial":false,"path_per_floor":["M","M","?","?","M","E","R","M","T","R","M","M","M","E","R","B",null,"M","$","M","$","M","R","M","R","T","M","M","?","R"],"character_chosen":"THE_SILENT","items_purchased":["Bottled Tornado"],"campfire_rested":1,"item_purchase_floors":[19],"current_hp_per_floor":[56,51,51,51,51,32,32,29,29,29,29,21,19,7,26,19,54,54,54,35,35,20,20,9,9,9,1,1,1,1,0],"gold":113,"neow_bonus":"THREE_RARE_CARDS","is_prod":false,"is_daily":false,"chose_seed":false,"campfire_upgraded":5,"win_rate":0,"timestamp":1539313527,"path_taken":["M","M","?","?","?","E","R","M","T","R","M","M","M","E","R","BOSS","M","$","M","$","M","R","M","R","T","M","M","?","R","M"],"build_version":"2018-10-11","purchased_purges":0,"victory":false,"max_hp_per_floor":[66,66,66,66,66,66,66,66,66,66,66,66,66,66,66,66,66,66,66,66,66,66,66,66,66,66,66,66,66,66,66],"card_choices":[{"not_picked":["Venomology","Corpse Explosion"],"picked":"Malaise","floor":0},{"not_picked":["Backflip","Slice"],"picked":"Flying Knee","floor":1},{"not_picked":["Dodge and Roll","Escape Plan"],"picked":"Cloak And Dagger","floor":2},{"not_picked":["Poisoned Stab","Predator"],"picked":"Flying Knee","floor":5},{"not_picked":["Underhanded Strike","Sucker Punch"],"picked":"Dagger Throw","floor":6},{"not_picked":["Distraction","Masterful Stab"],"picked":"Heel Hook","floor":8},{"not_picked":["Poisoned Stab","Dodge and Roll"],"picked":"Noxious Fumes","floor":11},{"not_picked":["Acrobatics","Deflect"],"picked":"Envenom","floor":12},{"not_picked":["Deadly Poison","Slice"],"picked":"Dodge and Roll","floor":13},{"not_picked":["Blade Dance","Underhanded Strike","Setup"],"picked":"SKIP","floor":14},{"not_picked":["Doppelganger","A Thousand Cuts"],"picked":"Tools of the Trade","floor":16},{"not_picked":["Acrobatics","Flying Knee"],"picked":"Poisoned Stab+1","floor":18},{"not_picked":["Dodge and Roll","Well Laid Plans"],"picked":"Backstab","floor":20},{"not_picked":["Bane","Poisoned Stab+1"],"picked":"Prepared+1","floor":22},{"not_picked":["Burst","Dagger Spray"],"picked":"PiercingWail+1","floor":24},{"not_picked":["Outmaneuver","Distraction"],"picked":"Dodge and Roll","floor":27},{"not_picked":["Crippling Poison","Dagger Spray","Slice"],"picked":"SKIP","floor":28}],"player_experience":862682,"relics_obtained":[{"floor":6,"key":"Bag of Preparation"},{"floor":9,"key":"Pen Nib"},{"floor":14,"key":"Sundial"},{"floor":26,"key":"Oddly Smooth Stone"}],"event_choices":[{"event_name":"Liars Game","player_choice":"disagreed","floor":3,"damage_taken":0},{"event_name":"The Lab","player_choice":"Got Potions","floor":4,"damage_taken":0},{"event_name":"Forgotten Altar","player_choice":"Smashed Altar","floor":29,"damage_taken":0}],"is_beta":false,"boss_relics":[{"not_picked":["Astrolabe","Lizard Tail"],"picked":"Coffee Dripper"}],"items_purged_floors":[],"is_endless":false,"potions_floor_spawned":[6,11,12,24,27],"killed_by":"Snake Plant","ascension_level":15}