{"gold_per_floor":[119,137,212,212,4,4,4,4,29,29,29,57,71,71],"floor_reached":14,"playtime":282,"items_purged":[],"score":222,"play_id":"498365fa-84e8-4adc-9b90-ccc0baeecef9","local_time":"20190219144148","is_ascension_mode":true,"campfire_choices":[{"data":"Neutralize","floor":6,"key":"SMITH"},{"data":"Footwork","floor":8,"key":"SMITH"},{"data":"PiercingWail","floor":11,"key":"SMITH"}],"neow_cost":"NONE","seed_source_timestamp":227423859928033,"circlet_count":0,"master_deck":["AscendersBane","Defend_G+1","Defend_G","Defend_G","Defend_G","Defend_G","Strike_G","Strike_G","Strike_G","Strike_G","Survivor+1","Neutralize+1","PiercingWail+1","PiercingWail+1","Footwork+1","Dagger Throw","Dash"],"relics":["Ring of the Snake","NeowsBlessing","War Paint","Pear","Omamori","Vajra"],"potions_floor_usage":[],"damage_taken":[{"damage":0,"enemies":"Cultist","floor":1,"turns":1},{"damage":0,"enemies":"Jaw Worm","floor":2,"turns":1},{"damage":0,"enemies":"3 Sentries","floor":12,"turns":1},{"damage":0,"enemies":"Small Slimes","floor":13,"turns":4},{"damage":54,"enemies":"Lagavulin","floor":14,"turns":16}],"seed_played":"3834644375974986877","potions_obtained":[{"floor":13,"key":"Energy Potion"}],"is_trial":false,"path_per_floor":["M","M","?","?","$","R","T","R","T","?","R","E","M","E"],"character_chosen":"THE_SILENT","items_purchased":["Footwork","War Paint"],"campfire_rested":0,"item_purchase_floors":[5,5],"current_hp_per_floor":[59,59,48,41,41,41,51,51,51,51,51,51,51,0],"gold":71,"neow_bonus":"THREE_ENEMY_KILL","is_prod":false,"is_daily":false,"chose_seed":false,"campfire_upgraded":3,"win_rate":0,"timestamp":1550605308,"path_taken":["M","?","?","?","$","R","?","R","T","?","R","E","?","E"],"build_version":"2019-01-23","purchased_purges":0,"victory":false,"max_hp_per_floor":[66,66,66,66,66,66,76,76,76,76,76,76,76,76],"card_choices":[{"not_picked":["Bane","Accuracy"],"picked":"PiercingWail","floor":1},{"not_picked":["Dagger Spray","Underhanded Strike"],"picked":"PiercingWail","floor":2},{"not_picked":["Accuracy","Riddle With Holes"],"picked":"Dagger Throw","floor":12},{"not_picked":["Phantasmal Killer","PiercingWail"],"picked":"Dash","floor":13}],"player_experience":1370793,"relics_obtained":[{"floor":7,"key":"Pear"},{"floor":9,"key":"Omamori"},{"floor":12,"key":"Vajra"}],"event_choices":[{"damage_healed":0,"gold_gain":75,"player_choice":"Gather Gold","damage_taken":11,"max_hp_gain":0,"max_hp_loss":0,"event_name":"World of Goop","floor":3,"gold_loss":0},{"cards_removed":["Strike_G"],"damage_healed":0,"gold_gain":0,"player_choice":"Card Removal","damage_taken":7,"max_hp_gain":0,"max_hp_loss":0,"event_name":"Golden Wing","floor":4,"gold_loss":0},{"damage_healed":0,"gold_gain":0,"player_choice":"Upgraded","damage_taken":0,"max_hp_gain":0,"max_hp_loss":0,"event_name":"Upgrade Shrine","floor":10,"gold_loss":0,"cards_upgraded":["PiercingWail"]}],"is_beta":false,"boss_relics":[],"items_purged_floors":[],"is_endless":false,"potions_floor_spawned":[13],"killed_by":"Lagavulin","ascension_level":20}