{"gold_per_floor":[109,37,51,65,65,65,99,112,112,139,59,59],"floor_reached":12,"playtime":690,"items_purged":[],"score":97,"play_id":"4ea7696f-df23-4709-88b9-98ad31ea75b5","local_time":"20190717201304","is_ascension_mode":true,"campfire_choices":[{"data":"Noxious Fumes","floor":6,"key":"SMITH"}],"neow_cost":"NONE","seed_source_timestamp":100142463613862,"circlet_count":0,"master_deck":["Strike_G","Strike_G","Strike_G","Strike_G","Strike_G","Defend_G","Defend_G","Defend_G","Defend_G+1","Defend_G+1","Survivor","Neutralize","Well Laid Plans","Noxious Fumes+1","Sucker Punch","Backflip","Footwork+1"],"relics":["Ring of the Snake","Centennial Puzzle","Frozen Egg 2","War Paint","Kunai","Pantograph"],"potions_floor_usage":[10],"damage_taken":[{"damage":4,"enemies":"Jaw Worm","floor":1,"turns":4},{"damage":0,"enemies":"Cultist","floor":3,"turns":4},{"damage":0,"enemies":"2 Louse","floor":4,"turns":4},{"damage":34,"enemies":"Lagavulin","floor":7,"turns":10},{"damage":2,"enemies":"Blue Slaver","floor":8,"turns":5},{"damage":28,"enemies":"Gremlin Nob","floor":10,"turns":6},{"damage":2,"enemies":"Exordium Wildlife","floor":12,"turns":5}],"seed_played":"8222726985237137677","potions_obtained":[{"floor":1,"key":"Swift Potion"},{"floor":7,"key":"SneckoOil"}],"is_trial":false,"path_per_floor":["M","$","M","M","?","R","E","M","T","E","$","M"],"character_chosen":"THE_SILENT","items_purchased":["Noxious Fumes","Footwork+1"],"campfire_rested":0,"item_purchase_floors":[2,11],"current_hp_per_floor":[66,66,66,66,66,66,32,30,30,2,2,0],"gold":59,"neow_bonus":"RANDOM_COMMON_RELIC","is_prod":false,"is_daily":false,"chose_seed":false,"campfire_upgraded":1,"win_rate":0,"timestamp":1563412384,"path_taken":["M","$","M","M","?","R","E","M","T","E","$","M"],"build_version":"2019-07-05","purchased_purges":0,"victory":false,"max_hp_per_floor":[70,70,70,70,70,70,70,70,70,70,70,70],"card_choices":[{"not_picked":["Deadly Poison","Acrobatics"],"picked":"Well Laid Plans","floor":1},{"not_picked":["Infinite Blades","Concentrate","Dodge and Roll"],"picked":"SKIP","floor":3},{"not_picked":["Infinite Blades","Deflect"],"picked":"Sucker Punch","floor":4},{"not_picked":["Well Laid Plans+1","PiercingWail","Reflex"],"picked":"SKIP","floor":7},{"not_picked":["Acrobatics","PiercingWail"],"picked":"Backflip","floor":8},{"not_picked":["Skewer","Acrobatics","PiercingWail"],"picked":"SKIP","floor":10}],"player_experience":133062,"relics_obtained":[{"floor":7,"key":"War Paint"},{"floor":9,"key":"Kunai"},{"floor":10,"key":"Pantograph"}],"event_choices":[{"damage_healed":0,"gold_gain":0,"player_choice":"Gave Potion","damage_taken":0,"relics_obtained":["Frozen Egg 2"],"max_hp_gain":0,"max_hp_loss":0,"event_name":"WeMeetAgain","floor":5,"gold_loss":0}],"is_beta":false,"boss_relics":[],"items_purged_floors":[],"is_endless":false,"potions_floor_spawned":[1,7],"killed_by":"Exordium Wildlife","ascension_level":2}