{"gold_per_floor":[111,128,128,141,141,141,175,175,175,100,121,145,145,145],"floor_reached":14,"playtime":471,"items_purged":["Strike_R"],"score":201,"play_id":"782aaf98-8008-4721-b568-74cc806c28c7","local_time":"20190718003837","is_ascension_mode":true,"campfire_choices":[{"data":"Bash","floor":6,"key":"SMITH"},{"data":"Feel No Pain","floor":8,"key":"SMITH"}],"neow_cost":"NONE","seed_source_timestamp":15576833268006,"circlet_count":0,"master_deck":["AscendersBane","Strike_R","Strike_R","Strike_R","Defend_R","Defend_R","Defend_R","Defend_R","Bash+1","Offering","Shrug It Off","Pommel Strike","Twin Strike","Feel No Pain+1","Battle Trance","Feel No Pain","Pain"],"relics":["Burning Blood","Golden Idol","Question Card","WarpedTongs"],"potions_floor_usage":[7,11],"damage_taken":[{"damage":7,"enemies":"Small Slimes","floor":1,"turns":5},{"damage":8,"enemies":"2 Louse","floor":2,"turns":3},{"damage":0,"enemies":"Cultist","floor":4,"turns":3},{"damage":6,"enemies":"Gremlin Nob","floor":7,"turns":2},{"damage":6,"enemies":"3 Louse","floor":11,"turns":4},{"damage":6,"enemies":"Large Slime","floor":12,"turns":8},{"damage":47,"enemies":"Lagavulin","floor":14,"turns":11}],"seed_played":"3265492313444791338","potions_obtained":[{"floor":2,"key":"SteroidPotion"},{"floor":4,"key":"Ancient Potion"},{"floor":7,"key":"Block Potion"}],"is_trial":false,"path_per_floor":["M","M","?","M","?","R","E","R","T","$","M","M","?","E"],"character_chosen":"IRONCLAD","items_purchased":[],"campfire_rested":0,"item_purchase_floors":[],"current_hp_per_floor":[67,65,65,71,45,45,45,45,45,45,45,45,45,0],"gold":145,"neow_bonus":"ONE_RANDOM_RARE_CARD","is_prod":false,"is_daily":false,"chose_seed":false,"campfire_upgraded":2,"win_rate":0,"timestamp":1563424717,"path_taken":["M","M","?","M","?","R","E","R","T","$","M","M","?","E"],"build_version":"2019-07-17","purchased_purges":1,"victory":false,"max_hp_per_floor":[75,75,75,75,75,75,75,75,75,75,75,75,75,75],"card_choices":[{"not_picked":["Hemokinesis","Bloodletting"],"picked":"Shrug It Off","floor":1},{"not_picked":["Thunderclap","Seeing Red"],"picked":"Pommel Strike","floor":2},{"not_picked":["Sword Boomerang","Sever Soul","Clash"],"picked":"SKIP","floor":4},{"not_picked":["Cleave","Body Slam"],"picked":"Feel No Pain","floor":7},{"not_picked":["Shrug It Off","Reckless Charge","Iron Wave"],"picked":"Battle Trance","floor":11},{"not_picked":["Armaments","Cleave","Body Slam"],"picked":"Feel No Pain","floor":12}],"player_experience":1514403,"relics_obtained":[{"floor":7,"key":"Question Card"}],"event_choices":[{"damage_healed":0,"gold_gain":0,"cards_transformed":["Strike_R"],"player_choice":"Change","damage_taken":0,"max_hp_gain":0,"max_hp_loss":0,"event_name":"Living Wall","floor":3,"gold_loss":0,"cards_obtained":["Twin Strike"]},{"damage_healed":0,"gold_gain":0,"player_choice":"Take Damage","damage_taken":26,"relics_obtained":["Golden Idol"],"max_hp_gain":0,"max_hp_loss":0,"event_name":"Golden Idol","floor":5,"gold_loss":0},{"damage_healed":0,"gold_gain":0,"player_choice":"Rummage","damage_taken":0,"relics_obtained":["WarpedTongs"],"max_hp_gain":0,"max_hp_loss":0,"event_name":"Accursed Blacksmith","floor":13,"gold_loss":0,"cards_obtained":["Pain"]}],"is_beta":false,"boss_relics":[],"items_purged_floors":[10],"is_endless":false,"potions_floor_spawned":[2,4,7],"killed_by":"Lagavulin","ascension_level":15}