{"gold_per_floor":[17,17,17,167,184,184,184,184,184,184,209,209,224,234,234,234],"floor_reached":16,"playtime":548,"items_purged":[],"score":172,"play_id":"8e956709-8cbb-4804-9f7a-7cc2e4a492ad","local_time":"20181004210512","is_ascension_mode":true,"campfire_choices":[{"data":"Adrenaline","floor":6,"key":"SMITH"},{"data":"Neutralize","floor":8,"key":"SMITH"},{"data":"Quick Slash","floor":10,"key":"SMITH"},{"data":"Escape Plan","floor":12,"key":"SMITH"},{"data":"Dodge and Roll","floor":15,"key":"SMITH"}],"neow_cost":"NO_GOLD","seed_source_timestamp":1127454100900626,"circlet_count":0,"master_deck":["Defend_G","Defend_G","Defend_G","Defend_G","Defend_G","Strike_G","Strike_G","Strike_G","Strike_G","Survivor","Neutralize+1","AscendersBane","Adrenaline+1","Dodge and Roll+1","Doubt","Quick Slash+1","Pain","Escape Plan+1","Infinite Blades","Dagger Spray"],"relics":["Ring of the Snake","WarpedTongs","Pocketwatch","Bag of Preparation"],"potions_floor_usage":[11,16],"damage_taken":[{"damage":0,"enemies":"Small Slimes","floor":1,"turns":5},{"damage":0,"enemies":"Cultist","floor":5,"turns":6},{"damage":11,"enemies":"Lagavulin","floor":11,"turns":9},{"damage":1,"enemies":"2 Louse","floor":13,"turns":3},{"damage":5,"enemies":"2 Fungi Beasts","floor":14,"turns":5},{"damage":60,"enemies":"Hexaghost","floor":16,"turns":16}],"seed_played":"-2013534633763400745","potions_obtained":[{"floor":1,"key":"PowerPotion"},{"floor":14,"key":"Regen Potion"}],"is_trial":false,"path_per_floor":["M","?","$","?","M","R","?","R","T","R","E","R","M","M","R"],"character_chosen":"THE_SILENT","items_purchased":[],"campfire_rested":0,"item_purchase_floors":[],"current_hp_per_floor":[59,59,59,59,59,59,59,59,59,59,48,48,47,42,42,0],"gold":234,"neow_bonus":"THREE_RARE_CARDS","is_prod":false,"is_daily":false,"chose_seed":false,"campfire_upgraded":5,"win_rate":0,"timestamp":1538701512,"path_taken":["M","?","?","?","M","R","?","R","T","R","E","R","?","M","R","BOSS"],"build_version":"2018-10-04","purchased_purges":0,"victory":false,"max_hp_per_floor":[66,66,66,66,66,66,66,66,66,66,66,66,66,66,66,66],"card_choices":[{"not_picked":["Tools of the Trade","Phantasmal Killer"],"picked":"Adrenaline","floor":0},{"not_picked":["Blur","Blade Dance"],"picked":"Dodge and Roll","floor":1},{"not_picked":["Bane","Well Laid Plans"],"picked":"Quick Slash","floor":5},{"not_picked":["Terror","Prepared"],"picked":"Escape Plan","floor":11},{"not_picked":["Quick Slash","Bouncing Flask"],"picked":"Infinite Blades","floor":13},{"not_picked":["Flechettes","Underhanded Strike"],"picked":"Dagger Spray","floor":14}],"player_experience":806703,"relics_obtained":[{"floor":9,"key":"Pocketwatch"},{"floor":11,"key":"Bag of Preparation"}],"event_choices":[{"event_name":"Bonfire Elementals","player_choice":"BASIC","floor":2,"damage_taken":0},{"event_name":"Liars Game","player_choice":"agreed","floor":4,"damage_taken":0},{"event_name":"Accursed Blacksmith","player_choice":"Rummage","floor":7,"damage_taken":0}],"is_beta":false,"boss_relics":[],"items_purged_floors":[],"is_endless":false,"potions_floor_spawned":[1,14],"killed_by":"Hexaghost","ascension_level":15}