{"gold_per_floor":[116,133,133,133,133,133,166,166,166,166,195,206,206,231,231,308,308,328,328,328,341,95,95,112,146,146,146,146,146],"floor_reached":29,"playtime":763,"items_purged":[],"score":564,"play_id":"193f0af7-d4fa-40c8-af27-062d057949c1","local_time":"20181215152851","is_ascension_mode":true,"campfire_choices":[{"data":"Whirlwind","floor":6,"key":"SMITH"},{"data":"Bash","floor":8,"key":"SMITH"},{"data":"Hemokinesis","floor":10,"key":"SMITH"},{"data":"Shockwave","floor":15,"key":"SMITH"},{"data":"Apotheosis","floor":23,"key":"SMITH"},{"floor":27,"key":"RECALL"}],"neow_cost":"NONE","seed_source_timestamp":232420446103612,"circlet_count":0,"master_deck":["AscendersBane","Strike_R","Strike_R","Strike_R","Strike_R","Defend_R","Defend_R","Defend_R","Defend_R","Bash+1","Armaments+1","Whirlwind+1","Hemokinesis+1","Shockwave+1","Body Slam+1","Rampage+1","Demon Form","Sword Boomerang+1","Evolve","Apotheosis+1","Flame Barrier","Iron Wave+1","Reaper+1","Shrug It Off"],"relics":["Burning Blood","NeowsBlessing","Boot","Molten Egg 2","Bag of Marbles","Pear","Sozu","Meat on the Bone","Pen Nib","The Courier"],"potions_floor_usage":[11,16,16],"damage_taken":[{"damage":0,"enemies":"2 Louse","floor":1,"turns":1},{"damage":0,"enemies":"Jaw Worm","floor":2,"turns":1},{"damage":0,"enemies":"3 Sentries","floor":7,"turns":2},{"damage":23,"enemies":"Gremlin Nob","floor":11,"turns":4},{"damage":2,"enemies":"Small Slimes","floor":12,"turns":2},{"damage":19,"enemies":"3 Sentries","floor":14,"turns":4},{"damage":48,"enemies":"Hexaghost","floor":16,"turns":10},{"damage":23,"enemies":"2 Thieves","floor":18,"turns":4},{"damage":2,"enemies":"Chosen","floor":21,"turns":2},{"damage":17,"enemies":"Centurion and Healer","floor":24,"turns":6},{"damage":22,"enemies":"Gremlin Leader","floor":25,"turns":6},{"damage":57,"enemies":"Slavers","floor":29,"turns":4}],"seed_played":"-419166002615349229","potions_obtained":[{"floor":5,"key":"GamblersBrew"},{"floor":5,"key":"Block Potion"},{"floor":11,"key":"Dexterity Potion"},{"floor":12,"key":"Fire Potion"},{"floor":16,"key":"Poison Potion"}],"is_trial":false,"path_per_floor":["M","M","?","?","?","R","E","R","T","R","E","M","?","E","R","B",null,"M","?","?","M","$","R","M","E","T","R","?","E"],"character_chosen":"IRONCLAD","items_purchased":["Apotheosis","Flame Barrier"],"campfire_rested":0,"item_purchase_floors":[22,22],"current_hp_per_floor":[74,75,68,68,68,68,74,74,74,74,57,61,61,58,58,16,68,51,26,26,42,42,42,43,39,39,39,39,0],"gold":146,"neow_bonus":"THREE_ENEMY_KILL","is_prod":false,"is_daily":false,"chose_seed":false,"campfire_upgraded":5,"win_rate":0,"timestamp":1544905731,"path_taken":["M","M","?","?","?","R","E","R","T","R","E","?","?","E","R","BOSS","M","?","?","?","$","R","M","E","T","R","?","E"],"build_version":"2018-12-13","purchased_purges":0,"victory":false,"max_hp_per_floor":[75,75,75,75,75,75,75,75,75,75,75,75,75,85,85,85,85,85,90,90,90,90,90,90,90,90,90,90,90],"card_choices":[{"not_picked":["Body Slam","Sword Boomerang"],"picked":"Armaments","floor":1},{"not_picked":["Thunderclap","Pommel Strike"],"picked":"Whirlwind","floor":2},{"not_picked":["Barricade","Carnage"],"picked":"Hemokinesis","floor":7},{"not_picked":["Cleave+1","Second Wind"],"picked":"Shockwave","floor":11},{"not_picked":["Pummel+1","Warcry"],"picked":"Body Slam+1","floor":12},{"not_picked":["Twin Strike+1","Flex"],"picked":"Rampage+1","floor":14},{"not_picked":["Fiend Fire+1","Brutality"],"picked":"Demon Form","floor":16},{"not_picked":["Body Slam+1","Rupture"],"picked":"Sword Boomerang+1","floor":18},{"not_picked":["Infernal Blade","Sword Boomerang+1"],"picked":"Evolve","floor":21},{"not_picked":["Warcry","Thunderclap+1"],"picked":"Iron Wave+1","floor":24},{"not_picked":["True Grit","Double Tap"],"picked":"Reaper+1","floor":25}],"player_experience":1282517,"relics_obtained":[{"floor":7,"key":"Boot"},{"floor":9,"key":"Molten Egg 2"},{"floor":11,"key":"Bag of Marbles"},{"floor":14,"key":"Pear"},{"floor":25,"key":"Pen Nib"},{"floor":26,"key":"The Courier"}],"event_choices":[{"cards_removed":["Strike_R"],"damage_healed":0,"gold_gain":0,"player_choice":"Card Removal","damage_taken":7,"max_hp_gain":0,"max_hp_loss":0,"event_name":"Golden Wing","floor":3,"gold_loss":0},{"damage_healed":0,"gold_gain":0,"player_choice":"Grow","damage_taken":0,"max_hp_gain":0,"max_hp_loss":0,"event_name":"Living Wall","floor":4,"gold_loss":0,"cards_upgraded":["Armaments"]},{"damage_healed":0,"gold_gain":0,"player_choice":"Got Potions","damage_taken":0,"max_hp_gain":0,"max_hp_loss":0,"event_name":"Lab","floor":5,"gold_loss":0},{"damage_healed":0,"gold_gain":0,"player_choice":"Ignored","damage_taken":0,"max_hp_gain":0,"max_hp_loss":0,"event_name":"Liars Game","floor":13,"gold_loss":0},{"damage_healed":0,"gold_gain":0,"player_choice":"Shed Blood","damage_taken":30,"max_hp_gain":5,"max_hp_loss":0,"event_name":"Forgotten Altar","floor":19,"gold_loss":0},{"damage_healed":0,"gold_gain":0,"player_choice":"Gave Potion","damage_taken":0,"relics_obtained":["Meat on the Bone"],"max_hp_gain":0,"max_hp_loss":0,"event_name":"WeMeetAgain","floor":20,"gold_loss":0},{"damage_healed":0,"gold_gain":0,"player_choice":"Read","damage_taken":0,"max_hp_gain":0,"max_hp_loss":0,"event_name":"The Library","floor":28,"gold_loss":0,"cards_obtained":["Shrug It Off"]}],"is_beta":false,"boss_relics":[{"not_picked":["Philosopher\u0027s Stone","Busted Crown"],"picked":"Sozu"}],"items_purged_floors":[],"is_endless":false,"potions_floor_spawned":[11,12,16,18,21],"killed_by":"Slavers","ascension_level":20}