{"gold_per_floor":[119,119,119,144,114,114,145,145,168,184,202,246,26,44,44,167,167,182,201,226,247,271,271,309,47,73,73,89,89,105,105,105,229,229,245,245,264,285,345,345,345,345,345,364,388,40,40,40,40,40],"floor_reached":51,"playtime":3706,"items_purged":["Defend_G","Parasite"],"score":719,"play_id":"e9c15d81-d5ed-4d69-9b0e-826490c94734","local_time":"20190427221017","is_ascension_mode":true,"campfire_choices":[{"data":"Neutralize","floor":6,"key":"SMITH"},{"data":"Leg Sweep","floor":8,"key":"SMITH"},{"floor":15,"key":"REST"},{"data":"Infinite Blades","floor":23,"key":"SMITH"},{"data":"Apotheosis","floor":29,"key":"SMITH"},{"floor":32,"key":"REST"},{"floor":40,"key":"REST"},{"floor":42,"key":"REST"},{"floor":49,"key":"REST"}],"neow_cost":"NONE","seed_source_timestamp":56921263875476,"circlet_count":0,"master_deck":["Defend_G+1","Defend_G+1","Defend_G","Strike_G","Survivor","Neutralize+1","Leg Sweep+1","Die Die Die","Well Laid Plans","Infinite Blades+1","Adrenaline","Predator+1","Die Die Die+1","Bane+1","Acrobatics","Cloak And Dagger","Apotheosis+1","Adrenaline","Finisher+1","Dodge and Roll","Madness","Madness","Cloak And Dagger","Finisher+1","Noxious Fumes","Phantasmal Killer","Jack Of All Trades"],"relics":["Busted Crown","Golden Idol","Mercury Hourglass","War Paint","Happy Flower","Potion Belt","Vajra","Astrolabe","Art of War","Anchor","Fusion Hammer","The Specimen","Bag of Marbles"],"potions_floor_usage":[7,7,16,33,33,37,37,39,39,44,44,45,50,50,50,50],"damage_taken":[{"damage":1,"enemies":"Small Slimes","floor":1,"turns":3},{"damage":0,"enemies":"Jaw Worm","floor":4,"turns":3},{"damage":15,"enemies":"Gremlin Nob","floor":7,"turns":4},{"damage":0,"enemies":"Cultist","floor":10,"turns":4},{"damage":0,"enemies":"Blue Slaver","floor":11,"turns":3},{"damage":0,"enemies":"Lagavulin","floor":12,"turns":8},{"damage":4,"enemies":"Lots of Slimes","floor":14,"turns":2},{"damage":48,"enemies":"Slime Boss","floor":16,"turns":12},{"damage":17,"enemies":"3 Byrds","floor":18,"turns":3},{"damage":0,"enemies":"Chosen","floor":19,"turns":3},{"damage":0,"enemies":"3 Cultists","floor":20,"turns":3},{"damage":5,"enemies":"Chosen and Byrds","floor":21,"turns":3},{"damage":13,"enemies":"Snake Plant","floor":22,"turns":3},{"damage":1,"enemies":"Gremlin Leader","floor":24,"turns":7},{"damage":0,"enemies":"Cultist and Chosen","floor":28,"turns":4},{"damage":0,"enemies":"3 Cultists","floor":30,"turns":3},{"damage":7,"enemies":"Collector","floor":33,"turns":6},{"damage":0,"enemies":"3 Shapes","floor":35,"turns":2},{"damage":0,"enemies":"3 Darklings","floor":37,"turns":3},{"damage":0,"enemies":"Writhing Mass","floor":38,"turns":6},{"damage":14,"enemies":"2 Orb Walkers","floor":39,"turns":5},{"damage":4,"enemies":"Sphere and 2 Shapes","floor":44,"turns":3},{"damage":14,"enemies":"Maw","floor":45,"turns":6},{"damage":66,"enemies":"Time Eater","floor":50,"turns":8}],"seed_played":"-4641893593932025782","potions_obtained":[{"floor":5,"key":"SkillPotion"},{"floor":5,"key":"LiquidBronze"},{"floor":10,"key":"Weak Potion"},{"floor":16,"key":"PowerPotion"},{"floor":21,"key":"Energy Potion"},{"floor":22,"key":"Block Potion"},{"floor":28,"key":"SteroidPotion"},{"floor":30,"key":"Block Potion"},{"floor":33,"key":"Weak Potion"},{"floor":35,"key":"SkillPotion"},{"floor":39,"key":"Ancient Potion"},{"floor":45,"key":"AttackPotion"}],"is_trial":false,"path_per_floor":["M","?","T","M","?","R","E","R","T","M","M","E","$","M","R","B",null,"M","M","M","M","M","R","E","$","T","?","M","R","M","?","R","B",null,"M","?","M","M","?","R","?","R","T","M","M","$","?","$","R","B",null],"character_chosen":"THE_SILENT","items_purchased":["Vajra","Well Laid Plans","Apotheosis","Phantasmal Killer","Jack Of All Trades"],"campfire_rested":5,"item_purchase_floors":[13,13,25,46,46],"current_hp_per_floor":[69,52,52,52,52,52,37,37,37,37,37,37,37,33,54,6,70,53,53,53,48,35,35,34,34,34,34,34,34,34,34,55,48,70,70,61,61,61,47,68,68,70,70,66,52,52,77,77,77,11],"gold":40,"neow_bonus":"BOSS_RELIC","is_prod":false,"is_daily":false,"chose_seed":false,"campfire_upgraded":4,"win_rate":0,"timestamp":1556417417,"path_taken":["M","?","?","?","?","R","E","R","T","?","M","E","?","M","R","BOSS","M","?","M","?","M","R","E","$","T","?","M","R","M","?","R","BOSS","M","?","M","M","?","R","?","R","T","M","M","$","?","$","R","BOSS"],"build_version":"2019-01-23","purchased_purges":2,"victory":true,"max_hp_per_floor":[70,70,70,70,70,70,70,70,70,70,70,70,70,70,70,70,70,70,70,70,70,70,70,70,70,70,70,70,70,70,70,70,70,70,70,70,70,70,70,70,70,70,70,70,70,67,77,77,77,77],"card_choices":[{"not_picked":["Deadly Poison"],"picked":"SKIP","floor":1},{"not_picked":["Flying Knee"],"picked":"SKIP","floor":4},{"not_picked":[],"picked":"Leg Sweep","floor":7},{"not_picked":["Flying Knee"],"picked":"SKIP","floor":10},{"not_picked":[],"picked":"Die Die Die","floor":11},{"not_picked":["Slice"],"picked":"SKIP","floor":12},{"not_picked":[],"picked":"Infinite Blades","floor":14},{"not_picked":[],"picked":"Adrenaline","floor":16},{"not_picked":["Bane+1"],"picked":"SKIP","floor":18},{"not_picked":["Bouncing Flask"],"picked":"SKIP","floor":19},{"not_picked":["Tactician"],"picked":"SKIP","floor":20},{"not_picked":["Choke"],"picked":"SKIP","floor":21},{"not_picked":[],"picked":"Acrobatics","floor":22},{"not_picked":[],"picked":"Cloak And Dagger","floor":24},{"not_picked":["Predator"],"picked":"SKIP","floor":28},{"not_picked":[],"picked":"Finisher+1","floor":30},{"not_picked":[],"picked":"Venomology","floor":33},{"not_picked":[],"picked":"Dodge and Roll","floor":35},{"not_picked":["Slice+1"],"picked":"SKIP","floor":37},{"not_picked":["Poisoned Stab"],"picked":"SKIP","floor":38},{"not_picked":[],"picked":"Cloak And Dagger","floor":39},{"not_picked":[],"picked":"Finisher+1","floor":44},{"not_picked":[],"picked":"Noxious Fumes","floor":45}],"player_experience":176328,"relics_obtained":[{"floor":3,"key":"Mercury Hourglass"},{"floor":7,"key":"War Paint"},{"floor":9,"key":"Happy Flower"},{"floor":12,"key":"Potion Belt"},{"floor":24,"key":"Art of War"},{"floor":26,"key":"Anchor"},{"floor":39,"key":"The Specimen"},{"floor":43,"key":"Bag of Marbles"}],"event_choices":[{"damage_healed":0,"gold_gain":0,"player_choice":"Take Damage","damage_taken":17,"relics_obtained":["Golden Idol"],"max_hp_gain":0,"max_hp_loss":0,"event_name":"Golden Idol","floor":2,"gold_loss":0},{"damage_healed":0,"gold_gain":0,"player_choice":"Bought 2 Potions","damage_taken":0,"max_hp_gain":0,"max_hp_loss":0,"event_name":"The Woman in Blue","floor":5,"gold_loss":0},{"damage_healed":0,"gold_gain":0,"player_choice":"Read","damage_taken":0,"max_hp_gain":0,"max_hp_loss":0,"event_name":"The Library","floor":27,"gold_loss":0,"cards_obtained":["Adrenaline"]},{"cards_removed":["Strike_G"],"damage_healed":0,"gold_gain":0,"player_choice":"Elegance","damage_taken":0,"max_hp_gain":0,"max_hp_loss":0,"event_name":"Back to Basics","floor":31,"gold_loss":0},{"damage_healed":0,"gold_gain":0,"player_choice":"Embrace Madness","damage_taken":9,"max_hp_gain":0,"max_hp_loss":0,"event_name":"Winding Halls","floor":36,"gold_loss":0,"cards_obtained":["Madness","Madness"]},{"damage_healed":0,"gold_gain":0,"player_choice":"Fight","damage_taken":0,"max_hp_gain":0,"max_hp_loss":0,"event_name":"Mysterious Sphere","floor":39,"gold_loss":0},{"cards_removed":["Strike_G"],"damage_healed":0,"gold_gain":0,"player_choice":"Removed Attack","damage_taken":0,"max_hp_gain":0,"max_hp_loss":0,"event_name":"Falling","floor":41,"gold_loss":0},{"cards_removed":["Venomology"],"damage_healed":15,"gold_gain":0,"player_choice":"Offered Rare","damage_taken":0,"max_hp_gain":10,"max_hp_loss":0,"event_name":"Bonfire Elementals","floor":47,"gold_loss":0}],"is_beta":false,"boss_relics":[{"not_picked":["White Beast Statue","Coffee Dripper"],"picked":"Astrolabe"},{"not_picked":["Snecko Eye","Cursed Key"],"picked":"Fusion Hammer"}],"items_purged_floors":[25,46],"is_endless":false,"potions_floor_spawned":[10,16,21,22,28,30,33,35,39,45],"ascension_level":2}