{"gold_per_floor":[117,135,135,135,135,135,163,163,232,232,264,274,31,48,48,48],"floor_reached":16,"playtime":470,"items_purged":[],"score":216,"play_id":"5126fe97-bfe4-42dc-baec-d6e933c7bf41","local_time":"20181119180303","is_ascension_mode":true,"campfire_choices":[{"data":"Wild Strike","floor":6,"key":"SMITH"},{"floor":8,"key":"REST"},{"data":"Spot Weakness","floor":10,"key":"SMITH"},{"data":"Apotheosis","floor":15,"key":"SMITH"}],"neow_cost":"CURSE","seed_source_timestamp":454052253022381,"circlet_count":0,"master_deck":["AscendersBane","Strike_R","Strike_R","Strike_R+1","Strike_R","Strike_R","Defend_R","Defend_R","Defend_R+1","Defend_R","Bash+1","Wild Strike+1","Spot Weakness+1","Pommel Strike","Armaments","Wild Strike","Apotheosis+1","Feel No Pain","True Grit","Power Through"],"relics":["Burning Blood","Oddly Smooth Stone","The Courier","Champion Belt"],"potions_floor_usage":[7,11,16],"damage_taken":[{"damage":1,"enemies":"Small Slimes","floor":1,"turns":4},{"damage":2,"enemies":"2 Louse","floor":2,"turns":3},{"damage":42,"enemies":"Gremlin Nob","floor":7,"turns":5},{"damage":22,"enemies":"3 Sentries","floor":11,"turns":7},{"damage":0,"enemies":"Cultist","floor":12,"turns":3},{"damage":8,"enemies":"Exordium Wildlife","floor":14,"turns":6},{"damage":39,"enemies":"Hexaghost","floor":16,"turns":9}],"seed_played":"6299920100645797556","potions_obtained":[{"floor":1,"key":"Weak Potion"},{"floor":7,"key":"SneckoOil"},{"floor":12,"key":"Fruit Juice"}],"is_trial":false,"path_per_floor":["M","M","?","?","?","R","E","R","T","R","E","M","$","M","R","B"],"character_chosen":"IRONCLAD","items_purchased":["Apotheosis","Feel No Pain","True Grit"],"campfire_rested":1,"item_purchase_floors":[13,13,13],"current_hp_per_floor":[87,89,62,55,55,55,19,45,45,45,29,35,35,33,33,0],"gold":48,"neow_bonus":"TWENTY_PERCENT_HP_BONUS","is_prod":false,"is_daily":false,"chose_seed":false,"campfire_upgraded":3,"win_rate":0,"timestamp":1542668583,"path_taken":["M","M","?","?","?","R","E","R","T","R","E","M","$","M","R","BOSS"],"build_version":"2018-11-15","purchased_purges":0,"victory":false,"max_hp_per_floor":[89,89,89,89,89,89,89,89,89,89,89,89,89,89,89,94],"card_choices":[{"not_picked":["Searing Blow","Infernal Blade"],"picked":"Wild Strike","floor":1},{"not_picked":["Dual Wield","Shockwave"],"picked":"Spot Weakness","floor":2},{"not_picked":["Wild Strike","Body Slam"],"picked":"Pommel Strike","floor":7},{"not_picked":["Second Wind","Perfected Strike"],"picked":"Armaments","floor":11},{"not_picked":["Entrench","Clash"],"picked":"Wild Strike","floor":12},{"not_picked":["Warcry","Anger"],"picked":"Power Through","floor":14}],"player_experience":1119656,"relics_obtained":[{"floor":7,"key":"Oddly Smooth Stone"},{"floor":9,"key":"The Courier"},{"floor":11,"key":"Champion Belt"}],"event_choices":[{"damage_healed":0,"gold_gain":0,"player_choice":"Entered Light","damage_taken":27,"max_hp_gain":0,"max_hp_loss":0,"event_name":"Shining Light","floor":3,"gold_loss":0,"cards_upgraded":["Defend_R","Strike_R"]},{"cards_removed":["Writhe"],"damage_healed":0,"gold_gain":0,"player_choice":"Card Removal","damage_taken":7,"max_hp_gain":0,"max_hp_loss":0,"event_name":"Golden Wing","floor":4,"gold_loss":0},{"damage_healed":0,"gold_gain":0,"player_choice":"Grow","damage_taken":0,"max_hp_gain":0,"max_hp_loss":0,"event_name":"Living Wall","floor":5,"gold_loss":0,"cards_upgraded":["Bash"]}],"is_beta":false,"boss_relics":[],"items_purged_floors":[],"is_endless":false,"potions_floor_spawned":[1,7,12],"killed_by":"Hexaghost","ascension_level":20}