{"gold_per_floor":[116,128,141,0,15,41,41,66,135,11,31,31,45,57,57,154,154,170,420,420,117,216,242,242,267,267,267,280,280,310,324,324,425,425,443,455,465,145,145,145,145,170,221,221,36,56,56,56,56,56],"floor_reached":50,"playtime":2936,"items_purged":["Regret","Normality"],"score":853,"play_id":"2b98a973-e1e4-4a54-8efb-4f67d44d9d04","local_time":"20180731203623","is_ascension_mode":true,"campfire_choices":[{"data":"Infernal Blade","floor":7,"key":"SMITH"},{"data":"Perfected Strike","floor":12,"key":"SMITH"},{"data":"Perfected Strike","floor":15,"key":"SMITH"},{"data":"Armaments","floor":24,"key":"SMITH"},{"floor":27,"key":"REST"},{"data":"Perfected Strike","floor":29,"key":"SMITH"},{"data":"Demon Form","floor":32,"key":"SMITH"},{"data":"True Grit","floor":40,"key":"SMITH"},{"data":"Heavy Blade","floor":44,"key":"SMITH"},{"data":"Flame Barrier","floor":47,"key":"SMITH"},{"data":"Apotheosis","floor":49,"key":"SMITH"}],"neow_cost":"NONE","seed_source_timestamp":76012994476000,"circlet_count":0,"master_deck":["Strike_R+1","Strike_R","Strike_R","Strike_R","Defend_R","Defend_R","Defend_R","Defend_R","Bash","Reckless Charge","Armaments+1","Wild Strike","Perfected Strike+1","Impervious","Infernal Blade+1","Metallicize","Feel No Pain","Wild Strike","Perfected Strike+1","Immolate","Heavy Blade+1","Fiend Fire","Perfected Strike+1","Demon Form+1","Perfected Strike+1","Perfected Strike+1","Feel No Pain","True Grit+1","Burning Pact","Feel No Pain+1","Infernal Blade+1","Warcry","Reaper","Perfected Strike+1","Evolve+1","Feel No Pain+1","Battle Trance+1","Feed","Clumsy","Feel No Pain+1","Flame Barrier+1","Twin Strike","Perfected Strike+1","Apotheosis+1"],"relics":["Burning Blood","Bottled Flame","Dead Branch","Dodecahedron","Cursed Key","Regal Pillow","Whetstone","Art of War","Gremlin Horn","Frozen Egg 2","Eternal Feather","Juzu Bracelet","Thread and Needle","Du-Vu Doll","Dream Catcher"],"potions_floor_usage":[6,11,18,30,30,33,37,42,50,50],"damage_taken":[{"damage":1,"enemies":"Cultist","floor":1,"turns":3},{"damage":2,"enemies":"Jaw Worm","floor":2,"turns":4},{"damage":2,"enemies":"2 Louse","floor":3,"turns":4},{"damage":1,"enemies":"2 Fungi Beasts","floor":5,"turns":2},{"damage":20,"enemies":"Lagavulin","floor":6,"turns":9},{"damage":16,"enemies":"3 Sentries","floor":8,"turns":10},{"damage":0,"enemies":"Lots of Slimes","floor":11,"turns":2},{"damage":6,"enemies":"Looter","floor":13,"turns":2},{"damage":0,"enemies":"Large Slime","floor":14,"turns":3},{"damage":3,"enemies":"Slime Boss","floor":16,"turns":7},{"damage":2,"enemies":"3 Byrds","floor":18,"turns":4},{"damage":13,"enemies":"Gremlin Leader","floor":23,"turns":4},{"damage":22,"enemies":"Slavers","floor":25,"turns":4},{"damage":1,"enemies":"2 Thieves","floor":28,"turns":3},{"damage":2,"enemies":"Gremlin Leader","floor":30,"turns":6},{"damage":11,"enemies":"3 Cultists","floor":31,"turns":4},{"damage":36,"enemies":"Collector","floor":33,"turns":8},{"damage":67,"enemies":"3 Darklings","floor":35,"turns":21},{"damage":6,"enemies":"3 Shapes","floor":36,"turns":3},{"damage":54,"enemies":"3 Darklings","floor":37,"turns":5},{"damage":3,"floor":41,"turns":10},{"damage":45,"enemies":"Nemesis","floor":42,"turns":9},{"damage":29,"enemies":"Spire Growth","floor":46,"turns":5},{"damage":84,"enemies":"Time Eater","floor":50,"turns":7}],"seed_played":"2449719964716311748","potions_obtained":[{"floor":2,"key":"SpeedPotion"},{"floor":5,"key":"Block Potion"},{"floor":11,"key":"GamblersBrew"},{"floor":13,"key":"Weak Potion"},{"floor":14,"key":"EssenceOfSteel"},{"floor":16,"key":"Fire Potion"},{"floor":30,"key":"Weak Potion"},{"floor":33,"key":"Strength Potion"},{"floor":36,"key":"Dexterity Potion"},{"floor":37,"key":"Weak Potion"},{"floor":46,"key":"LiquidBronze"}],"is_trial":false,"path_per_floor":["M","M","M","$","M","E","R","E","T","$","M","R","M","M","R","B",null,"M","?","?","$","?","E","R","E","T","R","M","R","E","M","R","B",null,"M","M","M","$","?","R","?","E","T","R","$","M","R","?","R"],"character_chosen":"IRONCLAD","items_purchased":["Impervious","Infernal Blade","Perfected Strike","Immolate","Feel No Pain","True Grit","Regal Pillow","Feel No Pain+1","Juzu Bracelet","Feel No Pain+1","Flame Barrier","Twin Strike"],"campfire_rested":1,"item_purchase_floors":[4,4,10,10,21,21,21,38,38,45,45,45],"current_hp_per_floor":[77,80,80,80,80,66,66,56,56,56,62,62,62,68,68,71,78,80,80,80,80,80,73,73,57,57,80,80,80,80,75,75,45,71,80,83,51,51,51,72,81,42,42,63,63,47,71,71,83,0],"gold":56,"neow_bonus":"TRANSFORM_CARD","is_prod":false,"is_daily":false,"chose_seed":false,"campfire_upgraded":10,"win_rate":0,"timestamp":1533083783,"path_taken":["M","M","M","?","?","E","R","E","T","?","M","R","?","M","R","BOSS","M","?","?","$","?","E","R","E","T","R","M","R","E","M","R","BOSS","M","M","M","$","?","R","?","E","T","R","?","M","R","?","R","BOSS"],"build_version":"2018-07-26","purchased_purges":2,"victory":false,"max_hp_per_floor":[80,80,80,80,80,80,80,80,80,80,80,80,80,80,80,80,80,80,80,80,80,80,80,80,80,80,80,80,80,80,80,80,80,80,80,83,83,83,83,83,83,83,83,83,83,83,83,83,83,83],"card_choices":[{"not_picked":["Carnage","Cleave"],"picked":"Armaments","floor":1},{"not_picked":["Iron Wave","Flex"],"picked":"Wild Strike","floor":2},{"not_picked":["Havoc","Body Slam"],"picked":"Perfected Strike","floor":3},{"not_picked":["Twin Strike","Fire Breathing"],"picked":"Metallicize","floor":5},{"not_picked":["Anger","Heavy Blade"],"picked":"Feel No Pain","floor":6},{"not_picked":["Bloodletting","Evolve"],"picked":"Wild Strike","floor":8},{"not_picked":["Sword Boomerang","Rupture"],"picked":"Heavy Blade","floor":11},{"not_picked":["Power Through","Sever Soul"],"picked":"Fiend Fire","floor":13},{"not_picked":["Headbutt","Heavy Blade"],"picked":"Perfected Strike","floor":14},{"not_picked":["Fiend Fire","Exhume"],"picked":"Demon Form","floor":16},{"not_picked":["Clothesline","Uppercut"],"picked":"Perfected Strike","floor":18},{"not_picked":["Havoc","Second Wind"],"picked":"Burning Pact","floor":23},{"not_picked":["Body Slam","Flex"],"picked":"Feel No Pain+1","floor":25},{"not_picked":["Bloodletting","Carnage"],"picked":"Infernal Blade+1","floor":28},{"not_picked":["Bloodletting+1","Hemokinesis","Iron Wave"],"picked":"SKIP","floor":30},{"not_picked":["Flex","Twin Strike"],"picked":"Warcry","floor":31},{"not_picked":["Double Tap","Immolate"],"picked":"Reaper","floor":33},{"not_picked":["Infernal Blade","Clothesline+1"],"picked":"Perfected Strike+1","floor":35},{"not_picked":["Sever Soul+1","Sword Boomerang+1"],"picked":"Evolve+1","floor":36},{"not_picked":["Clash","Havoc","Anger"],"picked":"SKIP","floor":37},{"not_picked":["Pummel+1","Bloodletting+1"],"picked":"Battle Trance+1","floor":41},{"not_picked":["Second Wind+1","Cleave+1"],"picked":"Feed","floor":42},{"not_picked":["Second Wind+1","Body Slam"],"picked":"Perfected Strike+1","floor":46},{"not_picked":["Magnetism+1","Dark Shackles"],"picked":"Apotheosis","floor":48}],"player_experience":412070,"relics_obtained":[{"floor":6,"key":"Bottled Flame"},{"floor":8,"key":"Dead Branch"},{"floor":9,"key":"Dodecahedron"},{"floor":23,"key":"Whetstone"},{"floor":25,"key":"Art of War"},{"floor":26,"key":"Gremlin Horn"},{"floor":30,"key":"Frozen Egg 2"},{"floor":41,"key":"Thread and Needle"},{"floor":42,"key":"Du-Vu Doll"},{"floor":43,"key":"Dream Catcher"}],"event_choices":[{"event_name":"Golden Shrine","player_choice":"Desecrate","floor":19,"damage_taken":0},{"event_name":"Duplicator","player_choice":"One dupe","floor":20,"damage_taken":0},{"event_name":"Nest","player_choice":"Stole From Cult","floor":22,"damage_taken":0},{"event_name":"SecretPortal","player_choice":"Rejected Portal.","floor":39,"damage_taken":0},{"event_name":"MindBloom","player_choice":"Fight","floor":41,"damage_taken":0},{"event_name":"SensoryStone","player_choice":"Memory 1","floor":48,"damage_taken":0}],"is_beta":false,"boss_relics":[{"not_picked":["Lizard Tail","Astrolabe"],"picked":"Cursed Key"},{"not_picked":["Calling Bell","Busted Crown"],"picked":"Eternal Feather"}],"items_purged_floors":[21,38],"is_endless":false,"potions_floor_spawned":[2,5,11,13,14,16,30,33,36,37,46],"killed_by":"Time Eater","ascension_level":8}