{"gold_per_floor":[210,229,7,20,95,129,129,154,154,174,174,174],"floor_reached":12,"playtime":956,"items_purged":[],"score":92,"play_id":"10e467ea-ff11-43c3-b7bc-c686d7861865","local_time":"20190709040511","is_ascension_mode":true,"campfire_choices":[{"data":"Inflame","floor":7,"key":"SMITH"}],"neow_cost":"NONE","seed_source_timestamp":258350376655629,"circlet_count":0,"master_deck":["Strike_R","Strike_R","Strike_R","Strike_R","Strike_R","Defend_R+1","Defend_R","Defend_R+1","Defend_R","Bash","Inflame+1","Cleave","Second Wind","Body Slam","Heavy Blade","Cleave","Blood for Blood"],"relics":["Burning Blood","Oddly Smooth Stone","War Paint","Frozen Egg 2","Happy Flower"],"potions_floor_usage":[6,6,8],"damage_taken":[{"damage":5,"enemies":"2 Louse","floor":1,"turns":3},{"damage":6,"enemies":"Cultist","floor":2,"turns":3},{"damage":0,"enemies":"Small Slimes","floor":4,"turns":3},{"damage":31,"enemies":"Lagavulin","floor":6,"turns":6},{"damage":45,"enemies":"Gremlin Nob","floor":8,"turns":6},{"damage":4,"enemies":"Gremlin Gang","floor":10,"turns":3},{"damage":12,"enemies":"3 Louse","floor":12,"turns":1}],"seed_played":"-2936046179049018044","potions_obtained":[{"floor":1,"key":"Regen Potion"},{"floor":2,"key":"Block Potion"},{"floor":4,"key":"Poison Potion"}],"is_trial":false,"path_per_floor":["M","M","$","M","?","E","R","E","T","M","?","M"],"character_chosen":"IRONCLAD","items_purchased":["Second Wind","Oddly Smooth Stone"],"campfire_rested":0,"item_purchase_floors":[3,3],"current_hp_per_floor":[80,80,80,80,69,56,56,17,17,19,11,0],"gold":174,"neow_bonus":"HUNDRED_GOLD","is_prod":false,"is_daily":false,"chose_seed":false,"campfire_upgraded":1,"win_rate":0,"timestamp":1562670311,"path_taken":["M","M","$","M","?","E","R","E","T","M","?","?"],"build_version":"2019-07-05","purchased_purges":0,"victory":false,"max_hp_per_floor":[80,80,80,80,80,80,80,80,80,80,80,80],"card_choices":[{"not_picked":["Combust","Battle Trance"],"picked":"Inflame","floor":1},{"not_picked":["Armaments","Carnage"],"picked":"Cleave","floor":2},{"not_picked":["Havoc","Carnage"],"picked":"Body Slam","floor":4},{"not_picked":["Pummel","Second Wind"],"picked":"Heavy Blade","floor":6},{"not_picked":["Warcry","True Grit"],"picked":"Cleave","floor":8},{"not_picked":["Ghostly Armor","Clash"],"picked":"Blood for Blood","floor":10}],"player_experience":230043,"relics_obtained":[{"floor":6,"key":"War Paint"},{"floor":8,"key":"Frozen Egg 2"},{"floor":9,"key":"Happy Flower"}],"event_choices":[{"damage_healed":0,"gold_gain":75,"player_choice":"Gather Gold","damage_taken":11,"max_hp_gain":0,"max_hp_loss":0,"event_name":"World of Goop","floor":5,"gold_loss":0},{"damage_healed":0,"gold_gain":0,"player_choice":"Damaged","damage_taken":8,"max_hp_gain":0,"max_hp_loss":0,"event_name":"Wheel of Change","floor":11,"gold_loss":0}],"is_beta":false,"boss_relics":[],"items_purged_floors":[],"is_endless":false,"potions_floor_spawned":[1,2,4],"killed_by":"3 Louse","ascension_level":1}