{"gold_per_floor":[115,115,115,115,115,147,147,147,147,166,166,34,34,62,62,141,141,155,39,50,63,63,63,90,360,412,327,327,355,382,409,409,409],"floor_reached":33,"playtime":1512,"items_purged":["Strike_B"],"score":635,"play_id":"a58e9bd4-abb7-430b-beb4-36c8b925c92b","local_time":"20181129120353","is_ascension_mode":true,"campfire_choices":[{"data":"Fission","floor":7,"key":"SMITH"},{"floor":11,"key":"REST"},{"data":"Self Repair","floor":13,"key":"SMITH"},{"data":"Darkness","floor":15,"key":"SMITH"},{"data":"Multi-Cast","floor":23,"key":"SMITH"},{"floor":28,"key":"REST"},{"data":"Coolheaded","floor":32,"key":"SMITH"}],"neow_cost":"NONE","seed_source_timestamp":341239943414894,"circlet_count":0,"master_deck":["AscendersBane","Defend_B","Defend_B","Defend_B","Defend_B","Zap+1","Dualcast","Fission+1","Compile Driver","Self Repair+1","Gash","Cold Snap","Darkness+1","Multi-Cast+1","Hologram+1","Core Surge","Compile Driver","Coolheaded+1","Conserve Battery","Bite","Bite","Bite","Bite","Bite","Hologram","All For One","Blizzard+1"],"relics":["Cracked Core","Pen Nib","Shuriken","The Courier","Velvet Choker","Thread and Needle","Juzu Bracelet","Regal Pillow","Sundial","PreservedInsect","Potion Belt"],"potions_floor_usage":[14,14,16,16,29,31,33],"damage_taken":[{"damage":2,"enemies":"Jaw Worm","floor":1,"turns":3},{"damage":40,"enemies":"3 Sentries","floor":6,"turns":12},{"damage":0,"enemies":"2 Louse","floor":10,"turns":3},{"damage":26,"enemies":"Lagavulin","floor":14,"turns":7},{"damage":9,"enemies":"The Guardian","floor":16,"turns":9},{"damage":16,"enemies":"Spheric Guardian","floor":18,"turns":4},{"damage":7,"enemies":"Chosen","floor":20,"turns":3},{"damage":25,"enemies":"Snake Plant","floor":21,"turns":5},{"damage":24,"enemies":"Gremlin Leader","floor":24,"turns":6},{"damage":36,"enemies":"Slavers","floor":29,"turns":8},{"damage":35,"enemies":"Gremlin Leader","floor":31,"turns":9},{"damage":53,"enemies":"Champ","floor":33,"turns":10}],"seed_played":"-8954929993080937024","potions_obtained":[{"floor":8,"key":"Fire Potion"},{"floor":8,"key":"EntropicBrew"},{"floor":18,"key":"LiquidBronze"},{"floor":20,"key":"Energy Potion"},{"floor":24,"key":"Explosive Potion"},{"floor":29,"key":"EssenceOfSteel"},{"floor":31,"key":"SpeedPotion"}],"is_trial":false,"path_per_floor":["M","?","?","?","?","E","R","?","T","M","R","$","R","E","R","B",null,"M","$","M","M","?","R","E","?","T","?","R","E","T","E","R","B"],"character_chosen":"DEFECT","items_purchased":["Cold Snap","Core Surge","Compile Driver"],"campfire_rested":2,"item_purchase_floors":[12,19,19],"current_hp_per_floor":[62,55,55,55,44,6,6,6,6,15,36,36,36,22,22,25,60,56,56,61,48,48,48,46,18,18,18,54,30,30,27,27,0],"gold":409,"neow_bonus":"ONE_RANDOM_RARE_CARD","is_prod":false,"is_daily":false,"chose_seed":false,"campfire_upgraded":5,"win_rate":0,"timestamp":1543511033,"path_taken":["M","?","?","?","?","E","R","?","T","?","R","$","R","E","R","BOSS","M","$","M","M","?","R","E","?","T","?","R","E","?","E","R","BOSS"],"build_version":"2018-11-15","purchased_purges":1,"victory":false,"max_hp_per_floor":[71,71,71,71,71,71,71,71,71,71,71,71,71,71,71,71,71,71,71,71,71,71,71,71,71,71,71,71,71,71,71,71,71],"card_choices":[{"not_picked":["Sweeping Beam","Leap"],"picked":"Compile Driver","floor":1},{"not_picked":["Doom and Gloom","Turbo"],"picked":"Self Repair","floor":6},{"not_picked":["Conserve Battery","Rebound"],"picked":"Gash","floor":10},{"not_picked":["Beam Cell","Reboot"],"picked":"Darkness","floor":14},{"not_picked":["Buffer","Hyperbeam"],"picked":"Multi-Cast","floor":16},{"not_picked":["Go for the Eyes","Rebound"],"picked":"Hologram+1","floor":18},{"not_picked":["Streamline","Barrage"],"picked":"Coolheaded","floor":20},{"not_picked":["Redo","Coolheaded"],"picked":"Conserve Battery","floor":21},{"not_picked":["Consume","Redo"],"picked":"Hologram","floor":24},{"not_picked":["Self Repair","Barrage"],"picked":"All For One","floor":29},{"not_picked":["Redo","Reinforced Body"],"picked":"Blizzard+1","floor":31}],"player_experience":1192577,"relics_obtained":[{"floor":6,"key":"Pen Nib"},{"floor":9,"key":"Shuriken"},{"floor":14,"key":"The Courier"},{"floor":24,"key":"Thread and Needle"},{"floor":26,"key":"Juzu Bracelet"},{"floor":29,"key":"Sundial"},{"floor":30,"key":"PreservedInsect"},{"floor":31,"key":"Potion Belt"}],"event_choices":[{"cards_removed":["Strike_B"],"damage_healed":0,"gold_gain":0,"player_choice":"Card Removal","damage_taken":7,"max_hp_gain":0,"max_hp_loss":0,"event_name":"Golden Wing","floor":2,"gold_loss":0},{"damage_healed":0,"gold_gain":0,"player_choice":"Grow","damage_taken":0,"max_hp_gain":0,"max_hp_loss":0,"event_name":"Living Wall","floor":3,"gold_loss":0,"cards_upgraded":["Zap"]},{"damage_healed":0,"gold_gain":0,"player_choice":"Ignored","damage_taken":0,"max_hp_gain":0,"max_hp_loss":0,"event_name":"Liars Game","floor":4,"gold_loss":0},{"damage_healed":0,"gold_gain":0,"player_choice":"Success","damage_taken":11,"relics_obtained":["Blood Vial"],"max_hp_gain":0,"max_hp_loss":0,"event_name":"Scrap Ooze","floor":5,"gold_loss":0},{"damage_healed":0,"gold_gain":0,"player_choice":"Got Potions","damage_taken":0,"max_hp_gain":0,"max_hp_loss":0,"event_name":"Lab","floor":8,"gold_loss":0},{"damage_healed":0,"gold_gain":0,"player_choice":"Became a vampire (Vial)","damage_taken":0,"max_hp_gain":0,"max_hp_loss":0,"event_name":"Vampires","floor":22,"relics_lost":["Blood Vial"],"gold_loss":0,"cards_obtained":["Bite","Bite","Bite","Bite","Bite"]},{"damage_healed":0,"gold_gain":270,"player_choice":"GOLD GOLD GOLD ","damage_taken":28,"max_hp_gain":0,"max_hp_loss":0,"event_name":"Knowing Skull","floor":25,"potions_obtained":[],"gold_loss":0,"cards_obtained":[]},{"damage_healed":0,"gold_gain":0,"player_choice":"Obtained Relic","damage_taken":0,"relics_obtained":["Regal Pillow"],"max_hp_gain":0,"max_hp_loss":0,"event_name":"Addict","floor":27,"gold_loss":85}],"is_beta":false,"boss_relics":[{"not_picked":["White Beast Statue","Sozu"],"picked":"Velvet Choker"}],"items_purged_floors":[12],"is_endless":false,"potions_floor_spawned":[14,18,20,24,29,31],"killed_by":"Champ","ascension_level":20}