{"gold_per_floor":[115,130,140,31,50,50,78,78,78,97,97,124,137,166,166,267,267,280,280,300,80,93,128,128,128],"floor_reached":25,"playtime":1944,"items_purged":["Strike_R"],"score":340,"play_id":"383d2d6e-c6a9-4199-bf67-cbdc0b8efbe0","local_time":"20180728182504","is_ascension_mode":true,"campfire_choices":[{"data":"Body Slam","floor":6,"key":"SMITH"},{"data":"Bludgeon","floor":8,"key":"SMITH"},{"data":"Shrug It Off","floor":11,"key":"SMITH"},{"data":"Body Slam","floor":15,"key":"SMITH"},{"data":"Limit Break","floor":24,"key":"SMITH"}],"neow_cost":"","seed_source_timestamp":1464660040961263,"circlet_count":0,"master_deck":["Strike_R","Strike_R","Strike_R","Strike_R","Defend_R","Defend_R","Defend_R","Defend_R","Bash","Power Through","Body Slam+1","Heavy Blade","Power Through","Feel No Pain","Bludgeon+1","Shrug It Off+1","Sword Boomerang","Second Wind","Body Slam+1","Limit Break+1","Burning Pact+1","Metallicize+1","Feed","Headbutt","Seeing Red"],"relics":["Burning Blood","Dream Catcher","Mummified Hand","Shuriken","Paper Frog","Cursed Key","Bag of Marbles","Orichalcum"],"potions_floor_usage":[7,14,14,23,23,25],"damage_taken":[{"damage":1,"enemies":"Cultist","floor":1,"turns":3},{"damage":3,"enemies":"Small Slimes","floor":2,"turns":3},{"damage":0,"enemies":"2 Louse","floor":3,"turns":3},{"damage":9,"enemies":"Red Slaver","floor":5,"turns":5},{"damage":20,"enemies":"Gremlin Nob","floor":7,"turns":5},{"damage":1,"enemies":"2 Fungi Beasts","floor":10,"turns":5},{"damage":3,"enemies":"3 Sentries","floor":12,"turns":9},{"damage":0,"enemies":"Looter","floor":13,"turns":3},{"damage":12,"enemies":"Lagavulin","floor":14,"turns":8},{"damage":24,"enemies":"The Guardian","floor":16,"turns":11},{"damage":11,"enemies":"2 Thieves","floor":18,"turns":4},{"damage":7,"enemies":"Shell Parasite","floor":20,"turns":6},{"damage":12,"enemies":"Sentry and Sphere","floor":22,"turns":6},{"damage":17,"enemies":"Slavers","floor":23,"turns":8},{"damage":62,"enemies":"Gremlin Leader","floor":25,"turns":7}],"seed_played":"-6542361497946933675","potions_obtained":[{"floor":2,"key":"BloodPotion"},{"floor":5,"key":"Poison Potion"},{"floor":10,"key":"Swift Potion"},{"floor":12,"key":"SpeedPotion"},{"floor":16,"key":"Weak Potion"},{"floor":22,"key":"SteroidPotion"},{"floor":23,"key":"Ancient Potion"}],"is_trial":false,"path_per_floor":["M","M","M","$","M","R","E","R","T","M","R","E","M","E","R","B",null,"M","$","M","$","M","E","R"],"character_chosen":"IRONCLAD","items_purchased":["Power Through","Bag of Marbles","Feed"],"campfire_rested":0,"item_purchase_floors":[4,21,21],"current_hp_per_floor":[77,80,80,80,77,77,63,63,63,68,68,71,77,71,71,53,73,68,68,67,67,61,61,61,0],"gold":128,"neow_bonus":"","is_prod":false,"is_daily":false,"chose_seed":false,"campfire_upgraded":5,"win_rate":0,"timestamp":1532816704,"path_taken":["M","M","M","$","M","R","E","R","T","?","R","E","M","E","R","BOSS","M","$","M","$","M","E","R","E"],"build_version":"2018-07-26","purchased_purges":1,"victory":false,"max_hp_per_floor":[80,80,80,80,80,80,80,80,80,80,80,80,80,80,80,80,80,80,80,80,80,80,83,83,83],"card_choices":[{"not_picked":["Iron Wave","Flex"],"picked":"Power Through","floor":1},{"not_picked":["Armaments","Rupture"],"picked":"Body Slam","floor":2},{"not_picked":["Corruption","Wild Strike"],"picked":"Heavy Blade","floor":3},{"not_picked":["Sentinel","Clothesline"],"picked":"Feel No Pain","floor":5},{"not_picked":["Evolve","Clothesline"],"picked":"Bludgeon","floor":7},{"not_picked":["Headbutt","Pommel Strike"],"picked":"Shrug It Off","floor":10},{"not_picked":["Cleave","Shrug It Off"],"picked":"Sword Boomerang","floor":12},{"not_picked":["Carnage","Flame Barrier"],"picked":"Second Wind","floor":13},{"not_picked":["Feel No Pain","Uppercut"],"picked":"Body Slam","floor":14},{"not_picked":["Juggernaut","Berserk"],"picked":"Limit Break","floor":16},{"not_picked":["Body Slam","Battle Trance"],"picked":"Burning Pact+1","floor":18},{"not_picked":["Havoc","Body Slam"],"picked":"Metallicize+1","floor":20},{"not_picked":["Iron Wave","Havoc"],"picked":"Headbutt","floor":22},{"not_picked":["Ghostly Armor","Flex"],"picked":"Seeing Red","floor":23}],"player_experience":352033,"relics_obtained":[{"floor":7,"key":"Dream Catcher"},{"floor":9,"key":"Mummified Hand"},{"floor":12,"key":"Shuriken"},{"floor":14,"key":"Paper Frog"},{"floor":23,"key":"Orichalcum"}],"event_choices":[],"is_beta":false,"boss_relics":[{"not_picked":["Pandora\u0027s Box","Lizard Tail"],"picked":"Cursed Key"}],"items_purged_floors":[4],"is_endless":false,"potions_floor_spawned":[2,5,10,12,16,22,23],"killed_by":"Gremlin Leader","ascension_level":8}