{"gold_per_floor":[116,132,145,145,158,158,173,173,220,220,247,266,280,300,300,300],"floor_reached":16,"playtime":1073,"items_purged":[],"score":111,"play_id":"5060e588-16ce-4aec-a505-783a32ccf6d6","local_time":"20190710094814","is_ascension_mode":true,"campfire_choices":[{"floor":6.0,"key":"RECALL"},{"floor":8.0,"key":"REST"},{"floor":15.0,"key":"REST"}],"neow_cost":"NONE","seed_source_timestamp":0,"circlet_count":0,"master_deck":["Strike_R","Strike_R","Strike_R","Strike_R","Strike_R","Defend_R","Defend_R","Defend_R","Defend_R","Bash","Rupture","Evolve","Warcry","Flame Barrier","Reckless Charge","Cleave","Armaments","Shrug It Off"],"special_seed":0,"relics":["Burning Blood","NeowsBlessing","Pantograph"],"potions_floor_usage":[],"damage_taken":[{"damage":0.0,"enemies":"Cultist","floor":1.0,"turns":1.0},{"damage":0.0,"enemies":"2 Louse","floor":2.0,"turns":1.0},{"damage":0.0,"enemies":"Jaw Worm","floor":3.0,"turns":1.0},{"damage":22.0,"enemies":"Large Slime","floor":5.0,"turns":7.0},{"damage":21.0,"enemies":"2 Fungi Beasts","floor":7.0,"turns":5.0},{"damage":60.0,"enemies":"Lagavulin","floor":11.0,"turns":11.0},{"damage":10.0,"enemies":"Looter","floor":12.0,"turns":3.0},{"damage":4.0,"enemies":"Gremlin Gang","floor":13.0,"turns":3.0},{"damage":16.0,"enemies":"Exordium Thugs","floor":14.0,"turns":6.0},{"damage":54,"enemies":"Slime Boss","floor":16,"turns":11}],"seed_played":"3714839250190888894","potions_obtained":[{"floor":1.0,"key":"EssenceOfSteel"},{"floor":5.0,"key":"LiquidBronze"},{"floor":12.0,"key":"Swift Potion"},{"floor":13.0,"key":"Strength Potion"}],"is_trial":false,"path_per_floor":["M","M","M","?","M","R","M","R","T","?","E","M","M","M","R","B"],"character_chosen":"IRONCLAD","items_purchased":[],"campfire_rested":2,"item_purchase_floors":[],"current_hp_per_floor":[80,80,80,85,69,69,54,79,79,79,25,21,23,13,38,9],"gold":300,"neow_bonus":"THREE_ENEMY_KILL","is_prod":false,"is_daily":false,"chose_seed":false,"campfire_upgraded":0,"win_rate":0,"timestamp":1562777294,"path_taken":["M","M","M","?","M","R","M","R","T","?","E","M","M","?","R","BOSS"],"build_version":"2019-07-05","purchased_purges":0,"victory":false,"max_hp_per_floor":[80,80,80,85,85,85,85,85,85,85,85,85,85,85,85,85],"card_choices":[{"not_picked":["Perfected Strike","Clothesline"],"picked":"Rupture","floor":1.0},{"not_picked":["Blood for Blood","Clothesline"],"picked":"Evolve","floor":2.0},{"not_picked":["Havoc","Pommel Strike"],"picked":"Warcry","floor":3.0},{"not_picked":["True Grit","Bloodletting"],"picked":"Flame Barrier","floor":5.0},{"not_picked":["Carnage","Cleave"],"picked":"Reckless Charge","floor":7.0},{"not_picked":["Body Slam","Sword Boomerang"],"picked":"Cleave","floor":11.0},{"not_picked":["Clash","True Grit","Sword Boomerang"],"picked":"SKIP","floor":12.0},{"not_picked":["Thunderclap","Pommel Strike"],"picked":"Armaments","floor":13.0},{"not_picked":["Offering","Heavy Blade"],"picked":"Shrug It Off","floor":14.0}],"player_experience":247103,"relics_obtained":[{"floor":11.0,"key":"Pantograph"}],"event_choices":[{"damage_healed":0.0,"max_hp_gain":5.0,"max_hp_loss":0.0,"gold_gain":0.0,"event_name":"Big Fish","player_choice":"Donut","floor":4.0,"gold_loss":0.0,"damage_taken":0.0},{"damage_healed":0.0,"max_hp_gain":0.0,"max_hp_loss":0.0,"gold_gain":0.0,"event_name":"Scrap Ooze","player_choice":"Fled","floor":10.0,"gold_loss":0.0,"damage_taken":0.0}],"is_beta":false,"boss_relics":[],"items_purged_floors":[],"is_endless":false,"potions_floor_spawned":[1,5,12,13],"killed_by":"Slime Boss","ascension_level":1}