{"gold_per_floor":[367,385,385,398,398,398,411,444,469,469,469],"floor_reached":11,"playtime":381,"items_purged":[],"score":128,"play_id":"d0a1637c-2a37-4dd9-8660-36952f1a03c6","local_time":"20181022232957","is_ascension_mode":true,"campfire_choices":[{"data":"Neutralize","floor":6,"key":"SMITH"},{"data":"Leg Sweep","floor":10,"key":"SMITH"}],"neow_cost":"PERCENT_DAMAGE","seed_source_timestamp":357956946344448,"circlet_count":0,"master_deck":["Defend_G","Defend_G","Defend_G+1","Defend_G","Defend_G","Strike_G","Strike_G","Strike_G","Strike_G","Strike_G","Survivor","Neutralize+1","AscendersBane","Cloak And Dagger","Deadly Poison","Sucker Punch","Injury","Cloak And Dagger+1","Leg Sweep+1"],"relics":["Ring of the Snake","Golden Idol","Bag of Preparation","War Paint"],"potions_floor_usage":[8,8],"damage_taken":[{"damage":4,"enemies":"2 Louse","floor":1,"turns":6},{"damage":1,"enemies":"Jaw Worm","floor":2,"turns":5},{"damage":5,"enemies":"Small Slimes","floor":4,"turns":4},{"damage":5,"enemies":"Looter","floor":7,"turns":4},{"damage":12,"enemies":"Gremlin Nob","floor":8,"turns":4},{"damage":19,"enemies":"3 Sentries","floor":11,"turns":8}],"seed_played":"-5061155953285687506","potions_obtained":[{"floor":1,"key":"Poison Potion"},{"floor":4,"key":"Strength Potion"}],"is_trial":false,"path_per_floor":["M","M","?","M","?","R","M","E","T","R"],"character_chosen":"THE_SILENT","items_purchased":[],"campfire_rested":0,"item_purchase_floors":[],"current_hp_per_floor":[40,39,39,34,34,34,29,17,17,17,0],"gold":469,"neow_bonus":"TWO_FIFTY_GOLD","is_prod":false,"is_daily":false,"chose_seed":false,"campfire_upgraded":2,"win_rate":0,"timestamp":1540265397,"path_taken":["M","M","?","M","?","R","M","E","T","R","E"],"build_version":"2018-10-18","purchased_purges":0,"victory":false,"max_hp_per_floor":[66,66,66,66,66,66,66,66,66,66,66],"card_choices":[{"not_picked":["Infinite Blades","Outmaneuver"],"picked":"Cloak And Dagger","floor":1},{"not_picked":["Predator","Terror"],"picked":"Deadly Poison","floor":2},{"not_picked":["Backflip","Poisoned Stab"],"picked":"Sucker Punch","floor":4},{"not_picked":["Accuracy","Underhanded Strike"],"picked":"Cloak And Dagger","floor":7},{"not_picked":["Quick Slash","Flying Knee"],"picked":"Leg Sweep","floor":8}],"player_experience":951904,"relics_obtained":[{"floor":8,"key":"Bag of Preparation"},{"floor":9,"key":"War Paint"}],"event_choices":[{"damage_healed":0,"gold_gain":0,"player_choice":"Ignored","damage_taken":0,"max_hp_gain":0,"max_hp_loss":0,"event_name":"Liars Game","floor":3,"gold_loss":0},{"damage_healed":0,"gold_gain":0,"player_choice":"Take Wound","damage_taken":0,"relics_obtained":["Golden Idol"],"max_hp_gain":0,"max_hp_loss":0,"event_name":"Golden Idol","floor":5,"gold_loss":0,"cards_obtained":["Injury"]}],"is_beta":false,"boss_relics":[],"items_purged_floors":[],"is_endless":false,"potions_floor_spawned":[1,4,7],"killed_by":"3 Sentries","ascension_level":15}