{"gold_per_floor":[110,110,126,126,45,45,62,62,62,92,107,171,171,171,171,171],"floor_reached":16,"playtime":681,"items_purged":[],"score":196,"play_id":"49863b3a-ec4b-4125-9b7e-94481cf02fdd","local_time":"20181121231104","is_ascension_mode":true,"campfire_choices":[{"data":"Uppercut","floor":6,"key":"SMITH"},{"data":"Cleave","floor":8,"key":"SMITH"},{"data":"Uppercut","floor":13,"key":"SMITH"},{"data":"Rampage","floor":15,"key":"SMITH"}],"neow_cost":"PERCENT_DAMAGE","seed_source_timestamp":86368013314086,"circlet_count":0,"master_deck":["AscendersBane","Strike_R+1","Strike_R","Strike_R","Defend_R+1","Defend_R","Defend_R","Defend_R","Bash","Warcry","Warcry","Uppercut+1","Cleave+1","Uppercut+1","Infernal Blade","Rampage+1"],"relics":["Burning Blood","Frozen Egg 2","Ornamental Fan"],"potions_floor_usage":[10,12],"damage_taken":[{"damage":4,"enemies":"Jaw Worm","floor":1,"turns":5},{"damage":3,"enemies":"2 Louse","floor":3,"turns":3},{"damage":0,"enemies":"Small Slimes","floor":7,"turns":4},{"damage":20,"enemies":"Lagavulin","floor":10,"turns":6},{"damage":1,"enemies":"2 Fungi Beasts","floor":11,"turns":4},{"damage":17,"enemies":"3 Sentries","floor":12,"turns":6},{"damage":25,"enemies":"The Guardian","floor":16,"turns":8}],"seed_played":"-6805503251813692316","potions_obtained":[{"floor":3,"key":"SpeedPotion"},{"floor":7,"key":"SkillPotion"},{"floor":12,"key":"Strength Potion"}],"is_trial":false,"path_per_floor":["M","?","M","?","$","R","M","R","T","E","M","?","R","?","R","B"],"character_chosen":"IRONCLAD","items_purchased":["Uppercut"],"campfire_rested":0,"item_purchase_floors":[5],"current_hp_per_floor":[66,39,42,35,35,35,41,41,41,27,32,21,21,21,21,0],"gold":171,"neow_bonus":"TWENTY_PERCENT_HP_BONUS","is_prod":false,"is_daily":false,"chose_seed":false,"campfire_upgraded":4,"win_rate":0,"timestamp":1542859864,"path_taken":["M","?","M","?","$","R","M","R","T","E","M","?","R","?","R","BOSS"],"build_version":"2018-11-15","purchased_purges":0,"victory":false,"max_hp_per_floor":[89,89,89,89,89,89,89,89,89,89,89,89,89,89,89,89],"card_choices":[{"not_picked":["Second Wind","Thunderclap"],"picked":"Warcry","floor":1},{"not_picked":["Heavy Blade","Ghostly Armor"],"picked":"Warcry","floor":3},{"not_picked":["Clash","Wild Strike"],"picked":"Cleave","floor":7},{"not_picked":["Clash","Cleave"],"picked":"Uppercut","floor":10},{"not_picked":["Bloodletting","Twin Strike"],"picked":"Infernal Blade","floor":11},{"not_picked":["Headbutt","Searing Blow"],"picked":"Rampage","floor":12}],"player_experience":1130244,"relics_obtained":[{"floor":9,"key":"Frozen Egg 2"},{"floor":12,"key":"Ornamental Fan"}],"event_choices":[{"damage_healed":0,"gold_gain":0,"player_choice":"Entered Light","damage_taken":27,"max_hp_gain":0,"max_hp_loss":0,"event_name":"Shining Light","floor":2,"gold_loss":0,"cards_upgraded":["Defend_R","Strike_R"]},{"cards_removed":["Strike_R"],"damage_healed":0,"gold_gain":0,"player_choice":"Card Removal","damage_taken":7,"max_hp_gain":0,"max_hp_loss":0,"event_name":"Golden Wing","floor":4,"gold_loss":0},{"damage_healed":0,"gold_gain":0,"player_choice":"Searched \u00271\u0027 times","damage_taken":0,"max_hp_gain":0,"max_hp_loss":0,"event_name":"Dead Adventurer","floor":12,"gold_loss":0},{"cards_removed":["Strike_R"],"damage_healed":0,"gold_gain":0,"player_choice":"Forget","damage_taken":0,"max_hp_gain":0,"max_hp_loss":0,"event_name":"Living Wall","floor":14,"gold_loss":0}],"is_beta":false,"boss_relics":[],"items_purged_floors":[],"is_endless":false,"potions_floor_spawned":[3,7,12],"killed_by":"The Guardian","ascension_level":20}