{"gold_per_floor":[363,363,383,458,458,458,486,486,486,486,501,520,87,99,99,176,176,176,176,176,66,66,66,66,66,66,66,66,66,66,66,66,66,66,66,66,66,66,66,66,66,66,66,66,66,66,66,66,66,66,66,66,66,12,12],"floor_reached":55,"playtime":4302,"items_purged":["Strike_G"],"score":1923,"play_id":"f72b7f7c-9133-4c55-9e12-cb14ad3e63d3","local_time":"20190116192254","is_ascension_mode":true,"campfire_choices":[{"floor":6,"key":"REST"},{"data":"Cloak And Dagger","floor":8,"key":"SMITH"},{"floor":10,"key":"REST"},{"data":"After Image","floor":15,"key":"SMITH"},{"data":"Leg Sweep","floor":23,"key":"SMITH"},{"data":"Well Laid Plans","floor":27,"key":"SMITH"},{"floor":32,"key":"DIG"},{"floor":45,"key":"RECALL"},{"data":"A Thousand Cuts","floor":47,"key":"SMITH"},{"floor":49,"key":"REST"},{"floor":53,"key":"DIG"}],"neow_cost":"PERCENT_DAMAGE","seed_source_timestamp":12918646879869,"circlet_count":0,"master_deck":["AscendersBane","Defend_G","Defend_G","Defend_G","Defend_G","Defend_G","Survivor+1","Cloak And Dagger+1","Adrenaline","Predator","After Image+1","Skewer+1","Well Laid Plans+1","Corpse Explosion","Dagger Spray+1","Leg Sweep+1","Bite+1","Bite+1","Bite+1","Bite+1","Bite+1","Backflip","Acrobatics+1","Deadly Poison","Poisoned Stab+1","Glass Knife+1","Backflip","A Thousand Cuts+1","Leg Sweep","Predator+1","Dash+1","Cloak And Dagger+1","Night Terror","PiercingWail"],"relics":["Ring of the Snake","Snake Skull","Molten Egg 2","Question Card","Ectoplasm","MawBank","Mango","Shovel","Kunai","Snecko Eye","Thread and Needle","Regal Pillow","Paper Crane","PreservedInsect","Letter Opener"],"potions_floor_usage":[7,16,24,30,30,40,40,44,48,48],"damage_taken":[{"damage":10,"enemies":"Small Slimes","floor":1,"turns":6},{"damage":1,"enemies":"2 Louse","floor":3,"turns":4},{"damage":28,"enemies":"Gremlin Nob","floor":7,"turns":4},{"damage":0,"enemies":"Cultist","floor":11,"turns":2},{"damage":0,"enemies":"Large Slime","floor":12,"turns":5},{"damage":12,"enemies":"3 Louse","floor":14,"turns":3},{"damage":17,"enemies":"Slime Boss","floor":16,"turns":12},{"damage":11,"enemies":"Spheric Guardian","floor":18,"turns":5},{"damage":2,"enemies":"3 Byrds","floor":19,"turns":2},{"damage":13,"enemies":"Snake Plant","floor":22,"turns":5},{"damage":21,"enemies":"Slavers","floor":24,"turns":4},{"damage":8,"enemies":"Sentry and Sphere","floor":25,"turns":3},{"damage":2,"enemies":"Centurion and Healer","floor":29,"turns":4},{"damage":55,"enemies":"Gremlin Leader","floor":30,"turns":9},{"damage":4,"enemies":"3 Cultists","floor":31,"turns":6},{"damage":53,"enemies":"Collector","floor":33,"turns":12},{"damage":0,"enemies":"3 Shapes","floor":35,"turns":4},{"damage":12,"enemies":"3 Darklings","floor":36,"turns":4},{"damage":15,"enemies":"Mind Bloom Boss Battle","floor":37,"turns":7},{"damage":11,"enemies":"Spire Growth","floor":39,"turns":5},{"damage":23,"enemies":"Giant Head","floor":40,"turns":11},{"damage":0,"enemies":"Maw","floor":41,"turns":7},{"damage":25,"enemies":"Reptomancer","floor":42,"turns":9},{"damage":16,"enemies":"Transient","floor":44,"turns":6},{"damage":0,"enemies":"4 Shapes","floor":46,"turns":4},{"damage":37,"enemies":"Giant Head","floor":48,"turns":7},{"damage":4,"enemies":"Awakened One","floor":50,"turns":24},{"damage":51,"enemies":"Time Eater","floor":51,"turns":13},{"damage":65,"enemies":"Shield and Spear","floor":55,"turns":3}],"seed_played":"-4617576376662282638","potions_obtained":[{"floor":3,"key":"SkillPotion"},{"floor":11,"key":"Ancient Potion"},{"floor":12,"key":"SteroidPotion"},{"floor":24,"key":"Regen Potion"},{"floor":29,"key":"Swift Potion"},{"floor":30,"key":"SteroidPotion"},{"floor":31,"key":"FearPotion"},{"floor":36,"key":"GhostInAJar"},{"floor":37,"key":"GhostInAJar"},{"floor":40,"key":"Poison Potion"},{"floor":41,"key":"SteroidPotion"},{"floor":44,"key":"Swift Potion"},{"floor":48,"key":"Strength Potion"}],"is_trial":false,"path_per_floor":["M","?","M","?","?","R","E","R","T","R","M","M","$","M","R","B",null,"M","M","?","?","M","R","E","M","T","R","?","M","E","M","R","B",null,"M","M","?","?","M","E","M","E","T","M","R","M","R","E","R","B","B",null,"R","$","E"],"character_chosen":"THE_SILENT","items_purchased":["Skewer+1","Question Card","PiercingWail"],"campfire_rested":3,"item_purchase_floors":[13,13,54],"current_hp_per_floor":[34,34,33,22,22,41,13,13,13,32,32,32,32,20,20,3,50,39,37,37,37,45,45,33,28,42,42,42,52,42,59,59,27,52,60,60,60,60,60,60,60,53,53,55,55,60,60,31,60,60,39,55,55,55,0],"gold":12,"neow_bonus":"TWO_FIFTY_GOLD","is_prod":false,"is_daily":false,"chose_seed":false,"campfire_upgraded":5,"win_rate":0,"timestamp":1547684574,"path_taken":["M","?","M","?","?","R","E","R","T","R","M","M","$","?","R","BOSS","M","M","?","?","M","R","E","?","T","R","?","M","E","M","R","BOSS","M","M","?","?","M","E","M","E","T","M","R","?","R","E","R","BOSS","BOSS","R","$","E"],"build_version":"2019-01-10","purchased_purges":1,"victory":false,"max_hp_per_floor":[66,66,66,66,66,66,66,66,66,66,66,66,66,66,66,66,66,66,66,46,46,46,46,46,46,60,60,60,60,60,60,60,60,60,60,60,60,60,60,60,60,60,60,60,60,60,60,60,60,60,60,60,60,60,60],"card_choices":[{"not_picked":["Bane","Deflect"],"picked":"Slice","floor":1},{"not_picked":["Accuracy","Calculated Gamble"],"picked":"Cloak And Dagger","floor":3},{"not_picked":["Catalyst","Sucker Punch"],"picked":"Predator","floor":7},{"not_picked":["Poisoned Stab+1","Bane+1"],"picked":"After Image","floor":11},{"not_picked":["Acrobatics","Cloak And Dagger","Outmaneuver"],"picked":"SKIP","floor":12},{"not_picked":["Blade Dance","Accuracy","Concentrate"],"picked":"Well Laid Plans","floor":14},{"not_picked":["Glass Knife+1","After Image","Night Terror"],"picked":"Corpse Explosion","floor":16},{"not_picked":["Dagger Throw+1","Deflect","Deadly Poison"],"picked":"Dagger Spray+1","floor":18},{"not_picked":["Masterful Stab+1","Cloak And Dagger","Flechettes+1"],"picked":"Leg Sweep","floor":19},{"not_picked":["Tools of the Trade","Outmaneuver","All Out Attack+1"],"picked":"Backflip","floor":22},{"not_picked":["Blade Dance+1","Backflip","Escape Plan"],"picked":"Acrobatics+1","floor":24},{"not_picked":["Deadly Poison","Underhanded Strike+1","Bane+1","Terror"],"picked":"SKIP","floor":25},{"not_picked":["Underhanded Strike+1","Bane+1","Terror"],"picked":"Deadly Poison","floor":25},{"not_picked":["Escape Plan","Cloak And Dagger","Deflect"],"picked":"Poisoned Stab+1","floor":29},{"not_picked":["Riddle With Holes+1","Sucker Punch+1","Flechettes+1"],"picked":"Glass Knife+1","floor":30},{"not_picked":["Acrobatics","Dash+1","Dodge and Roll"],"picked":"Backflip","floor":31},{"not_picked":["Tools of the Trade","Storm of Steel","Die Die Die+1"],"picked":"A Thousand Cuts","floor":33},{"not_picked":["Deadly Poison","Prepared","Dagger Spray+1","Blade Dance"],"picked":"SKIP","floor":35},{"not_picked":["Sucker Punch+1","Blur","All Out Attack+1"],"picked":"Leg Sweep","floor":36},{"not_picked":["Riddle With Holes+1","Tactician","Sucker Punch+1"],"picked":"Predator+1","floor":37},{"not_picked":["Setup","Dagger Throw+1","Underhanded Strike+1"],"picked":"Cloak And Dagger+1","floor":39},{"not_picked":["Heel Hook+1","Underhanded Strike+1","Prepared","Slice+1"],"picked":"SKIP","floor":40},{"not_picked":["Dodge and Roll","Unload+1","Deadly Poison","Reflex"],"picked":"SKIP","floor":41},{"not_picked":["Blade Dance","Poisoned Stab+1","Slice+1","Heel Hook+1"],"picked":"SKIP","floor":42},{"not_picked":["Deadly Poison","Bane+1","Well Laid Plans","Endless Agony+1"],"picked":"SKIP","floor":44},{"not_picked":["Dagger Throw+1","Sucker Punch+1","Outmaneuver+1"],"picked":"Night Terror","floor":46},{"not_picked":["Poisoned Stab+1","Deadly Poison+1","Predator+1","Masterful Stab+1"],"picked":"SKIP","floor":48}],"player_experience":1320054,"relics_obtained":[{"floor":7,"key":"Snake Skull"},{"floor":9,"key":"Molten Egg 2"},{"floor":24,"key":"MawBank"},{"floor":26,"key":"Mango"},{"floor":30,"key":"Shovel"},{"floor":32,"key":"Kunai"},{"floor":37,"key":"Thread and Needle"},{"floor":40,"key":"Regal Pillow"},{"floor":42,"key":"Paper Crane"},{"floor":48,"key":"PreservedInsect"},{"floor":53,"key":"Letter Opener"}],"event_choices":[{"damage_healed":0,"gold_gain":0,"player_choice":"Grow","damage_taken":0,"max_hp_gain":0,"max_hp_loss":0,"event_name":"Living Wall","floor":2,"gold_loss":0,"cards_upgraded":["Neutralize"]},{"damage_healed":0,"gold_gain":75,"player_choice":"Gather Gold","damage_taken":11,"max_hp_gain":0,"max_hp_loss":0,"event_name":"World of Goop","floor":4,"gold_loss":0},{"damage_healed":0,"gold_gain":0,"player_choice":"1 cards matched","damage_taken":0,"max_hp_gain":0,"max_hp_loss":0,"event_name":"Match and Keep!","floor":5,"gold_loss":0,"cards_obtained":["Adrenaline"]},{"damage_healed":0,"gold_gain":0,"player_choice":"Became a vampire","damage_taken":0,"max_hp_gain":0,"max_hp_loss":20,"event_name":"Vampires","floor":20,"gold_loss":0,"cards_obtained":["Bite","Bite","Bite","Bite","Bite"]},{"cards_removed":["Slice"],"damage_healed":0,"gold_gain":0,"player_choice":"Upgrade and Remove","damage_taken":0,"max_hp_gain":0,"max_hp_loss":0,"event_name":"Designer","floor":21,"gold_loss":110,"cards_upgraded":["Survivor"]},{"damage_healed":0,"gold_gain":0,"player_choice":"Ignored","damage_taken":0,"max_hp_gain":0,"max_hp_loss":0,"event_name":"Ghosts","floor":28,"gold_loss":0},{"damage_healed":0,"gold_gain":0,"player_choice":"Fight","damage_taken":0,"max_hp_gain":0,"max_hp_loss":0,"event_name":"MindBloom","floor":37,"gold_loss":0},{"damage_healed":0,"gold_gain":0,"cards_transformed":["Neutralize"],"player_choice":"Transformed","damage_taken":0,"max_hp_gain":0,"max_hp_loss":0,"event_name":"Transmorgrifier","floor":38,"gold_loss":0,"cards_obtained":["Dash"]}],"is_beta":false,"boss_relics":[{"not_picked":["Pandora\u0027s Box","Tiny House"],"picked":"Ectoplasm"},{"not_picked":["Eternal Feather","Lizard Tail"],"picked":"Snecko Eye"}],"items_purged_floors":[13],"is_endless":false,"potions_floor_spawned":[3,11,12,14,24,29,30,31,36,37,40,41,44,48],"killed_by":"Shield and Spear","ascension_level":20}