{"gold_per_floor":[364,364,376,376,20,58,83,83,83,127,127,127,152,186,186,315,315,333,347,370,285,304,340,340,5,59,82,106,145,145,166,166,290,290,304,325,215,230,250,294,61,105,131,131,169,169,212,545,545,545,545,545,36,66,66],"floor_reached":55,"playtime":2998,"items_purged":["Injury","Meteor Strike"],"score":1191,"play_id":"acaf7ba0-79eb-4f3b-b7dc-d12c3c51daa1","local_time":"20190512113641","is_ascension_mode":true,"campfire_choices":[{"data":"Zap","floor":8,"key":"SMITH"},{"data":"Coolheaded","floor":12,"key":"SMITH"},{"data":"Self Repair","floor":15,"key":"SMITH"},{"floor":24,"key":"REST"},{"data":"Apotheosis","floor":30,"key":"SMITH"},{"floor":32,"key":"RECALL"},{"data":"Storm","floor":44,"key":"SMITH"},{"floor":49,"key":"REST"},{"floor":52,"key":"REST"}],"neow_cost":"PERCENT_DAMAGE","seed_source_timestamp":89732527369752,"circlet_count":0,"master_deck":["Zap+1","Dualcast","Self Repair+1","Conserve Battery","Gash","Tempest","Doom and Gloom","Coolheaded+1","Steam","Electrodynamics","Coolheaded","Gash","Steam","Barrage","Apotheosis+1","Thunder Strike","Buffer","Auto Shields","Sunder","Darkness+1","Amplify","Hologram","Consume+1","FTL","Self Repair","Storm","Gash","Storm+1","Gash","Madness","Madness","Self Repair"],"relics":["Cracked Core","Runic Capacitor","Mercury Hourglass","PreservedInsect","Ancient Tea Set","Mummified Hand","Dead Branch","Busted Crown","Torii","The Courier","Bottled Lightning","Sundial","Pandora\u0027s Box","Regal Pillow","Chemical X","War Paint","Potion Belt","Symbiotic Virus","Smiling Mask","Bottled Flame","Lantern","Letter Opener","Pen Nib"],"potions_floor_usage":[6,23,29,31,33,33,39,47,55],"damage_taken":[{"damage":3,"enemies":"Small Slimes","floor":1,"turns":4},{"damage":6,"enemies":"Jaw Worm","floor":3,"turns":4},{"damage":23,"enemies":"3 Sentries","floor":6,"turns":6},{"damage":1,"enemies":"Cultist","floor":7,"turns":3},{"damage":19,"enemies":"Lagavulin","floor":10,"turns":4},{"damage":10,"enemies":"Gremlin Gang","floor":13,"turns":2},{"damage":10,"enemies":"3 Sentries","floor":14,"turns":3},{"damage":14,"enemies":"Hexaghost","floor":16,"turns":9},{"damage":34,"enemies":"2 Thieves","floor":18,"turns":3},{"damage":0,"enemies":"Spheric Guardian","floor":19,"turns":3},{"damage":4,"enemies":"Cultist and Chosen","floor":20,"turns":4},{"damage":7,"enemies":"Chosen and Byrds","floor":22,"turns":4},{"damage":30,"enemies":"Slavers","floor":23,"turns":3},{"damage":0,"enemies":"Sentry and Sphere","floor":27,"turns":3},{"damage":1,"enemies":"3 Cultists","floor":28,"turns":3},{"damage":6,"enemies":"Gremlin Leader","floor":29,"turns":3},{"damage":7,"enemies":"Snake Plant","floor":31,"turns":2},{"damage":58,"enemies":"Champ","floor":33,"turns":8},{"damage":14,"enemies":"Orb Walker","floor":35,"turns":3},{"damage":9,"enemies":"3 Shapes","floor":36,"turns":2},{"damage":19,"enemies":"3 Darklings","floor":38,"turns":4},{"damage":0,"enemies":"Spire Growth","floor":39,"turns":4},{"damage":6,"enemies":"Giant Head","floor":40,"turns":7},{"damage":0,"enemies":"Nemesis","floor":42,"turns":3},{"damage":0,"enemies":"Giant Head","floor":45,"turns":5},{"damage":19,"enemies":"Reptomancer","floor":47,"turns":4},{"damage":62,"enemies":"Donu and Deca","floor":50,"turns":5},{"damage":58,"enemies":"Shield and Spear","floor":54,"turns":3},{"damage":87,"enemies":"The Heart","floor":55,"turns":3}],"seed_played":"5844096619577569103","potions_obtained":[{"floor":1,"key":"SmokeBomb"},{"floor":3,"key":"Swift Potion"},{"floor":10,"key":"EssenceOfSteel"},{"floor":16,"key":"Explosive Potion"},{"floor":22,"key":"Dexterity Potion"},{"floor":23,"key":"Energy Potion"},{"floor":29,"key":"Weak Potion"},{"floor":31,"key":"EssenceOfSteel"},{"floor":36,"key":"SpeedPotion"},{"floor":38,"key":"Block Potion"},{"floor":39,"key":"EssenceOfSteel"},{"floor":45,"key":"Block Potion"}],"is_trial":false,"path_per_floor":["M","?","M","?","$","E","M","R","T","E","?","R","M","E","R","B",null,"M","M","M","?","M","E","R","$","T","M","M","E","R","M","R","B",null,"M","M","$","M","M","E","$","E","T","R","E","?","E","?","R","B",null,"R","$","E","B"],"character_chosen":"DEFECT","items_purchased":["Gash","Runic Capacitor","Tempest","Apotheosis","Bottled Lightning","Storm","Storm","Gash","Chemical X","Bottled Flame","Lantern","Letter Opener"],"campfire_rested":3,"item_purchase_floors":[5,5,5,25,25,37,41,41,41,53,53,53],"current_hp_per_floor":[47,72,73,73,73,57,63,63,63,51,51,51,48,45,45,41,67,43,43,49,49,52,32,54,54,54,64,73,75,75,68,68,20,61,47,48,48,49,59,73,73,75,75,75,75,66,57,57,75,43,67,75,75,27,0],"gold":66,"neow_bonus":"TWO_FIFTY_GOLD","is_prod":false,"is_daily":false,"chose_seed":false,"campfire_upgraded":5,"win_rate":0,"timestamp":1557675401,"path_taken":["M","?","M","?","$","E","M","R","T","E","?","R","M","E","R","BOSS","M","?","?","?","M","E","R","$","T","M","M","E","R","M","R","BOSS","M","M","$","M","M","E","$","E","T","R","E","?","E","?","R","BOSS","R","$","E","BOSS"],"build_version":"2019-01-23","purchased_purges":2,"victory":false,"max_hp_per_floor":[75,75,75,75,75,75,75,75,75,75,75,75,75,75,75,75,75,75,75,75,75,75,75,75,75,75,75,75,75,75,75,75,75,75,75,75,75,75,75,75,75,75,75,75,75,75,75,75,75,75,75,75,75,75,75],"card_choices":[{"not_picked":["Recycle","Heatsinks"],"picked":"Self Repair","floor":1},{"not_picked":["Ball Lightning","Consume"],"picked":"Conserve Battery","floor":3},{"not_picked":["Rebound","Reprogram"],"picked":"Doom and Gloom","floor":6},{"not_picked":["White Noise","Sweeping Beam"],"picked":"Coolheaded","floor":7},{"not_picked":["Sweeping Beam","Fusion"],"picked":"Steam","floor":10},{"not_picked":["Scrape","Beam Cell","Turbo"],"picked":"SKIP","floor":13},{"not_picked":["Barrage","Cold Snap","Streamline"],"picked":"SKIP","floor":14},{"not_picked":["Fission","Biased Cognition"],"picked":"Electrodynamics","floor":16},{"not_picked":[],"picked":"Coolheaded","floor":18},{"not_picked":[],"picked":"Gash","floor":19},{"not_picked":[],"picked":"Steam","floor":20},{"not_picked":["Genetic Algorithm"],"picked":"SKIP","floor":22},{"not_picked":[],"picked":"Barrage","floor":23},{"not_picked":["Steam+1"],"picked":"SKIP","floor":27},{"not_picked":["Sweeping Beam"],"picked":"SKIP","floor":28},{"not_picked":[],"picked":"Thunder Strike","floor":29},{"not_picked":["Streamline"],"picked":"SKIP","floor":31},{"not_picked":[],"picked":"Buffer","floor":33},{"not_picked":[],"picked":"Self Repair","floor":35},{"not_picked":["Scrape+1"],"picked":"SKIP","floor":36},{"not_picked":["Melter"],"picked":"SKIP","floor":38},{"not_picked":["Ball Lightning+1"],"picked":"SKIP","floor":39},{"not_picked":[],"picked":"Gash","floor":40},{"not_picked":["Rebound"],"picked":"SKIP","floor":42},{"not_picked":["Hologram"],"picked":"SKIP","floor":45},{"not_picked":[],"picked":"Self Repair","floor":47},{"not_picked":["Ball Lightning+1"],"picked":"SKIP","floor":54}],"player_experience":287052,"relics_obtained":[{"floor":6,"key":"Mercury Hourglass"},{"floor":9,"key":"PreservedInsect"},{"floor":10,"key":"Ancient Tea Set"},{"floor":14,"key":"Dead Branch"},{"floor":23,"key":"The Courier"},{"floor":29,"key":"Sundial"},{"floor":40,"key":"Regal Pillow"},{"floor":42,"key":"War Paint"},{"floor":43,"key":"Potion Belt"},{"floor":45,"key":"Symbiotic Virus"},{"floor":47,"key":"Smiling Mask"},{"floor":54,"key":"Pen Nib"}],"event_choices":[{"damage_healed":25,"gold_gain":0,"player_choice":"Banana","damage_taken":0,"max_hp_gain":0,"max_hp_loss":0,"event_name":"Big Fish","floor":2,"gold_loss":0},{"damage_healed":0,"gold_gain":0,"player_choice":"Take Wound","damage_taken":0,"relics_obtained":["Golden Idol"],"max_hp_gain":0,"max_hp_loss":0,"event_name":"Golden Idol","floor":4,"gold_loss":0,"cards_obtained":["Injury"]},{"damage_healed":0,"gold_gain":0,"player_choice":"Gave Potion","damage_taken":0,"relics_obtained":["Mummified Hand"],"max_hp_gain":0,"max_hp_loss":0,"event_name":"WeMeetAgain","floor":11,"gold_loss":0},{"damage_healed":0,"gold_gain":0,"player_choice":"Obtained Relic","damage_taken":0,"relics_obtained":["Torii"],"max_hp_gain":0,"max_hp_loss":0,"event_name":"Addict","floor":21,"gold_loss":85},{"damage_healed":0,"gold_gain":0,"player_choice":"Embrace Madness","damage_taken":9,"max_hp_gain":0,"max_hp_loss":0,"event_name":"Winding Halls","floor":46,"gold_loss":0,"cards_obtained":["Madness","Madness"]},{"damage_healed":0,"gold_gain":333,"player_choice":"Gave Idol","damage_taken":0,"max_hp_gain":0,"max_hp_loss":0,"event_name":"The Moai Head","floor":48,"relics_lost":["Golden Idol"],"gold_loss":0}],"is_beta":false,"boss_relics":[{"not_picked":["Astrolabe","Eternal Feather"],"picked":"Busted Crown"},{"not_picked":["Inserter","Empty Cage"],"picked":"Pandora\u0027s Box"}],"items_purged_floors":[5,37],"is_endless":false,"potions_floor_spawned":[1,3,10,16,22,23,27,29,31,36,38,39,45],"killed_by":"The Heart","ascension_level":7}