{"gold_per_floor":[113,113,188,202,17,52,52,72,96,271,271,271,289,300,300,300],"floor_reached":16,"playtime":285,"items_purged":[],"score":100,"play_id":"e795651d-aaee-455e-96f9-82fb7d2da116","local_time":"20180812222053","is_ascension_mode":false,"campfire_choices":[{"data":"Apotheosis","floor":7,"key":"SMITH"},{"floor":12,"key":"REST"},{"floor":15,"key":"REST"}],"neow_cost":"NONE","seed_source_timestamp":77037572466618,"circlet_count":0,"master_deck":["Strike_R","Strike_R","Strike_R","Strike_R","Strike_R","Defend_R","Defend_R","Defend_R","Defend_R","Bash","Headbutt","Clothesline","Apotheosis+1","Twin Strike","Doubt","Exhume","Shrug It Off"],"relics":["Philosopher\u0027s Stone","Pantograph"],"potions_floor_usage":[6],"damage_taken":[{"damage":4,"enemies":"Jaw Worm","floor":1,"turns":4},{"damage":0,"enemies":"Small Slimes","floor":4,"turns":3},{"damage":10,"enemies":"Gremlin Nob","floor":6,"turns":3},{"damage":0,"enemies":"2 Louse","floor":8,"turns":3},{"damage":0,"enemies":"2 Fungi Beasts","floor":13,"turns":2},{"damage":28,"enemies":"Blue Slaver","floor":14,"turns":3},{"damage":0,"enemies":"Hexaghost","floor":16,"turns":1}],"seed_played":"246318157251386479","potions_obtained":[{"floor":4,"key":"BloodPotion"},{"floor":8,"key":"AttackPotion"}],"is_trial":false,"path_per_floor":["M","?","?","M","$","E","R","M","T","?","?","R","M","M","R"],"character_chosen":"IRONCLAD","items_purchased":["Apotheosis"],"campfire_rested":2,"item_purchase_floors":[5],"current_hp_per_floor":[76,73,62,62,62,60,60,60,60,60,60,80,80,52,76,80],"gold":300,"neow_bonus":"BOSS_RELIC","is_prod":false,"is_daily":false,"chose_seed":false,"campfire_upgraded":1,"win_rate":0,"timestamp":1534126853,"path_taken":["M","?","?","M","$","E","R","?","T","?","?","R","?","M","R","BOSS"],"build_version":"2018-08-09","purchased_purges":0,"victory":false,"max_hp_per_floor":[80,80,80,80,80,80,80,80,80,80,80,80,80,80,80,80],"card_choices":[{"not_picked":["Anger","Armaments"],"picked":"Headbutt","floor":1},{"not_picked":["Fire Breathing","Entrench"],"picked":"Clothesline","floor":4},{"not_picked":["Brutality","Heavy Blade","Sword Boomerang"],"picked":"SKIP","floor":6},{"not_picked":["Entrench","Wild Strike"],"picked":"Twin Strike","floor":8},{"not_picked":["Clothesline","Iron Wave"],"picked":"Exhume","floor":13},{"not_picked":["Cleave","Sever Soul"],"picked":"Shrug It Off","floor":14}],"player_experience":497198,"relics_obtained":[],"event_choices":[{"event_name":"Scrap Ooze","player_choice":"unsuccessful","floor":2,"damage_taken":3},{"event_name":"World of Goop","player_choice":"Gather Gold","floor":3,"damage_taken":0},{"event_name":"Liars Game","player_choice":"agreed","floor":10,"damage_taken":0},{"event_name":"Dead Adventurer","player_choice":"Searched \u00271\u0027 times","floor":11,"damage_taken":0}],"is_beta":false,"boss_relics":[],"items_purged_floors":[],"is_endless":false,"potions_floor_spawned":[4,8],"killed_by":"Hexaghost","ascension_level":0}