{"gold_per_floor":[112,112,125,125,125,125,139,139,139,157,157],"floor_reached":11,"playtime":391,"items_purged":[],"score":126,"play_id":"13b2234b-0b5b-459c-8814-f4dc3ed3fd9e","local_time":"20181228171945","is_ascension_mode":true,"campfire_choices":[{"data":"Bash","floor":6,"key":"SMITH"},{"data":"Shockwave","floor":8,"key":"SMITH"}],"neow_cost":"NONE","seed_source_timestamp":182729208382433,"circlet_count":0,"master_deck":["AscendersBane","Strike_R","Strike_R","Strike_R","Strike_R","Defend_R","Defend_R","Defend_R","Defend_R","Bash+1","Shockwave+1","Shrug It Off","Shrug It Off","Cleave"],"relics":["Burning Blood","Meat on the Bone","Frozen Egg 2"],"potions_floor_usage":[10],"damage_taken":[{"damage":3,"enemies":"2 Louse","floor":1,"turns":2},{"damage":4,"enemies":"Small Slimes","floor":3,"turns":4},{"damage":0,"enemies":"Cultist","floor":7,"turns":4},{"damage":32,"enemies":"Exordium Thugs","floor":10,"turns":8},{"damage":57,"enemies":"3 Sentries","floor":11,"turns":10}],"seed_played":"2805423744171134343","potions_obtained":[{"floor":1,"key":"Block Potion"}],"is_trial":false,"path_per_floor":["M","?","M","?","?","R","M","R","T","M","E"],"character_chosen":"IRONCLAD","items_purchased":[],"campfire_rested":0,"item_purchase_floors":[],"current_hp_per_floor":[78,67,69,74,74,74,80,80,80,54,0],"gold":157,"neow_bonus":"TEN_PERCENT_HP_BONUS","is_prod":false,"is_daily":false,"chose_seed":false,"campfire_upgraded":2,"win_rate":0,"timestamp":1546035585,"path_taken":["M","?","M","?","?","R","M","R","T","M","E"],"build_version":"2018-12-20","purchased_purges":0,"victory":false,"max_hp_per_floor":[82,82,82,87,87,87,87,87,87,87,87],"card_choices":[{"not_picked":["Clothesline","Armaments"],"picked":"Shockwave","floor":1},{"not_picked":["Clash","Iron Wave"],"picked":"Shrug It Off","floor":3},{"not_picked":["Entrench","Sever Soul"],"picked":"Shrug It Off","floor":7},{"not_picked":["Sword Boomerang","Pummel"],"picked":"Cleave","floor":10}],"player_experience":1306324,"relics_obtained":[{"floor":9,"key":"Frozen Egg 2"}],"event_choices":[{"damage_healed":0,"gold_gain":0,"player_choice":"Success","damage_taken":11,"relics_obtained":["Meat on the Bone"],"max_hp_gain":0,"max_hp_loss":0,"event_name":"Scrap Ooze","floor":2,"gold_loss":0},{"damage_healed":0,"gold_gain":0,"player_choice":"Donut","damage_taken":0,"max_hp_gain":5,"max_hp_loss":0,"event_name":"Big Fish","floor":4,"gold_loss":0},{"cards_removed":["Strike_R"],"damage_healed":0,"gold_gain":0,"player_choice":"Forget","damage_taken":0,"max_hp_gain":0,"max_hp_loss":0,"event_name":"Living Wall","floor":5,"gold_loss":0}],"is_beta":false,"boss_relics":[],"items_purged_floors":[],"is_endless":false,"potions_floor_spawned":[1],"killed_by":"3 Sentries","ascension_level":20}