{"gold_per_floor":[112,128,141,141,141,141,141,141,141,159,189,200,48,107,107,184,184,184,184,184,184,184,184,184,184,184,184,184,109,109,109,109,109],"floor_reached":33,"playtime":1093,"items_purged":["Strike_R"],"score":470,"play_id":"09dd2ec5-ee70-48ca-891d-c91e58044ba6","local_time":"20190704220726","is_ascension_mode":true,"campfire_choices":[{"data":"Whirlwind","floor":6,"key":"SMITH"},{"data":"Bash","floor":8,"key":"SMITH"},{"data":"True Grit","floor":15,"key":"SMITH"},{"data":"Barricade","floor":23,"key":"SMITH"},{"floor":28,"key":"REST"},{"data":"Body Slam","floor":30,"key":"SMITH"},{"floor":32,"key":"REST"}],"neow_cost":"NONE","seed_source_timestamp":2021025371340,"circlet_count":0,"master_deck":["AscendersBane","Strike_R","Strike_R","Strike_R","Defend_R+1","Defend_R","Defend_R+1","Defend_R","Bash+1","Spot Weakness","Clothesline","Whirlwind+1","Inflame","True Grit+1","Offering","Barricade+1","Thunderclap","Body Slam+1","Thunderclap+1","Bloodletting+1"],"relics":["Burning Blood","NeowsBlessing","Paper Frog","Dream Catcher","Gremlin Horn","War Paint","Ectoplasm","Juzu Bracelet","Ancient Tea Set","Molten Egg 2"],"potions_floor_usage":[25,33,33],"damage_taken":[{"damage":0,"enemies":"Small Slimes","floor":1,"turns":1},{"damage":0,"enemies":"2 Louse","floor":2,"turns":1},{"damage":0,"enemies":"Cultist","floor":3,"turns":1},{"damage":12,"enemies":"Looter","floor":10,"turns":3},{"damage":27,"enemies":"Gremlin Nob","floor":11,"turns":5},{"damage":0,"enemies":"Gremlin Gang","floor":12,"turns":1},{"damage":14,"enemies":"Gremlin Nob","floor":14,"turns":3},{"damage":15,"enemies":"Slime Boss","floor":16,"turns":6},{"damage":6,"enemies":"Chosen","floor":18,"turns":3},{"damage":15,"enemies":"Shell Parasite","floor":19,"turns":3},{"damage":10,"enemies":"Centurion and Healer","floor":20,"turns":8},{"damage":34,"enemies":"Gremlin Leader","floor":24,"turns":4},{"damage":15,"enemies":"Shelled Parasite and Fungi","floor":25,"turns":3},{"damage":8,"enemies":"3 Cultists","floor":27,"turns":4},{"damage":32,"enemies":"Slavers","floor":31,"turns":4},{"damage":46,"enemies":"Champ","floor":33,"turns":12}],"seed_played":"8221302674391590201","potions_obtained":[{"floor":2,"key":"Dexterity Potion"},{"floor":12,"key":"FearPotion"},{"floor":31,"key":"SkillPotion"}],"is_trial":false,"path_per_floor":["M","M","M","?","?","R","?","R","T","M","E","M","$","?","R","B",null,"M","M","M","?","?","R","E","M","T","M","R","?","R","E","R","B"],"character_chosen":"IRONCLAD","items_purchased":["Offering"],"campfire_rested":2,"item_purchase_floors":[13],"current_hp_per_floor":[78,80,80,80,80,80,73,73,73,67,46,52,52,44,44,35,69,69,60,56,56,56,56,28,19,19,17,41,41,41,15,39,0],"gold":109,"neow_bonus":"THREE_ENEMY_KILL","is_prod":false,"is_daily":false,"chose_seed":false,"campfire_upgraded":5,"win_rate":0,"timestamp":1562292446,"path_taken":["M","M","M","?","?","R","?","R","T","M","E","M","$","?","R","BOSS","M","M","M","?","?","R","E","M","T","M","R","?","R","E","R","BOSS"],"build_version":"2019-07-01","purchased_purges":1,"victory":false,"max_hp_per_floor":[80,80,80,80,80,80,80,80,80,80,80,80,80,80,80,80,80,80,80,80,80,80,80,80,80,80,80,80,80,80,80,80,80],"card_choices":[{"not_picked":["Havoc","Body Slam"],"picked":"Spot Weakness","floor":1},{"not_picked":["Armaments","Hemokinesis"],"picked":"Clothesline","floor":2},{"not_picked":["Twin Strike","Body Slam"],"picked":"Whirlwind","floor":3},{"not_picked":["Searing Blow","Dual Wield","Infernal Blade"],"picked":"SKIP","floor":10},{"not_picked":["Pummel","Flex"],"picked":"Inflame","floor":11},{"not_picked":["Cleave","Flex"],"picked":"True Grit","floor":12},{"not_picked":["Bludgeon","Juggernaut"],"picked":"Barricade","floor":16},{"not_picked":["Iron Wave","Dropkick","Carnage"],"picked":"SKIP","floor":18},{"not_picked":["Warcry","Armaments","Clothesline"],"picked":"SKIP","floor":19},{"not_picked":["Wild Strike","Disarm"],"picked":"Thunderclap","floor":20},{"not_picked":["Exhume","Perfected Strike","True Grit"],"picked":"SKIP","floor":24},{"not_picked":["Wild Strike","Sword Boomerang","Burning Pact"],"picked":"SKIP","floor":25},{"not_picked":["Flex","Heavy Blade"],"picked":"Body Slam","floor":27},{"not_picked":["Iron Wave","Immolate"],"picked":"Thunderclap+1","floor":28},{"not_picked":["Hemokinesis","Pummel"],"picked":"Bloodletting+1","floor":31}],"player_experience":443620,"relics_obtained":[{"floor":9,"key":"Dream Catcher"},{"floor":11,"key":"Gremlin Horn"},{"floor":14,"key":"War Paint"},{"floor":24,"key":"Juzu Bracelet"},{"floor":26,"key":"Ancient Tea Set"},{"floor":31,"key":"Molten Egg 2"}],"event_choices":[{"damage_healed":0,"gold_gain":0,"player_choice":"Box","damage_taken":0,"relics_obtained":["Paper Frog"],"max_hp_gain":0,"max_hp_loss":0,"event_name":"Big Fish","floor":4,"gold_loss":0,"cards_obtained":["Regret"]},{"damage_healed":0,"gold_gain":0,"player_choice":"Ignored","damage_taken":0,"max_hp_gain":0,"max_hp_loss":0,"event_name":"Liars Game","floor":5,"gold_loss":0},{"cards_removed":["Regret"],"damage_healed":0,"gold_gain":0,"player_choice":"Card Removal","damage_taken":7,"max_hp_gain":0,"max_hp_loss":0,"event_name":"Golden Wing","floor":7,"gold_loss":0},{"damage_healed":0,"gold_gain":0,"player_choice":"Searched \u00271\u0027 times","damage_taken":0,"max_hp_gain":0,"max_hp_loss":0,"event_name":"Dead Adventurer","floor":14,"gold_loss":0},{"damage_healed":0,"gold_gain":0,"player_choice":"Ignored","damage_taken":0,"max_hp_gain":0,"max_hp_loss":0,"event_name":"Ghosts","floor":21,"gold_loss":0},{"damage_healed":0,"gold_gain":0,"player_choice":"Got Potions","damage_taken":0,"max_hp_gain":0,"max_hp_loss":0,"event_name":"Lab","floor":22,"gold_loss":0},{"cards_removed":["Strike_R"],"damage_healed":0,"gold_gain":0,"player_choice":"Gave Gold","damage_taken":0,"max_hp_gain":0,"max_hp_loss":0,"event_name":"Beggar","floor":29,"gold_loss":75}],"is_beta":false,"boss_relics":[{"not_picked":["Runic Dome","Calling Bell"],"picked":"Ectoplasm"}],"items_purged_floors":[13],"is_endless":false,"potions_floor_spawned":[2,12,14,16,18,24,31],"killed_by":"Champ","ascension_level":13}