{"gold_per_floor":[113,113,130,55,72,99,99,128,155,188,203,203,203,217,217,294,294,307,36,55,75,95,128,128,128],"floor_reached":25,"playtime":1082,"items_purged":["Strike_B"],"score":536,"play_id":"91d99820-e342-47d8-8fc1-d4d319e0deb7","local_time":"20190220141204","is_ascension_mode":true,"campfire_choices":[{"data":"Zap","floor":7,"key":"SMITH"},{"data":"Defragment","floor":12,"key":"SMITH"},{"data":"Fission","floor":15,"key":"SMITH"},{"data":"Coolheaded","floor":24,"key":"SMITH"}],"neow_cost":"NONE","seed_source_timestamp":311245468752387,"circlet_count":0,"master_deck":["AscendersBane","Strike_B","Strike_B","Strike_B","Defend_B","Defend_B","Defend_B","Defend_B","Zap+1","Dualcast","Ball Lightning","FTL","Leap","Hologram","Ball Lightning","Defragment+1","Fission+1","Coolheaded+1","All For One","Genetic Algorithm","Sunder+1","Capacitor","Biased Cognition"],"relics":["Cracked Core","PreservedInsect","Boot","Singing Bowl","Omamori","The Courier","Cursed Key","Membership Card","Matryoshka","Bottled Tornado"],"potions_floor_usage":[6,10,20,21,22,23],"damage_taken":[{"damage":0,"enemies":"2 Louse","floor":1,"turns":2},{"damage":7,"enemies":"Jaw Worm","floor":3,"turns":3},{"damage":0,"enemies":"Small Slimes","floor":5,"turns":2},{"damage":0,"enemies":"Gremlin Nob","floor":6,"turns":2},{"damage":6,"enemies":"3 Sentries","floor":8,"turns":5},{"damage":6,"enemies":"Gremlin Nob","floor":10,"turns":3},{"damage":11,"enemies":"3 Louse","floor":11,"turns":4},{"damage":0,"enemies":"Looter","floor":14,"turns":3},{"damage":7,"enemies":"The Guardian","floor":16,"turns":10},{"damage":0,"enemies":"Chosen","floor":18,"turns":3},{"damage":15,"enemies":"Shell Parasite","floor":20,"turns":6},{"damage":8,"enemies":"Snecko","floor":21,"turns":5},{"damage":8,"enemies":"Snake Plant","floor":22,"turns":3},{"damage":37,"enemies":"Book of Stabbing","floor":23,"turns":5},{"damage":17,"enemies":"Colosseum Slavers","floor":25,"turns":1}],"seed_played":"-711225598470590544","potions_obtained":[{"floor":3,"key":"PowerPotion"},{"floor":6,"key":"Poison Potion"},{"floor":8,"key":"EssenceOfSteel"},{"floor":11,"key":"Weak Potion"},{"floor":18,"key":"Regen Potion"},{"floor":20,"key":"GamblersBrew"},{"floor":21,"key":"Block Potion"}],"is_trial":false,"path_per_floor":["M","?","M","$","M","E","R","E","T","E","M","R","?","M","R","B",null,"M","$","M","M","M","E","R","?"],"character_chosen":"DEFECT","items_purchased":["Membership Card","Matryoshka"],"campfire_rested":0,"item_purchase_floors":[19,19],"current_hp_per_floor":[71,53,46,46,46,46,46,40,40,34,23,23,23,23,23,16,63,65,65,65,57,49,12,12,0],"gold":128,"neow_bonus":"TEN_PERCENT_HP_BONUS","is_prod":false,"is_daily":false,"chose_seed":false,"campfire_upgraded":4,"win_rate":0,"timestamp":1550689924,"path_taken":["M","?","M","$","M","E","R","E","T","E","M","R","?","M","R","BOSS","M","$","M","M","M","E","R","?"],"build_version":"2019-01-23","purchased_purges":1,"victory":false,"max_hp_per_floor":[78,78,78,78,78,78,78,78,78,78,78,78,78,78,78,78,78,80,80,80,80,80,80,80,80],"card_choices":[{"not_picked":["Gash","Genetic Algorithm"],"picked":"Ball Lightning","floor":1},{"not_picked":["Coolheaded","Rebound"],"picked":"FTL","floor":3},{"not_picked":["Rebound","Aggregate"],"picked":"Leap","floor":5},{"not_picked":["Double Energy","Gash"],"picked":"Hologram","floor":6},{"not_picked":["Aggregate","Redo"],"picked":"Ball Lightning","floor":8},{"not_picked":["Go for the Eyes","Steam"],"picked":"Defragment","floor":10},{"not_picked":["Ball Lightning","Self Repair"],"picked":"Fission","floor":11},{"not_picked":["Compile Driver","Redo"],"picked":"Coolheaded","floor":14},{"not_picked":["Fission","Multi-Cast"],"picked":"All For One","floor":16},{"not_picked":["Beam Cell","Streamline","Stack"],"picked":"Singing Bowl","floor":18},{"not_picked":["Go for the Eyes","Conserve Battery"],"picked":"Genetic Algorithm","floor":20},{"not_picked":["Darkness+1","Streamline"],"picked":"Sunder+1","floor":21},{"not_picked":["Rebound","Scrape"],"picked":"Capacitor","floor":22},{"not_picked":["Chaos","Rip and Tear"],"picked":"Biased Cognition","floor":23}],"player_experience":1371701,"relics_obtained":[{"floor":6,"key":"Boot"},{"floor":8,"key":"Singing Bowl"},{"floor":9,"key":"Omamori"},{"floor":10,"key":"The Courier"},{"floor":23,"key":"Bottled Tornado"}],"event_choices":[{"damage_healed":0,"gold_gain":0,"player_choice":"Success","damage_taken":18,"relics_obtained":["PreservedInsect"],"max_hp_gain":0,"max_hp_loss":0,"event_name":"Scrap Ooze","floor":2,"gold_loss":0},{"damage_healed":0,"gold_gain":0,"player_choice":"Ignored","damage_taken":0,"max_hp_gain":0,"max_hp_loss":0,"event_name":"Shining Light","floor":13,"gold_loss":0},{"damage_healed":0,"gold_gain":0,"player_choice":"Fight","damage_taken":0,"max_hp_gain":0,"max_hp_loss":0,"event_name":"Colosseum","floor":25,"gold_loss":0}],"is_beta":false,"boss_relics":[{"not_picked":["Astrolabe","Busted Crown"],"picked":"Cursed Key"}],"items_purged_floors":[4],"is_endless":false,"potions_floor_spawned":[3,6,8,11,18,20,21],"killed_by":"Colosseum Slavers","ascension_level":20}