{"gold_per_floor":[116,129,146,146,146,146,190,190,267,267,280,311,311,329,329,422,422,447,471,485,217,217,217,132,132,132,132,147,147,147,157,157,236,236,251,251,268,268,279,296,296,314,339,373,373,384,400,400,400,400,400,400,79,79],"floor_reached":54,"playtime":3420,"items_purged":["Barrage","Parasite"],"score":1267,"play_id":"0b060f62-289f-412d-b548-f6c288c48ef5","local_time":"20190721152557","is_ascension_mode":true,"campfire_choices":[{"data":"Zap","floor":6,"key":"SMITH"},{"floor":10,"key":"REST"},{"data":"Dualcast","floor":13,"key":"SMITH"},{"floor":15,"key":"REST"},{"data":"Consume","floor":23,"key":"SMITH"},{"data":"Seek","floor":25,"key":"SMITH"},{"data":"Fission","floor":29,"key":"SMITH"},{"floor":32,"key":"REST"},{"data":"Hologram","floor":41,"key":"SMITH"},{"floor":49,"key":"RECALL"},{"floor":52,"key":"REST"}],"neow_cost":"NONE","seed_source_timestamp":80938299452941,"circlet_count":0,"master_deck":["AscendersBane","Zap+1","Dualcast+1","Seek+1","Conserve Battery+1","Ball Lightning+1","Streamline+1","Rainbow+1","Sweeping Beam+1","White Noise+1","Turbo+1","Biased Cognition+1","Auto Shields+1","Buffer+1","Fission+1","Barrage+1","Darkness+1","Recycle+1","Genetic Algorithm+1","Capacitor+1","Compile Driver+1","Consume+1","Reinforced Body+1","Leap+1","Buffer+1","Reinforced Body+1","Hologram+1","Self Repair+1","Static Discharge+1"],"relics":["FrozenCore","Bloody Idol","Smiling Mask","Mango","Sundial","Centennial Puzzle","Pandora\u0027s Box","Lee\u0027s Waffle","Gambling Chip","Frozen Egg 2","Mark of the Bloom","Bag of Preparation","Letter Opener","ClockworkSouvenir"],"potions_floor_usage":[16,33,33,54],"damage_taken":[{"damage":3,"enemies":"Jaw Worm","floor":1,"turns":4},{"damage":0,"enemies":"2 Louse","floor":2,"turns":3},{"damage":5,"enemies":"Small Slimes","floor":3,"turns":2},{"damage":36,"enemies":"Gremlin Nob","floor":7,"turns":5},{"damage":12,"enemies":"Exordium Thugs","floor":11,"turns":4},{"damage":18,"enemies":"3 Sentries","floor":12,"turns":5},{"damage":13,"enemies":"Blue Slaver","floor":14,"turns":2},{"damage":19,"enemies":"Slime Boss","floor":16,"turns":8},{"damage":5,"enemies":"Shell Parasite","floor":18,"turns":3},{"damage":9,"enemies":"Spheric Guardian","floor":19,"turns":4},{"damage":41,"enemies":"Snake Plant","floor":20,"turns":5},{"damage":31,"enemies":"Centurion and Healer","floor":28,"turns":9},{"damage":8,"enemies":"Shelled Parasite and Fungi","floor":31,"turns":5},{"damage":25,"enemies":"Collector","floor":33,"turns":13},{"damage":0,"enemies":"Orb Walker","floor":35,"turns":6},{"damage":0,"enemies":"3 Darklings","floor":37,"turns":6},{"damage":0,"enemies":"Sphere and 2 Shapes","floor":39,"turns":4},{"damage":0,"enemies":"Writhing Mass","floor":40,"turns":7},{"damage":13,"enemies":"4 Shapes","floor":42,"turns":8},{"damage":0,"enemies":"Nemesis","floor":44,"turns":15},{"damage":3,"enemies":"3 Darklings","floor":46,"turns":6},{"damage":0,"enemies":"Spire Growth","floor":47,"turns":8},{"damage":12,"enemies":"Time Eater","floor":50,"turns":10},{"damage":63,"enemies":"Shield and Spear","floor":54,"turns":5}],"seed_played":"556003145632464941","potions_obtained":[{"floor":2,"key":"Dexterity Potion"},{"floor":3,"key":"Ancient Potion"},{"floor":16,"key":"SpeedPotion"},{"floor":39,"key":"SpeedPotion"},{"floor":44,"key":"Weak Potion"},{"floor":47,"key":"Swift Potion"}],"is_trial":false,"path_per_floor":["M","M","M","?","?","R","E","?","T","R","M","E","R","M","R","B",null,"M","M","M","$","?","R","?","R","T","?","M","R","?","M","R","B",null,"M","?","M","T","M","M","R","M","T","E","?","M","M","?","R","B",null,"R","$","E"],"character_chosen":"DEFECT","items_purchased":["Lee\u0027s Waffle","ClockworkSouvenir","PowerPotion"],"campfire_rested":4,"item_purchase_floors":[21,53,53],"current_hp_per_floor":[61,61,56,61,61,61,25,34,34,58,46,28,28,15,39,20,67,62,53,12,90,90,90,90,90,90,90,59,59,59,56,83,63,83,88,88,88,88,88,88,88,75,75,75,75,72,72,72,72,60,60,60,60,0],"gold":79,"neow_bonus":"ONE_RANDOM_RARE_CARD","is_prod":false,"is_daily":false,"chose_seed":false,"campfire_upgraded":6,"win_rate":0,"timestamp":1563737157,"path_taken":["M","M","M","?","?","R","E","?","T","R","?","E","R","M","R","BOSS","M","M","M","$","?","R","?","R","T","?","M","R","?","M","R","BOSS","M","?","M","?","M","M","R","M","T","E","?","?","M","?","R","BOSS","R","$","E"],"build_version":"2019-07-17","purchased_purges":2,"victory":false,"max_hp_per_floor":[71,71,71,76,69,69,69,83,83,83,83,83,83,83,83,83,83,83,83,83,90,90,90,90,90,90,90,90,90,90,90,90,90,90,90,90,90,90,90,90,90,90,90,90,85,85,85,85,85,85,85,85,82,82],"card_choices":[{"not_picked":["Compile Driver","Rebound"],"picked":"Conserve Battery","floor":1},{"not_picked":["Blizzard","Steam"],"picked":"Ball Lightning","floor":2},{"not_picked":["Steam Power","Chill"],"picked":"Streamline","floor":3},{"not_picked":["Turbo","Consume"],"picked":"Rainbow","floor":7},{"not_picked":["Stack","Rip and Tear"],"picked":"Sweeping Beam","floor":11},{"not_picked":["Beam Cell","Double Energy"],"picked":"White Noise","floor":12},{"not_picked":["Rebound","Scrape"],"picked":"Turbo","floor":14},{"not_picked":["Rainbow","Fission"],"picked":"Biased Cognition","floor":16},{"not_picked":["Streamline","BootSequence"],"picked":"Genetic Algorithm","floor":18},{"not_picked":["Beam Cell","Barrage"],"picked":"Capacitor","floor":19},{"not_picked":["Steam Power","Streamline"],"picked":"Compile Driver","floor":20},{"not_picked":["Thunder Strike","Sweeping Beam"],"picked":"Reinforced Body","floor":28},{"not_picked":["Blizzard","Reprogram"],"picked":"Leap","floor":31},{"not_picked":["Electrodynamics+1","Amplify"],"picked":"Buffer+1","floor":33},{"not_picked":["FTL+1","Doom and Gloom+1"],"picked":"Reinforced Body","floor":35},{"not_picked":["Streamline","Beam Cell"],"picked":"Hologram","floor":37},{"not_picked":["Cold Snap","Rebound","Turbo+1"],"picked":"SKIP","floor":39},{"not_picked":["Consume","Sweeping Beam","Aggregate+1"],"picked":"SKIP","floor":40},{"not_picked":["Reprogram+1","Heatsinks+1"],"picked":"Self Repair+1","floor":42},{"not_picked":["Self Repair+1","Echo Form+1"],"picked":"Static Discharge+1","floor":44},{"not_picked":["Turbo+1","Hologram","Conserve Battery"],"picked":"SKIP","floor":46},{"not_picked":["Stack","Hologram","Gash"],"picked":"SKIP","floor":47}],"player_experience":567102,"relics_obtained":[{"floor":7,"key":"Smiling Mask"},{"floor":9,"key":"Sundial"},{"floor":12,"key":"Centennial Puzzle"},{"floor":26,"key":"Frozen Egg 2"},{"floor":38,"key":"Bag of Preparation"},{"floor":44,"key":"Letter Opener"}],"event_choices":[{"damage_healed":0,"gold_gain":0,"player_choice":"Donut","damage_taken":0,"max_hp_gain":5,"max_hp_loss":0,"event_name":"Big Fish","floor":4,"gold_loss":0},{"damage_healed":0,"gold_gain":0,"player_choice":"Lose Max HP","damage_taken":0,"relics_obtained":["Golden Idol"],"max_hp_gain":0,"max_hp_loss":7,"event_name":"Golden Idol","floor":5,"gold_loss":0},{"damage_healed":0,"gold_gain":0,"player_choice":"Success","damage_taken":5,"relics_obtained":["Mango"],"max_hp_gain":0,"max_hp_loss":0,"event_name":"Scrap Ooze","floor":8,"gold_loss":0},{"damage_healed":0,"gold_gain":0,"player_choice":"Read","damage_taken":0,"max_hp_gain":0,"max_hp_loss":0,"event_name":"The Library","floor":22,"gold_loss":0,"cards_obtained":["Consume"]},{"damage_healed":0,"gold_gain":0,"player_choice":"Obtained Relic","damage_taken":0,"relics_obtained":["Gambling Chip"],"max_hp_gain":0,"max_hp_loss":0,"event_name":"Addict","floor":24,"gold_loss":85},{"cards_removed":["Ball Lightning"],"damage_healed":0,"gold_gain":0,"player_choice":"Elegance","damage_taken":0,"max_hp_gain":0,"max_hp_loss":0,"event_name":"Back to Basics","floor":27,"gold_loss":0},{"damage_healed":0,"gold_gain":0,"player_choice":"Gave Idol","damage_taken":0,"relics_obtained":["Bloody Idol"],"max_hp_gain":0,"max_hp_loss":0,"event_name":"Forgotten Altar","floor":30,"relics_lost":["Golden Idol"],"gold_loss":0},{"damage_healed":0,"gold_gain":0,"player_choice":"Upgrade","damage_taken":0,"relics_obtained":["Mark of the Bloom"],"max_hp_gain":0,"max_hp_loss":0,"event_name":"MindBloom","floor":36,"gold_loss":0,"cards_upgraded":["Conserve Battery","Ball Lightning","Streamline","Rainbow","Sweeping Beam","White Noise","Turbo","Biased Cognition","Auto Shields","Buffer","Barrage","Darkness","Recycle","Genetic Algorithm","Capacitor","Compile Driver","Reinforced Body","Leap","Reinforced Body"]},{"damage_healed":0,"gold_gain":0,"player_choice":"Max HP","damage_taken":0,"max_hp_gain":0,"max_hp_loss":5,"event_name":"Winding Halls","floor":45,"gold_loss":0},{"damage_healed":0,"gold_gain":0,"player_choice":"Ignored","damage_taken":0,"max_hp_gain":0,"max_hp_loss":0,"event_name":"Tomb of Lord Red Mask","floor":48,"gold_loss":0}],"is_beta":false,"boss_relics":[{"not_picked":["Coffee Dripper","Philosopher\u0027s Stone"],"picked":"Pandora\u0027s Box"},{"not_picked":["Black Star","Orrery"],"picked":"FrozenCore"}],"items_purged_floors":[21,53],"is_endless":false,"potions_floor_spawned":[2,3,7,16,19,20,31,39,44,47],"killed_by":"Shield and Spear","ascension_level":16}