{"gold_per_floor":[109,109,133,133,152,152,187,202,202,202],"floor_reached":10,"playtime":365,"items_purged":[],"score":116,"play_id":"beae906e-9b3a-4c2a-9ed3-37a980b6f6bf","local_time":"20181019111347","is_ascension_mode":true,"campfire_choices":[{"data":"Madness","floor":6,"key":"SMITH"}],"neow_cost":"NONE","seed_source_timestamp":54572811998103,"circlet_count":0,"master_deck":["Defend_G","Defend_G","Defend_G","Defend_G","Defend_G","Strike_G+1","Strike_G","Strike_G","Strike_G","Strike_G","Survivor","Neutralize+1","AscendersBane","Madness+1","Skewer","Quick Slash","Backflip","Noxious Fumes"],"relics":["Ring of the Snake","FaceOfCleric","Whetstone","Vajra","Pear"],"potions_floor_usage":[7],"damage_taken":[{"damage":1,"enemies":"Jaw Worm","floor":1,"turns":5},{"damage":0,"enemies":"Cultist","floor":5,"turns":3},{"damage":33,"enemies":"Gremlin Nob","floor":7,"turns":6},{"damage":0,"enemies":"2 Louse","floor":8,"turns":2},{"damage":30,"enemies":"3 Sentries","floor":10,"turns":6}],"seed_played":"-8003621736685246659","potions_obtained":[{"floor":5,"key":"SpeedPotion"}],"is_trial":false,"path_per_floor":["M","?","T","?","M","R","E","M","T"],"character_chosen":"THE_SILENT","items_purchased":[],"campfire_rested":0,"item_purchase_floors":[],"current_hp_per_floor":[58,58,58,49,50,50,18,19,29,0],"gold":202,"neow_bonus":"RANDOM_COLORLESS","is_prod":false,"is_daily":false,"chose_seed":false,"campfire_upgraded":1,"win_rate":0,"timestamp":1539962027,"path_taken":["M","?","?","?","M","R","E","M","T","E"],"build_version":"2018-10-18","purchased_purges":0,"victory":false,"max_hp_per_floor":[66,66,66,66,67,67,68,69,79,79],"card_choices":[{"not_picked":["Slice","Terror"],"picked":"Skewer","floor":1},{"not_picked":["Infinite Blades","Underhanded Strike"],"picked":"Quick Slash","floor":5},{"not_picked":["Bouncing Flask","Deadly Poison"],"picked":"Backflip","floor":7},{"not_picked":["Outmaneuver","Underhanded Strike"],"picked":"Noxious Fumes","floor":8}],"player_experience":927458,"relics_obtained":[{"floor":3,"key":"Whetstone"},{"floor":7,"key":"Vajra"},{"floor":9,"key":"Pear"}],"event_choices":[{"damage_healed":0,"gold_gain":0,"player_choice":"Trade","damage_taken":0,"relics_obtained":["FaceOfCleric"],"max_hp_gain":0,"max_hp_loss":0,"event_name":"FaceTrader","floor":2,"gold_loss":0},{"damage_healed":0,"gold_gain":0,"player_choice":"Damaged","damage_taken":9,"max_hp_gain":0,"max_hp_loss":0,"event_name":"Wheel of Change","floor":4,"gold_loss":0}],"is_beta":false,"boss_relics":[],"items_purged_floors":[],"is_endless":false,"potions_floor_spawned":[5],"killed_by":"3 Sentries","ascension_level":15}