{"gold_per_floor":[119,45,63,74,94,123,123,73,73,73,107,107,126,157,157,157],"floor_reached":16,"playtime":983,"items_purged":[],"score":126,"play_id":"0e31f861-dd0a-4dc6-938d-0b744c47224a","local_time":"20190711020325","is_ascension_mode":true,"campfire_choices":[{"data":"Metallicize","floor":7,"key":"SMITH"},{"data":"Flame Barrier","floor":12,"key":"SMITH"},{"floor":15,"key":"RECALL"}],"neow_cost":"NONE","seed_source_timestamp":75579661284212,"circlet_count":0,"master_deck":["Strike_R","Strike_R","Strike_R","Strike_R","Strike_R","Defend_R","Defend_R","Defend_R","Defend_R","Bash","Flame Barrier+1","Metallicize+1","Body Slam","Cleave","Pommel Strike","Cleave","Whirlwind","Spot Weakness"],"relics":["Burning Blood","PreservedInsect","Juzu Bracelet","Frozen Egg 2","Smiling Mask"],"potions_floor_usage":[6,11,11,11],"damage_taken":[{"damage":1,"enemies":"Cultist","floor":1,"turns":3},{"damage":3,"enemies":"Jaw Worm","floor":3,"turns":4},{"damage":1,"enemies":"2 Louse","floor":4,"turns":4},{"damage":6,"enemies":"Blue Slaver","floor":5,"turns":6},{"damage":6,"enemies":"3 Sentries","floor":6,"turns":4},{"damage":8,"enemies":"Lagavulin","floor":11,"turns":5},{"damage":11,"enemies":"Large Slime","floor":13,"turns":7},{"damage":17,"enemies":"Gremlin Nob","floor":14,"turns":4},{"damage":62,"enemies":"The Guardian","floor":16,"turns":11}],"seed_played":"6177768646471851700","potions_obtained":[{"floor":3,"key":"Explosive Potion"},{"floor":4,"key":"PowerPotion"},{"floor":6,"key":"AttackPotion"},{"floor":10,"key":"Block Potion"}],"is_trial":false,"path_per_floor":["M","$","M","M","M","E","R","?","T","?","E","R","M","E","R","B"],"character_chosen":"IRONCLAD","items_purchased":["Metallicize"],"campfire_rested":0,"item_purchase_floors":[2],"current_hp_per_floor":[80,80,80,80,80,80,80,80,80,80,78,78,73,62,62,0],"gold":157,"neow_bonus":"RANDOM_COMMON_RELIC","is_prod":false,"is_daily":false,"chose_seed":false,"campfire_upgraded":2,"win_rate":0,"timestamp":1562835805,"path_taken":["M","$","M","M","M","E","R","?","T","?","E","R","M","E","R","BOSS"],"build_version":"2019-07-05","purchased_purges":0,"victory":false,"max_hp_per_floor":[80,80,80,80,80,80,80,80,80,80,80,80,80,80,80,80],"card_choices":[{"not_picked":["Cleave","Infernal Blade"],"picked":"Flame Barrier","floor":1},{"not_picked":["Headbutt","Sword Boomerang"],"picked":"Body Slam","floor":3},{"not_picked":["Power Through","Sword Boomerang"],"picked":"Cleave","floor":4},{"not_picked":["Wild Strike","Rage"],"picked":"Pommel Strike","floor":5},{"not_picked":["Intimidate","Clash"],"picked":"Dropkick","floor":6},{"not_picked":["Entrench","Body Slam"],"picked":"Cleave","floor":11},{"not_picked":["Rage","Heavy Blade"],"picked":"Whirlwind","floor":13},{"not_picked":["True Grit","Perfected Strike"],"picked":"Spot Weakness","floor":14}],"player_experience":257461,"relics_obtained":[{"floor":6,"key":"Juzu Bracelet"},{"floor":11,"key":"Frozen Egg 2"},{"floor":14,"key":"Smiling Mask"}],"event_choices":[{"cards_removed":["Dropkick"],"damage_healed":0,"gold_gain":0,"player_choice":"Card Removal","damage_taken":0,"max_hp_gain":0,"max_hp_loss":0,"event_name":"The Cleric","floor":8,"gold_loss":50},{"damage_healed":0,"gold_gain":0,"player_choice":"Got Potions","damage_taken":0,"max_hp_gain":0,"max_hp_loss":0,"event_name":"Lab","floor":10,"gold_loss":0}],"is_beta":false,"boss_relics":[],"items_purged_floors":[],"is_endless":false,"potions_floor_spawned":[3,4,6],"killed_by":"The Guardian","ascension_level":1}