{"gold_per_floor":[116,16,16,36,36,70,70,89,116,116,116,116,141,160,160,259,259,276,286,286,102,102,167,167,186,238,238,253,253,284,311,311,406,406,421,296,296,313,164,164,176,176,176,255,255,117,137,149,149,149,149,149,3,31,31],"floor_reached":55,"playtime":4391,"items_purged":["Strike_B","Barrage","Hello World"],"score":1103,"play_id":"a9c80aff-046b-48a7-a8d6-69b80b98a4af","local_time":"20190512162302","is_ascension_mode":true,"campfire_choices":[{"data":"Streamline","floor":7,"key":"SMITH"},{"data":"Zap","floor":10,"key":"SMITH"},{"data":"Hologram","floor":12,"key":"SMITH"},{"data":"Reboot","floor":15,"key":"SMITH"},{"floor":24,"key":"REST"},{"data":"Leap","floor":27,"key":"SMITH"},{"floor":29,"key":"REST"},{"floor":32,"key":"REST"},{"data":"Seek","floor":40,"key":"SMITH"},{"floor":42,"key":"RECALL"},{"data":"Buffer","floor":45,"key":"SMITH"},{"data":"Sunder","floor":49,"key":"SMITH"},{"data":"Seek","floor":52,"key":"SMITH"}],"neow_cost":"NONE","seed_source_timestamp":4437456746750,"circlet_count":0,"master_deck":["Zap+1","Rebound","Leap+1","Hologram+1","Streamline+1","Reboot+1","Fission+1","Sunder+1","Skim","Undo+1","Buffer+1","Sweeping Beam+1","Finesse","Self Repair","Seek+1","Madness","Madness","Reinforced Body+1","Seek+1"],"relics":["Cracked Core","NeowsBlessing","Mercury Hourglass","Cables","Ancient Tea Set","Pen Nib","Pandora\u0027s Box","Tiny Chest","War Paint","Red Mask","Centennial Puzzle","Nuclear Battery","Orichalcum","Shuriken","Art of War","Bronze Scales"],"potions_floor_usage":[16,16,33,33,50,55,55],"damage_taken":[{"damage":0,"enemies":"Small Slimes","floor":1,"turns":1},{"damage":0,"enemies":"Jaw Worm","floor":4,"turns":1},{"damage":0,"enemies":"Gremlin Nob","floor":6,"turns":1},{"damage":0,"enemies":"2 Louse","floor":8,"turns":2},{"damage":7,"enemies":"3 Sentries","floor":13,"turns":5},{"damage":0,"enemies":"Large Slime","floor":14,"turns":3},{"damage":12,"enemies":"Hexaghost","floor":16,"turns":7},{"damage":0,"enemies":"Spheric Guardian","floor":18,"turns":3},{"damage":22,"enemies":"2 Thieves","floor":19,"turns":3},{"damage":35,"enemies":"Book of Stabbing","floor":23,"turns":5},{"damage":1,"enemies":"Centurion and Healer","floor":25,"turns":5},{"damage":0,"enemies":"Shelled Parasite and Fungi","floor":28,"turns":3},{"damage":0,"enemies":"Masked Bandits","floor":30,"turns":1},{"damage":23,"enemies":"Gremlin Leader","floor":31,"turns":5},{"damage":36,"enemies":"Champ","floor":33,"turns":9},{"damage":8,"enemies":"3 Darklings","floor":35,"turns":3},{"damage":0,"enemies":"Orb Walker","floor":38,"turns":1},{"damage":0,"enemies":"Transient","floor":41,"turns":5},{"damage":0,"enemies":"Sphere and 2 Shapes","floor":47,"turns":3},{"damage":9,"enemies":"Writhing Mass","floor":48,"turns":4},{"damage":0,"enemies":"Time Eater","floor":50,"turns":8},{"damage":0,"enemies":"Shield and Spear","floor":54,"turns":3},{"damage":95,"enemies":"The Heart","floor":55,"turns":5}],"seed_played":"-5989261875180105101","potions_obtained":[{"floor":6,"key":"Dexterity Potion"},{"floor":8,"key":"Strength Potion"},{"floor":13,"key":"Regen Potion"},{"floor":18,"key":"FocusPotion"},{"floor":28,"key":"GamblersBrew"},{"floor":33,"key":"Weak Potion"},{"floor":38,"key":"LiquidBronze"},{"floor":48,"key":"Weak Potion"}],"is_trial":false,"path_per_floor":["M","$","?","M","T","E","R","M","T","R","?","R","E","M","R","B",null,"M","M","?","$","?","E","R","M","T","R","M","R","?","E","R","B",null,"M","$","?","M","$","R","M","R","T","T","R","$","M","M","R","B",null,"R","$","E","B"],"character_chosen":"DEFECT","items_purchased":["Leap","Finesse","Orichalcum","Seek","Art of War"],"campfire_rested":3,"item_purchase_floors":[2,21,39,46,53],"current_hp_per_floor":[68,68,53,53,53,53,53,53,53,53,46,46,39,39,39,42,67,67,45,45,45,45,10,32,31,31,31,31,53,53,30,52,23,62,61,61,52,59,59,59,66,66,66,66,66,66,73,71,71,75,75,75,75,75,0],"gold":31,"neow_bonus":"THREE_ENEMY_KILL","is_prod":false,"is_daily":false,"chose_seed":false,"campfire_upgraded":9,"win_rate":0,"timestamp":1557692582,"path_taken":["M","$","?","M","?","E","R","M","T","R","?","R","E","M","R","BOSS","M","M","?","$","?","E","R","M","T","R","M","R","?","E","R","BOSS","M","$","?","M","$","R","M","R","T","?","R","$","M","M","R","BOSS","R","$","E","BOSS"],"build_version":"2019-01-23","purchased_purges":3,"victory":false,"max_hp_per_floor":[75,75,75,75,75,75,75,75,75,75,75,75,75,75,75,75,75,75,75,75,75,75,75,75,75,75,75,75,75,75,75,75,75,75,75,75,75,75,75,75,75,75,75,75,75,75,75,75,75,75,75,75,75,75,75],"card_choices":[{"not_picked":["Steam","Conserve Battery"],"picked":"Rebound","floor":1},{"not_picked":["Cold Snap","Ball Lightning"],"picked":"Hologram","floor":4},{"not_picked":["Stack","Static Discharge"],"picked":"Streamline","floor":6},{"not_picked":["Loop","Streamline","Leap"],"picked":"SKIP","floor":8},{"not_picked":["Coolheaded","Redo"],"picked":"Reboot","floor":13},{"not_picked":["Sweeping Beam","White Noise","Rebound"],"picked":"SKIP","floor":14},{"not_picked":["Thunder Strike","Meteor Strike"],"picked":"Fission","floor":16},{"not_picked":["Coolheaded","Streamline","Redo+1"],"picked":"SKIP","floor":18},{"not_picked":["Storm+1","Cold Snap+1"],"picked":"Sweeping Beam+1","floor":19},{"not_picked":["Ball Lightning","Sweeping Beam","Storm"],"picked":"SKIP","floor":23},{"not_picked":["All For One","Reprogram","Gash"],"picked":"SKIP","floor":25},{"not_picked":["Loop","Go for the Eyes","Cold Snap+1"],"picked":"SKIP","floor":28},{"not_picked":["Steam","Compile Driver+1"],"picked":"Self Repair","floor":31},{"not_picked":["Creative AI","Core Surge"],"picked":"Seek","floor":33},{"not_picked":["Genetic Algorithm+1","Undo","Redo"],"picked":"SKIP","floor":35},{"not_picked":["Conserve Battery+1","Glacier+1"],"picked":"Reinforced Body+1","floor":38},{"not_picked":["Steam+1","Compile Driver+1","Melter+1"],"picked":"SKIP","floor":41},{"not_picked":["Skim","Darkness+1","Rebound+1"],"picked":"SKIP","floor":47},{"not_picked":["Hologram+1","Gash","Beam Cell"],"picked":"SKIP","floor":48},{"not_picked":["Gash","Defragment","Reboot"],"picked":"SKIP","floor":54}],"player_experience":294265,"relics_obtained":[{"floor":5,"key":"Mercury Hourglass"},{"floor":6,"key":"Cables"},{"floor":9,"key":"Ancient Tea Set"},{"floor":13,"key":"Pen Nib"},{"floor":23,"key":"Tiny Chest"},{"floor":26,"key":"War Paint"},{"floor":30,"key":"Red Mask"},{"floor":31,"key":"Centennial Puzzle"},{"floor":44,"key":"Shuriken"},{"floor":54,"key":"Bronze Scales"}],"event_choices":[{"damage_healed":0,"gold_gain":0,"player_choice":"Entered Light","damage_taken":15,"max_hp_gain":0,"max_hp_loss":0,"event_name":"Shining Light","floor":3,"gold_loss":0,"cards_upgraded":["Strike_B","Dualcast"]},{"cards_removed":["Defend_B"],"damage_healed":0,"gold_gain":0,"player_choice":"Card Removal","damage_taken":7,"max_hp_gain":0,"max_hp_loss":0,"event_name":"Golden Wing","floor":11,"gold_loss":0},{"damage_healed":0,"gold_gain":0,"player_choice":"Ignored","damage_taken":0,"max_hp_gain":0,"max_hp_loss":0,"event_name":"Ghosts","floor":20,"gold_loss":0},{"cards_removed":["Dualcast"],"damage_healed":0,"gold_gain":0,"player_choice":"Elegance","damage_taken":0,"max_hp_gain":0,"max_hp_loss":0,"event_name":"Back to Basics","floor":22,"gold_loss":0},{"damage_healed":0,"gold_gain":0,"player_choice":"Fought Bandits","damage_taken":0,"max_hp_gain":0,"max_hp_loss":0,"event_name":"Masked Bandits","floor":30,"gold_loss":0},{"damage_healed":0,"gold_gain":0,"player_choice":"Embrace Madness","damage_taken":9,"max_hp_gain":0,"max_hp_loss":0,"event_name":"Winding Halls","floor":37,"gold_loss":0,"cards_obtained":["Madness","Madness"]}],"is_beta":false,"boss_relics":[{"not_picked":["Busted Crown","Calling Bell"],"picked":"Pandora\u0027s Box"},{"not_picked":["Runic Dome","Black Star"],"picked":"Nuclear Battery"}],"items_purged_floors":[2,21,36],"is_endless":false,"potions_floor_spawned":[6,8,13,18,28,33,38,48],"killed_by":"The Heart","ascension_level":9}