{"gold_per_floor":[119,139,154,173,21,56,76,76,148,223,250,250,280,297,297,400,400,412,424,438,453,21,21,21],"floor_reached":24,"playtime":2173,"items_purged":["Strike_R"],"score":378,"play_id":"4c5da228-6952-49d7-ab04-a73d35b23b2a","local_time":"20180730123457","is_ascension_mode":true,"campfire_choices":[{"data":"Bash","floor":8,"key":"SMITH"},{"data":"Heavy Blade","floor":12,"key":"SMITH"},{"data":"Heavy Blade","floor":15,"key":"SMITH"},{"data":"Immolate","floor":23,"key":"SMITH"}],"neow_cost":"NONE","seed_source_timestamp":1616257226908215,"circlet_count":0,"master_deck":["Strike_R","Strike_R","Strike_R","Strike_R","Defend_R","Defend_R","Defend_R","Defend_R","Bash+1","Heavy Blade+1","Pommel Strike","Burning Pact","Reaper","Flex+1","Intimidate+1","Limit Break+1","Heavy Blade+1","Infernal Blade+1","Exhume+1","Shrug It Off+1","Burning Pact+1","Flex+1","Headbutt+1","Dual Wield+1","Immolate+1"],"relics":["Burning Blood","Happy Flower","Toxic Egg 2","Blue Candle","Dead Branch","Boot","Black Star","Blood Vial"],"potions_floor_usage":[1,4,6,13,14,14,18,18,21,24],"damage_taken":[{"damage":12,"enemies":"Cultist","floor":1,"turns":6},{"damage":3,"enemies":"2 Louse","floor":2,"turns":3},{"damage":2,"enemies":"Small Slimes","floor":3,"turns":4},{"damage":4,"enemies":"2 Fungi Beasts","floor":4,"turns":2},{"damage":32,"enemies":"Gremlin Nob","floor":6,"turns":4},{"damage":13,"enemies":"Large Slime","floor":7,"turns":6},{"damage":30,"enemies":"3 Sentries","floor":11,"turns":8},{"damage":23,"enemies":"Lagavulin","floor":13,"turns":6},{"damage":20,"enemies":"Exordium Thugs","floor":14,"turns":7},{"damage":0,"enemies":"Slime Boss","floor":16,"turns":5},{"damage":19,"enemies":"Shell Parasite","floor":18,"turns":9},{"damage":25,"enemies":"2 Thieves","floor":19,"turns":4},{"damage":0,"enemies":"Snake Plant","floor":20,"turns":2},{"damage":46,"enemies":"Centurion and Healer","floor":21,"turns":9},{"damage":43,"enemies":"Book of Stabbing","floor":24,"turns":5}],"seed_played":"-9218468225691261581","potions_obtained":[{"floor":1,"key":"Fire Potion"},{"floor":11,"key":"FearPotion"},{"floor":13,"key":"Swift Potion"},{"floor":14,"key":"SpeedPotion"},{"floor":16,"key":"EssenceOfSteel"},{"floor":19,"key":"Block Potion"},{"floor":21,"key":"GamblersBrew"}],"is_trial":false,"path_per_floor":["M","M","M","M","$","E","M","R","T","?","E","R","E","M","R","B",null,"M","M","M","M","$","R"],"character_chosen":"IRONCLAD","items_purchased":["Happy Flower","Dual Wield+1","Blood Vial","Immolate"],"campfire_rested":0,"item_purchase_floors":[5,22,22,22],"current_hp_per_floor":[72,75,79,80,80,54,56,56,56,45,33,33,38,42,42,64,76,63,56,62,38,38,38,0],"gold":21,"neow_bonus":"THREE_SMALL_POTIONS","is_prod":false,"is_daily":false,"chose_seed":false,"campfire_upgraded":4,"win_rate":0,"timestamp":1532968497,"path_taken":["M","M","M","M","$","E","M","R","T","?","E","R","E","M","R","BOSS","M","M","M","M","?","R","E"],"build_version":"2018-07-26","purchased_purges":1,"victory":false,"max_hp_per_floor":[80,80,80,80,80,80,80,80,80,80,80,80,80,80,80,80,80,80,80,80,80,80,80,80],"card_choices":[{"not_picked":["Hemokinesis","Havoc"],"picked":"Heavy Blade","floor":1},{"not_picked":["Disarm","Flex"],"picked":"Pommel Strike","floor":2},{"not_picked":["Sword Boomerang","Havoc"],"picked":"Burning Pact","floor":3},{"not_picked":["Twin Strike","Corruption"],"picked":"Reaper","floor":4},{"not_picked":["Corruption","Rupture"],"picked":"Flex","floor":6},{"not_picked":["Iron Wave","Body Slam"],"picked":"Intimidate+1","floor":7},{"not_picked":["Headbutt","Flex+1"],"picked":"Limit Break+1","floor":11},{"not_picked":["Body Slam","Havoc+1"],"picked":"Heavy Blade","floor":13},{"not_picked":["Sword Boomerang","Thunderclap"],"picked":"Infernal Blade+1","floor":14},{"not_picked":["Reaper","Bludgeon"],"picked":"Exhume+1","floor":16},{"not_picked":["Feel No Pain","Evolve"],"picked":"Shrug It Off+1","floor":18},{"not_picked":["Clothesline+1","Perfected Strike"],"picked":"Burning Pact+1","floor":19},{"not_picked":["Twin Strike","Headbutt"],"picked":"Flex+1","floor":20},{"not_picked":["Ghostly Armor+1","Iron Wave+1"],"picked":"Headbutt+1","floor":21}],"player_experience":387694,"relics_obtained":[{"floor":6,"key":"Toxic Egg 2"},{"floor":9,"key":"Blue Candle"},{"floor":11,"key":"Dead Branch"},{"floor":13,"key":"Boot"}],"event_choices":[{"event_name":"World of Goop","player_choice":"Gather Gold","floor":10,"damage_taken":0}],"is_beta":false,"boss_relics":[{"not_picked":["Calling Bell","Empty Cage"],"picked":"Black Star"}],"items_purged_floors":[22],"is_endless":false,"potions_floor_spawned":[1,11,13,14,16,19,21],"killed_by":"Book of Stabbing","ascension_level":8}