{"gold_per_floor":[119,83,48,61,14,14,44,44,44,63,63,63,73,73,73,148,198,209,209,209,220,12,12,25,25,25,25,25,42,62,80,80,80],"floor_reached":33,"playtime":1138,"items_purged":[],"score":442,"play_id":"07330c6d-c7ce-49af-83ae-b5323801f719","local_time":"20190707192645","is_ascension_mode":true,"campfire_choices":[{"data":"Zap","floor":6,"key":"SMITH"},{"floor":8,"key":"REST"},{"floor":12,"key":"REST"},{"floor":15,"key":"REST"},{"floor":23,"key":"REST"},{"data":"Ghostly","floor":25,"key":"SMITH"},{"data":"Ghostly","floor":28,"key":"SMITH"},{"floor":32,"key":"REST"}],"neow_cost":"PERCENT_DAMAGE","seed_source_timestamp":4834174910646,"circlet_count":0,"master_deck":["AscendersBane","Strike_B","Defend_B","Defend_B","Defend_B","Defend_B","Zap+1","Dualcast","Conserve Battery","Conserve Battery","Gash","Capacitor","Darkness","Genetic Algorithm+1","Biased Cognition","Hologram","Ghostly+1","Ghostly+1","Ghostly","Ghostly","Ghostly","Coolheaded"],"relics":["Cracked Core","Orichalcum","Singing Bowl","Tiny House","ClockworkSouvenir","StoneCalendar"],"potions_floor_usage":[7,16,18,21],"damage_taken":[{"damage":8,"enemies":"Jaw Worm","floor":1,"turns":4},{"damage":15,"enemies":"Small Slimes","floor":4,"turns":3},{"damage":43,"enemies":"Gremlin Nob","floor":7,"turns":5},{"damage":3,"enemies":"2 Louse","floor":10,"turns":3},{"damage":23,"enemies":"Exordium Wildlife","floor":13,"turns":6},{"damage":45,"enemies":"Slime Boss","floor":16,"turns":10},{"damage":36,"enemies":"Spheric Guardian","floor":18,"turns":8},{"damage":6,"enemies":"3 Byrds","floor":21,"turns":2},{"damage":9,"enemies":"Snecko","floor":24,"turns":9},{"damage":0,"enemies":"Sentry and Sphere","floor":29,"turns":7},{"damage":12,"enemies":"3 Cultists","floor":30,"turns":7},{"damage":2,"enemies":"Centurion and Healer","floor":31,"turns":7},{"damage":49,"enemies":"Automaton","floor":33,"turns":6}],"seed_played":"1066741241346308175","potions_obtained":[{"floor":1,"key":"Regen Potion"},{"floor":10,"key":"PowerPotion"},{"floor":16,"key":"SkillPotion"},{"floor":17,"key":"Ancient Potion"},{"floor":18,"key":"PowerPotion"},{"floor":29,"key":"SteroidPotion"}],"is_trial":false,"path_per_floor":["M","?","?","M","$","R","E","R","T","M","?","R","M","$","R","B",null,"M","?","?","M","$","R","M","R","T","?","R","M","M","M","R","B"],"character_chosen":"DEFECT","items_purchased":["Gash","ClockworkSouvenir"],"campfire_rested":5,"item_purchase_floors":[5,22],"current_hp_per_floor":[38,38,55,40,40,40,11,32,32,29,29,50,27,27,48,3,59,25,25,25,19,19,30,23,23,23,18,18,20,10,10,25,0],"gold":80,"neow_bonus":"REMOVE_TWO","is_prod":false,"is_daily":false,"chose_seed":false,"campfire_upgraded":3,"win_rate":0,"timestamp":1562542005,"path_taken":["M","?","?","M","$","R","E","R","T","M","?","R","?","$","R","BOSS","M","?","?","M","$","R","M","R","T","?","R","M","M","M","R","BOSS"],"build_version":"2019-07-05","purchased_purges":0,"victory":false,"max_hp_per_floor":[71,71,71,71,71,71,71,71,71,71,71,71,71,71,71,71,76,78,39,39,39,39,39,41,41,41,46,46,48,50,52,52,52],"card_choices":[{"not_picked":["Redo","Sweeping Beam"],"picked":"Conserve Battery","floor":1},{"not_picked":["Stack","Undo"],"picked":"Conserve Battery","floor":4},{"not_picked":["Sweeping Beam","Gash"],"picked":"Capacitor","floor":7},{"not_picked":["Hologram","Compile Driver"],"picked":"Darkness","floor":10},{"not_picked":["Sweeping Beam","Chaos"],"picked":"Genetic Algorithm","floor":13},{"not_picked":["Amplify","Thunder Strike"],"picked":"Biased Cognition","floor":16},{"not_picked":["Auto Shields","Reinforced Body"],"picked":"Hologram","floor":17},{"not_picked":["Sweeping Beam","Ball Lightning","Barrage"],"picked":"Singing Bowl","floor":18},{"not_picked":["Stack+1","Storm"],"picked":"Coolheaded","floor":21},{"not_picked":["Recycle","Sweeping Beam","Darkness"],"picked":"Singing Bowl","floor":24},{"not_picked":["Stack","Rebound+1","Ball Lightning"],"picked":"Singing Bowl","floor":29},{"not_picked":["Turbo","Doom and Gloom","Cold Snap"],"picked":"Singing Bowl","floor":30},{"not_picked":["Chaos","Steam","Darkness"],"picked":"Singing Bowl","floor":31}],"player_experience":482666,"relics_obtained":[{"floor":7,"key":"Orichalcum"},{"floor":9,"key":"Singing Bowl"},{"floor":26,"key":"StoneCalendar"}],"event_choices":[{"damage_healed":0,"gold_gain":0,"player_choice":"Left Gold","damage_taken":0,"max_hp_gain":0,"max_hp_loss":0,"event_name":"World of Goop","floor":2,"gold_loss":36},{"damage_healed":17,"gold_gain":0,"player_choice":"Healed","damage_taken":0,"max_hp_gain":0,"max_hp_loss":0,"event_name":"The Cleric","floor":3,"gold_loss":35},{"damage_healed":0,"gold_gain":0,"cards_transformed":["Strike_B"],"player_choice":"Change","damage_taken":0,"max_hp_gain":0,"max_hp_loss":0,"event_name":"Living Wall","floor":11,"gold_loss":0,"cards_obtained":["Steam Power"]},{"damage_healed":0,"gold_gain":0,"player_choice":"Became a Ghost","damage_taken":0,"max_hp_gain":0,"max_hp_loss":39,"event_name":"Ghosts","floor":19,"gold_loss":0,"cards_obtained":["Ghostly","Ghostly","Ghostly","Ghostly","Ghostly"]},{"cards_removed":["Steam Power"],"damage_healed":0,"gold_gain":0,"player_choice":"Elegance","damage_taken":0,"max_hp_gain":0,"max_hp_loss":0,"event_name":"Back to Basics","floor":20,"gold_loss":0},{"damage_healed":0,"gold_gain":0,"player_choice":"Shed Blood","damage_taken":10,"max_hp_gain":5,"max_hp_loss":0,"event_name":"Forgotten Altar","floor":27,"gold_loss":0}],"is_beta":false,"boss_relics":[{"not_picked":["Velvet Choker","Runic Dome"],"picked":"Tiny House"}],"items_purged_floors":[],"is_endless":false,"potions_floor_spawned":[1,10,16,18,29],"killed_by":"Automaton","ascension_level":14}