{"gold_per_floor":[111,130,205,205,215,242,242,257,281,281,292,292,73,86,86,181,181,201,201,116,116,77,77],"floor_reached":23,"playtime":1594,"items_purged":[],"score":214,"play_id":"44d3c49c-4e3e-49c7-9835-75aae5016357","local_time":"20190628202149","is_ascension_mode":false,"campfire_choices":[{"data":"Anger","floor":7,"key":"SMITH"},{"floor":15,"key":"REST"}],"neow_cost":"NONE","seed_source_timestamp":539433382751501,"circlet_count":0,"master_deck":["Strike_R","Strike_R","Strike_R","Strike_R","Defend_R","Defend_R","Defend_R","Defend_R","Bash","Anger+1","Entrench","Metallicize","Inflame","Bloodletting","Iron Wave","Demon Form","Spot Weakness","True Grit","Demon Form","Infernal Blade","Blood for Blood"],"relics":["Happy Flower","Ancient Tea Set","Juzu Bracelet","CultistMask","Strawberry","Nloth\u0027s Gift","Bronze Scales"],"potions_floor_usage":[11,14],"damage_taken":[{"damage":12,"enemies":"Small Slimes","floor":1,"turns":3},{"damage":11,"enemies":"Jaw Worm","floor":2,"turns":2},{"damage":1,"enemies":"Cultist","floor":5,"turns":3},{"damage":26,"enemies":"Gremlin Nob","floor":6,"turns":5},{"damage":1,"enemies":"Gremlin Gang","floor":8,"turns":5},{"damage":12,"enemies":"Blue Slaver","floor":11,"turns":3},{"damage":8,"enemies":"Red Slaver","floor":14,"turns":2},{"damage":41,"enemies":"Slime Boss","floor":16,"turns":8},{"damage":27,"enemies":"Shell Parasite","floor":18,"turns":6},{"damage":83,"enemies":"Gremlin Leader","floor":23,"turns":3}],"seed_played":"3006363217039050647","potions_obtained":[{"floor":1,"key":"Dexterity Potion"},{"floor":5,"key":"Explosive Potion"},{"floor":6,"key":"Block Potion"},{"floor":14,"key":"Dexterity Potion"}],"is_trial":false,"path_per_floor":["M","M","?","?","M","E","R","M","T","?","M","?","$","M","R","B",null,"M","?","?","?","$","E"],"character_chosen":"IRONCLAD","items_purchased":["Spot Weakness","Strawberry","Blood for Blood"],"campfire_rested":1,"item_purchase_floors":[13,13,22],"current_hp_per_floor":[82,77,66,66,71,51,51,56,56,56,50,50,57,55,83,48,95,78,78,78,78,78,0],"gold":77,"neow_bonus":"TEN_PERCENT_HP_BONUS","is_prod":false,"is_daily":false,"chose_seed":false,"campfire_upgraded":1,"win_rate":0.0,"timestamp":1561778509,"path_taken":["M","M","?","?","M","E","R","M","T","?","M","?","$","M","R","BOSS","M","?","?","?","?","E"],"build_version":"2019-01-23","purchased_purges":0,"victory":false,"max_hp_per_floor":[88,88,88,88,88,88,88,88,88,88,88,88,95,95,95,95,95,95,95,95,95,95,95],"card_choices":[{"not_picked":["Reckless Charge","Clash"],"picked":"Anger","floor":1},{"not_picked":["Metallicize","Pommel Strike"],"picked":"Entrench","floor":2},{"not_picked":["True Grit","Pommel Strike"],"picked":"Metallicize","floor":5},{"not_picked":["Second Wind","Iron Wave"],"picked":"Inflame","floor":6},{"not_picked":["Pummel","Warcry"],"picked":"Bloodletting","floor":8},{"not_picked":["Body Slam","Combust"],"picked":"Iron Wave","floor":11},{"not_picked":["Clash","Cleave"],"picked":"True Grit","floor":14},{"not_picked":["Double Tap","Limit Break"],"picked":"Demon Form","floor":16},{"not_picked":["Shrug It Off","Second Wind+1"],"picked":"Infernal Blade","floor":18}],"player_experience":7782,"relics_obtained":[{"floor":6,"key":"Ancient Tea Set"},{"floor":9,"key":"Juzu Bracelet"}],"event_choices":[{"damage_healed":0,"gold_gain":75,"player_choice":"Gather Gold","damage_taken":11,"max_hp_gain":0,"max_hp_loss":0,"event_name":"World of Goop","floor":3,"gold_loss":0},{"damage_healed":0,"gold_gain":0,"player_choice":"Gave Potion","damage_taken":0,"relics_obtained":["Happy Flower"],"max_hp_gain":0,"max_hp_loss":0,"event_name":"WeMeetAgain","floor":4,"gold_loss":0},{"damage_healed":0,"gold_gain":0,"player_choice":"Trade","damage_taken":0,"relics_obtained":["CultistMask"],"max_hp_gain":0,"max_hp_loss":0,"event_name":"FaceTrader","floor":10,"gold_loss":0},{"damage_healed":0,"gold_gain":0,"cards_transformed":["Strike_R"],"player_choice":"Change","damage_taken":0,"max_hp_gain":0,"max_hp_loss":0,"event_name":"Living Wall","floor":12,"gold_loss":0,"cards_obtained":["Demon Form"]},{"damage_healed":0,"gold_gain":0,"player_choice":"Traded Relic","damage_taken":0,"relics_obtained":["Nloth\u0027s Gift"],"max_hp_gain":0,"max_hp_loss":0,"event_name":"N\u0027loth","floor":19,"relics_lost":["Black Blood"],"gold_loss":0},{"damage_healed":0,"gold_gain":0,"player_choice":"Obtained Relic","damage_taken":0,"relics_obtained":["Bronze Scales"],"max_hp_gain":0,"max_hp_loss":0,"event_name":"Addict","floor":20,"gold_loss":85},{"damage_healed":0,"gold_gain":0,"player_choice":"Ignored","damage_taken":0,"max_hp_gain":0,"max_hp_loss":0,"event_name":"Vampires","floor":21,"gold_loss":0}],"is_beta":false,"boss_relics":[{"not_picked":["White Beast Statue","Ectoplasm"],"picked":"Black Blood"}],"items_purged_floors":[],"is_endless":false,"potions_floor_spawned":[1,5,6,14],"killed_by":"Gremlin Leader","ascension_level":0}