{"gold_per_floor":[117,0,0,0,21,64,64,99,124,136,172,184],"floor_reached":12,"playtime":487,"items_purged":[],"score":108,"play_id":"fffb3982-e9b0-4f92-a3d3-a4108c7741ef","local_time":"20190511092613","is_ascension_mode":true,"campfire_choices":[{"data":"Zap","floor":7,"key":"SMITH"},{"data":"Defragment","floor":10,"key":"SMITH"}],"neow_cost":"NONE","seed_source_timestamp":47804968992100,"circlet_count":0,"master_deck":["Strike_B","Strike_B","Strike_B","Defend_B","Defend_B","Defend_B","Defend_B","Zap+1","Dualcast","Ball Lightning","Defragment+1","Doom and Gloom","Leap","Undo","Glacier","Streamline"],"relics":["Coffee Dripper","Golden Idol","Happy Flower","Mummified Hand","MawBank"],"potions_floor_usage":[],"damage_taken":[{"damage":4,"enemies":"2 Louse","floor":1,"turns":3},{"damage":7,"enemies":"Small Slimes","floor":5,"turns":3},{"damage":16,"enemies":"Lagavulin","floor":6,"turns":5},{"damage":26,"enemies":"Gremlin Nob","floor":8,"turns":4},{"damage":0,"enemies":"Cultist","floor":11,"turns":2},{"damage":11,"enemies":"Exordium Thugs","floor":12,"turns":1}],"seed_played":"55734204496469998","potions_obtained":[],"is_trial":false,"path_per_floor":["M","$","?","?","M","E","R","E","T","R","M","M"],"character_chosen":"DEFECT","items_purchased":["Defragment","Doom and Gloom"],"campfire_rested":0,"item_purchase_floors":[2,2],"current_hp_per_floor":[71,71,53,53,46,30,30,4,4,4,4,0],"gold":184,"neow_bonus":"BOSS_RELIC","is_prod":false,"is_daily":false,"chose_seed":false,"campfire_upgraded":2,"win_rate":0,"timestamp":1557581173,"path_taken":["M","$","?","?","M","E","R","E","T","R","?","M"],"build_version":"2019-01-23","purchased_purges":0,"victory":false,"max_hp_per_floor":[75,75,75,75,75,75,75,75,75,75,75,75],"card_choices":[{"not_picked":["Compile Driver","Undo"],"picked":"Ball Lightning","floor":1},{"not_picked":["Stack","Redo"],"picked":"Leap","floor":5},{"not_picked":["Coolheaded","Scrape"],"picked":"Undo","floor":6},{"not_picked":["Lockon","Streamline"],"picked":"Glacier","floor":8},{"not_picked":["Consume","Double Energy"],"picked":"Streamline","floor":11}],"player_experience":270500,"relics_obtained":[{"floor":6,"key":"Happy Flower"},{"floor":8,"key":"Mummified Hand"},{"floor":9,"key":"MawBank"}],"event_choices":[{"damage_healed":0,"gold_gain":0,"player_choice":"Take Damage","damage_taken":18,"relics_obtained":["Golden Idol"],"max_hp_gain":0,"max_hp_loss":0,"event_name":"Golden Idol","floor":3,"gold_loss":0},{"cards_removed":["Strike_B"],"damage_healed":0,"gold_gain":0,"player_choice":"Purged","damage_taken":0,"max_hp_gain":0,"max_hp_loss":0,"event_name":"Purifier","floor":4,"gold_loss":0}],"is_beta":false,"boss_relics":[],"items_purged_floors":[],"is_endless":false,"potions_floor_spawned":[],"killed_by":"Exordium Thugs","ascension_level":5}