{"gold_per_floor":[110,128,128,128,128,128,159,177,177,177,2,0,13,28,28,107,107,96,96,113,113,130,130,165,165,188,215,215,215,226,240,240,315,315,329,279,295,305,32,32,63,63,63,0,25,25,25,45,45,45],"floor_reached":51,"playtime":2742,"items_purged":["Strike_G"],"score":1313,"play_id":"f09371b0-485b-4b26-a574-3b1be9f63617","local_time":"20181003210026","is_ascension_mode":true,"campfire_choices":[{"data":"Neutralize","floor":6,"key":"SMITH"},{"data":"Noxious Fumes","floor":10,"key":"SMITH"},{"data":"Cloak And Dagger","floor":15,"key":"SMITH"},{"data":"After Image","floor":23,"key":"SMITH"},{"data":"1","floor":25,"key":"LIFT"},{"data":"Noxious Fumes","floor":32,"key":"SMITH"},{"data":"Burst","floor":40,"key":"SMITH"},{"floor":46,"key":"REST"},{"data":"Footwork","floor":47,"key":"SMITH"},{"data":"Catalyst","floor":49,"key":"SMITH"}],"neow_cost":"NONE","seed_source_timestamp":1038537036579838,"circlet_count":0,"master_deck":["Defend_G","Defend_G","Defend_G","Defend_G","Defend_G","Survivor","Neutralize+1","AscendersBane","Burst+1","Infinite Blades","Footwork+1","All Out Attack","Noxious Fumes+1","Bandage Up","Noxious Fumes+1","Dagger Spray","Cloak And Dagger+1","After Image+1","Sucker Punch","Finisher+1","Cloak And Dagger","Adrenaline","Bite","Bite","Bite","Bite","Bite+1","PiercingWail+1","Tools of the Trade+1","Footwork+1","Heel Hook","Well Laid Plans","Prepared+1","PiercingWail+1","Deflect","Heel Hook+1","Blur","Catalyst+1","Backstab+1","Bouncing Flask+1"],"special_seed":0,"relics":["Ring of the Snake","Bird Faced Urn","Bag of Marbles","Girya","Sozu","Anchor","Pen Nib","StoneCalendar","Orrery","Paper Crane","Strawberry","The Courier","Red Mask","WingedGreaves"],"potions_floor_usage":[7,24],"damage_taken":[{"damage":4,"enemies":"Jaw Worm","floor":1,"turns":9},{"damage":1,"enemies":"2 Louse","floor":2,"turns":4},{"damage":42,"enemies":"Gremlin Nob","floor":7,"turns":6},{"damage":1,"enemies":"Small Slimes","floor":8,"turns":4},{"damage":3,"enemies":"Looter","floor":12,"turns":4},{"damage":0,"enemies":"Large Slime","floor":13,"turns":7},{"damage":4,"enemies":"Blue Slaver","floor":14,"turns":5},{"damage":7,"enemies":"The Guardian","floor":16,"turns":11},{"damage":7,"enemies":"2 Thieves","floor":18,"turns":5},{"damage":6,"enemies":"Shell Parasite","floor":20,"turns":8},{"damage":6,"enemies":"Centurion and Healer","floor":22,"turns":8},{"damage":52,"enemies":"Gremlin Leader","floor":24,"turns":9},{"damage":13,"enemies":"Slavers","floor":27,"turns":5},{"damage":16,"enemies":"Chosen and Byrds","floor":30,"turns":6},{"damage":6,"enemies":"Sentry and Sphere","floor":31,"turns":7},{"damage":20,"enemies":"Automaton","floor":33,"turns":9},{"damage":0,"enemies":"3 Shapes","floor":35,"turns":6},{"damage":3,"enemies":"Orb Walker","floor":37,"turns":4},{"damage":6,"enemies":"Sphere and 2 Shapes","floor":38,"turns":7},{"damage":19,"enemies":"Giant Head","floor":41,"turns":10},{"damage":44,"enemies":"2 Orb Walkers","floor":45,"turns":6},{"damage":28,"enemies":"Spire Growth","floor":48,"turns":7},{"damage":45,"enemies":"Donu and Deca","floor":50,"turns":10}],"seed_played":"-1682734722737417754","potions_obtained":[{"floor":1,"key":"SteroidPotion"},{"floor":13,"key":"FairyPotion"},{"floor":16,"key":"Strength Potion"}],"is_trial":false,"path_per_floor":["M","M","?","?","?","R","E","M","T","R","$","M","M","M","R","B",null,"M","?","M","?","M","R","E","R","T","E","?","?","M","M","R","B",null,"M","?","M","M","$","R","E","?","T","?","E","R","R","M","R","B"],"character_chosen":"THE_SILENT","items_purchased":["Bandage Up","Paper Crane","Blur"],"campfire_rested":1,"item_purchase_floors":[11,39,39],"current_hp_per_floor":[55,54,54,49,49,49,11,14,14,14,14,21,33,45,45,50,62,66,48,54,54,62,62,24,24,24,25,25,25,29,49,49,49,49,49,49,49,49,49,49,39,39,39,39,18,33,33,37,37,17],"gold":45,"neow_bonus":"ONE_RANDOM_RARE_CARD","is_prod":false,"is_daily":false,"chose_seed":false,"campfire_upgraded":8,"win_rate":0,"timestamp":1538614826,"path_taken":["M","M","?","?","?","R","E","?","T","R","$","?","?","M","R","BOSS","M","?","?","?","M","R","E","R","T","E","?","?","?","M","R","BOSS","M","?","M","?","$","R","E","?","T","?","E","R","R","?","R","BOSS"],"build_version":"2018-09-27","purchased_purges":1,"victory":true,"max_hp_per_floor":[66,66,66,66,66,66,66,66,66,66,66,66,66,66,66,66,66,66,71,71,71,71,71,71,71,71,71,71,49,49,49,49,49,49,49,49,49,49,49,49,56,53,53,53,53,53,53,53,53,53],"card_choices":[{"not_picked":["Setup","Quick Slash"],"picked":"Infinite Blades","floor":1},{"not_picked":["All Out Attack","Masterful Stab"],"picked":"Footwork","floor":2},{"not_picked":["Caltrops","Poisoned Stab"],"picked":"All Out Attack","floor":7},{"not_picked":["Choke","Outmaneuver"],"picked":"Noxious Fumes","floor":8},{"not_picked":["Escape Plan","Sucker Punch"],"picked":"Noxious Fumes","floor":12},{"not_picked":["Crippling Poison","Underhanded Strike"],"picked":"Dagger Spray","floor":13},{"not_picked":["Calculated Gamble","Accuracy"],"picked":"Cloak And Dagger","floor":14},{"not_picked":["Tools of the Trade","Glass Knife"],"picked":"After Image","floor":16},{"not_picked":["Quick Slash","Deflect"],"picked":"Sucker Punch","floor":18},{"not_picked":["Distraction","Bane"],"picked":"Finisher+1","floor":20},{"not_picked":["Slice+1","Deadly Poison","Poisoned Stab"],"picked":"SKIP","floor":22},{"not_picked":["Backflip","Setup"],"picked":"Adrenaline","floor":24},{"not_picked":["Distraction","Acrobatics","Underhanded Strike"],"picked":"SKIP","floor":27},{"not_picked":["Choke","All Out Attack"],"picked":"PiercingWail+1","floor":30},{"not_picked":["Blade Dance","Underhanded Strike","Quick Slash"],"picked":"SKIP","floor":31},{"not_picked":["Doppelganger","Wraith Form v2"],"picked":"Tools of the Trade","floor":33},{"not_picked":["Blade Dance+1","PiercingWail"],"picked":"Footwork","floor":34},{"not_picked":["PiercingWail","Expertise"],"picked":"Heel Hook","floor":34},{"not_picked":["Deflect","Distraction"],"picked":"Well Laid Plans","floor":34},{"not_picked":["Bane","Deflect"],"picked":"Prepared+1","floor":34},{"not_picked":["Doppelganger","Deadly Poison"],"picked":"PiercingWail+1","floor":34},{"not_picked":["Bane+1","Outmaneuver","Deflect"],"picked":"SKIP","floor":35},{"not_picked":["Expertise+1","Well Laid Plans"],"picked":"Deflect","floor":37},{"not_picked":["Wraith Form v2","Choke+1"],"picked":"Heel Hook+1","floor":38},{"not_picked":["Dodge and Roll","Expertise"],"picked":"Catalyst","floor":41},{"not_picked":["Flying Knee","Poisoned Stab"],"picked":"Backstab+1","floor":45},{"not_picked":["Quick Slash","Underhanded Strike"],"picked":"Bouncing Flask+1","floor":48}],"player_experience":794163,"relics_obtained":[{"floor":7,"key":"Bag of Marbles"},{"floor":9,"key":"Girya"},{"floor":24,"key":"Anchor"},{"floor":26,"key":"Pen Nib"},{"floor":27,"key":"StoneCalendar"},{"floor":41,"key":"Strawberry"},{"floor":43,"key":"The Courier"},{"floor":45,"key":"WingedGreaves"}],"event_choices":[{"event_name":"Liars Game","player_choice":"disagreed","floor":3,"damage_taken":0},{"event_name":"Scrap Ooze","player_choice":"success","floor":4,"damage_taken":5},{"event_name":"Living Wall","player_choice":"Grow","floor":5,"damage_taken":0},{"event_name":"Forgotten Altar","player_choice":"Shed Blood","floor":19,"damage_taken":0},{"event_name":"The Library","player_choice":"Read","floor":21,"damage_taken":0},{"event_name":"Ghosts","player_choice":"Ignored","floor":28,"damage_taken":0},{"event_name":"Vampires","player_choice":"Became a vampire","floor":29,"damage_taken":0},{"event_name":"Designer","player_choice":"Upgrade 2 Random Cards","floor":36,"damage_taken":0},{"event_name":"Winding Halls","player_choice":"Max HP","floor":42,"damage_taken":0},{"event_name":"Tomb of Lord Red Mask","player_choice":"Paid","floor":44,"damage_taken":0}],"is_beta":false,"boss_relics":[{"not_picked":["Tiny House","Snecko Eye"],"picked":"Sozu"},{"not_picked":["Eternal Feather","Runic Dome"],"picked":"Orrery"}],"items_purged_floors":[11],"is_endless":false,"potions_floor_spawned":[1,13,16,22,30,31,38,41,48],"ascension_level":15}