{"gold_per_floor":[109,127,127,140,152,152,180,192,204,28,28,28,28],"floor_reached":13,"playtime":449,"items_purged":["Strike_G"],"score":166,"play_id":"8e6e31cc-d355-4578-a88e-1fb8eb914caa","local_time":"20181115154647","is_ascension_mode":true,"campfire_choices":[{"data":"Neutralize","floor":6,"key":"SMITH"},{"data":"Bouncing Flask","floor":8,"key":"SMITH"},{"data":"Noxious Fumes","floor":11,"key":"SMITH"}],"neow_cost":"NONE","seed_source_timestamp":100274864409245,"circlet_count":0,"master_deck":["AscendersBane","Defend_G","Defend_G","Defend_G","Defend_G","Defend_G","Strike_G","Strike_G","Strike_G","Strike_G","Survivor","Neutralize+1","Bouncing Flask+1","PiercingWail","Dodge and Roll","Die Die Die","Crippling Poison","Quick Slash","Noxious Fumes+1"],"relics":["Ring of the Snake","MawBank","Snake Skull","Girya"],"potions_floor_usage":[7],"damage_taken":[{"damage":0,"enemies":"Small Slimes","floor":1,"turns":4},{"damage":2,"enemies":"Jaw Worm","floor":2,"turns":4},{"damage":0,"enemies":"Cultist","floor":4,"turns":4},{"damage":10,"enemies":"3 Louse","floor":5,"turns":6},{"damage":26,"enemies":"3 Sentries","floor":7,"turns":10},{"damage":50,"enemies":"Gremlin Nob","floor":13,"turns":4}],"seed_played":"5312009306987359154","potions_obtained":[{"floor":2,"key":"PowerPotion"}],"is_trial":false,"path_per_floor":["M","M","?","M","M","R","E","R","T","$","R","T","E"],"character_chosen":"THE_SILENT","items_purchased":["Quick Slash","Noxious Fumes"],"campfire_rested":0,"item_purchase_floors":[10,10],"current_hp_per_floor":[65,63,68,68,58,58,32,32,32,32,32,32,0],"gold":28,"neow_bonus":"TEN_PERCENT_HP_BONUS","is_prod":false,"is_daily":false,"chose_seed":false,"campfire_upgraded":3,"win_rate":0,"timestamp":1542314807,"path_taken":["M","M","?","M","M","R","E","R","T","$","R","?","E"],"build_version":"2018-11-08","purchased_purges":1,"victory":false,"max_hp_per_floor":[72,72,77,77,77,77,77,77,77,77,77,77,77],"card_choices":[{"not_picked":["Backflip","Cloak And Dagger"],"picked":"Bouncing Flask","floor":1},{"not_picked":["Blade Dance","Flechettes"],"picked":"PiercingWail","floor":2},{"not_picked":["Flechettes","Outmaneuver"],"picked":"Dodge and Roll","floor":4},{"not_picked":["Slice","Escape Plan"],"picked":"Die Die Die","floor":5},{"not_picked":["Blade Dance","Acrobatics"],"picked":"Crippling Poison","floor":7}],"player_experience":1051391,"relics_obtained":[{"floor":7,"key":"MawBank"},{"floor":9,"key":"Snake Skull"},{"floor":12,"key":"Girya"}],"event_choices":[{"damage_healed":0,"gold_gain":0,"player_choice":"Donut","damage_taken":0,"max_hp_gain":5,"max_hp_loss":0,"event_name":"Big Fish","floor":3,"gold_loss":0}],"is_beta":false,"boss_relics":[],"items_purged_floors":[10],"is_endless":false,"potions_floor_spawned":[2],"killed_by":"Gremlin Nob","ascension_level":20}