{"gold_per_floor":[117,131,131,131,150,182,182,182,253,253],"floor_reached":10,"playtime":258,"items_purged":[],"score":132,"play_id":"9c285328-a92c-4015-8730-206f790adb0e","local_time":"20190712143025","is_ascension_mode":true,"campfire_choices":[{"data":"Go for the Eyes","floor":8,"key":"SMITH"}],"neow_cost":"NONE","seed_source_timestamp":247218586178314,"circlet_count":0,"master_deck":["AscendersBane","Strike_B","Strike_B","Strike_B","Defend_B","Defend_B","Defend_B","Defend_B","Zap","Dualcast","Go for the Eyes+1","Compile Driver","Rainbow"],"special_seed":0,"relics":["Cracked Core","NeowsBlessing","Meat on the Bone","Cables","FaceOfCleric","Symbiotic Virus"],"potions_floor_usage":[10],"damage_taken":[{"damage":0.0,"enemies":"Cultist","floor":1.0,"turns":1.0},{"damage":0,"enemies":"Jaw Worm","floor":2,"turns":1},{"damage":0,"enemies":"2 Louse","floor":5,"turns":1},{"damage":60,"enemies":"3 Sentries","floor":6,"turns":13},{"damage":17,"enemies":"Gremlin Nob","floor":10,"turns":3}],"seed_played":"-4036817154560140229","potions_obtained":[{"floor":5,"key":"Ancient Potion"}],"is_trial":false,"path_per_floor":["M","M","T","?","M","E","?","R","T","E"],"character_chosen":"DEFECT","items_purchased":[],"campfire_rested":0,"item_purchase_floors":[],"current_hp_per_floor":[64,64,64,64,64,16,16,16,16,0],"gold":253,"neow_bonus":"THREE_ENEMY_KILL","is_prod":false,"is_daily":false,"chose_seed":false,"campfire_upgraded":1,"win_rate":0,"timestamp":1562956225,"path_taken":["M","M","?","?","?","E","?","R","T","E"],"build_version":"2019-07-05","purchased_purges":0,"victory":false,"max_hp_per_floor":[71,71,71,71,71,71,71,71,71,71],"card_choices":[{"not_picked":["Fusion","Beam Cell"],"picked":"Go for the Eyes","floor":1},{"not_picked":["Consume","Gash"],"picked":"Compile Driver","floor":2},{"not_picked":["Turbo","Conserve Battery"],"picked":"Rainbow","floor":5},{"not_picked":["Storm","Force Field","Redo"],"picked":"SKIP","floor":6}],"player_experience":1475336,"relics_obtained":[{"floor":3,"key":"Meat on the Bone"},{"floor":6,"key":"Cables"},{"floor":9,"key":"Symbiotic Virus"}],"event_choices":[{"cards_removed":["Strike_B"],"damage_healed":0,"gold_gain":0,"player_choice":"Offered Basic","damage_taken":0,"max_hp_gain":0,"max_hp_loss":0,"event_name":"Bonfire Elementals","floor":4,"gold_loss":0},{"damage_healed":0,"gold_gain":0,"player_choice":"Trade","damage_taken":0,"relics_obtained":["FaceOfCleric"],"max_hp_gain":0,"max_hp_loss":0,"event_name":"FaceTrader","floor":7,"gold_loss":0}],"is_beta":false,"boss_relics":[],"items_purged_floors":[],"is_endless":false,"potions_floor_spawned":[5],"killed_by":"Gremlin Nob","ascension_level":20}