{"gold_per_floor":[111,121,138,313,313,340,340,357,410,172,191,217,217,68,68,171,171,181,256,269,288,303,333,333,333],"floor_reached":25,"playtime":1254,"items_purged":["Strike_R","Strike_R"],"score":383,"play_id":"c4d00328-f2ef-4c65-ac05-4ba38ab25f8b","local_time":"20190712235115","is_ascension_mode":true,"campfire_choices":[{"data":"Dual Wield","floor":13,"key":"SMITH"},{"floor":15,"key":"REST"},{"floor":24,"key":"REST"}],"neow_cost":"NONE","seed_source_timestamp":0,"circlet_count":0,"master_deck":["Strike_R","Strike_R","Strike_R","Defend_R","Defend_R","Defend_R","Bash","Perfected Strike","Anger","Rage","Dual Wield+1","Juggernaut","Clash","Pommel Strike","Sword Boomerang+1","Flame Barrier+1"],"special_seed":0,"relics":["Black Blood","Bronze Scales","Happy Flower","Tiny Chest","Membership Card","Turnip","Brimstone","Frozen Egg 2"],"potions_floor_usage":[3,12,16,18,21,23],"damage_taken":[{"damage":1,"enemies":"Cultist","floor":1,"turns":3},{"damage":0,"enemies":"2 Louse","floor":2,"turns":4},{"damage":4,"enemies":"Jaw Worm","floor":3,"turns":4},{"damage":42,"enemies":"Lagavulin","floor":6,"turns":8},{"damage":9,"enemies":"3 Louse","floor":8,"turns":3},{"damage":2,"enemies":"Blue Slaver","floor":11,"turns":4},{"damage":8,"enemies":"Gremlin Nob","floor":12,"turns":3},{"damage":40,"enemies":"Hexaghost","floor":16,"turns":7},{"damage":48,"enemies":"3 Byrds","floor":18,"turns":3},{"damage":3,"enemies":"Spheric Guardian","floor":20,"turns":3},{"damage":2,"enemies":"Chosen and Byrds","floor":21,"turns":4},{"damage":24,"enemies":"Snake Plant","floor":22,"turns":3},{"damage":28,"enemies":"Book of Stabbing","floor":23,"turns":3},{"damage":41,"enemies":"Slavers","floor":25,"turns":2}],"seed_played":"-3097006105993029574","potions_obtained":[{"floor":2,"key":"Weak Potion"},{"floor":6,"key":"Weak Potion"},{"floor":8,"key":"LiquidBronze"},{"floor":11,"key":"Strength Potion"},{"floor":16,"key":"Dexterity Potion"},{"floor":20,"key":"Block Potion"},{"floor":22,"key":"FearPotion"}],"is_trial":false,"path_per_floor":["M","M","M","?","?","E","?","M","T","$","M","E","R","$","R","B",null,"M","?","M","M","M","E","R","E"],"character_chosen":"IRONCLAD","items_purchased":["Membership Card","Brimstone"],"campfire_rested":2,"item_purchase_floors":[10,14],"current_hp_per_floor":[80,80,80,80,73,37,37,34,34,34,38,36,36,36,60,26,80,42,34,41,49,35,17,41,0],"gold":333,"neow_bonus":"REMOVE_CARD","is_prod":false,"is_daily":false,"chose_seed":false,"campfire_upgraded":1,"win_rate":0,"timestamp":1562968275,"path_taken":["M","M","?","?","?","E","?","M","T","?","M","E","R","$","R","BOSS","M","?","M","M","M","E","R","E"],"build_version":"2019-07-05","purchased_purges":2,"victory":false,"max_hp_per_floor":[80,80,80,80,80,80,80,80,80,80,80,80,80,80,80,80,80,80,80,80,80,80,80,80,80],"card_choices":[{"not_picked":["Flex","Reckless Charge","Sword Boomerang"],"picked":"SKIP","floor":1},{"not_picked":["Seeing Red","Bloodletting"],"picked":"Perfected Strike","floor":2},{"not_picked":["Carnage","Iron Wave","Bloodletting"],"picked":"SKIP","floor":3},{"not_picked":["Corruption","Heavy Blade"],"picked":"Anger","floor":6},{"not_picked":["Burning Pact","Wild Strike"],"picked":"Rage","floor":8},{"not_picked":["Headbutt","Brutality","Twin Strike"],"picked":"SKIP","floor":11},{"not_picked":["Clothesline","True Grit"],"picked":"Dual Wield","floor":12},{"not_picked":["Fiend Fire","Feed"],"picked":"Juggernaut","floor":16},{"not_picked":["Infernal Blade","Heavy Blade"],"picked":"Clash","floor":18},{"not_picked":["True Grit+1","Sever Soul"],"picked":"Pommel Strike","floor":20},{"not_picked":["Warcry+1","Thunderclap"],"picked":"Sword Boomerang+1","floor":21},{"not_picked":["Fire Breathing","Perfected Strike","Headbutt"],"picked":"SKIP","floor":22},{"not_picked":["Clash+1","Wild Strike"],"picked":"Flame Barrier+1","floor":23}],"player_experience":180577,"relics_obtained":[{"floor":6,"key":"Bronze Scales"},{"floor":9,"key":"Tiny Chest"},{"floor":12,"key":"Turnip"},{"floor":23,"key":"Frozen Egg 2"}],"event_choices":[{"damage_healed":0,"gold_gain":175,"player_choice":"AGREE","damage_taken":0,"max_hp_gain":0,"max_hp_loss":0,"event_name":"Liars Game","floor":4,"gold_loss":0,"cards_obtained":["Doubt"]},{"cards_removed":["Doubt"],"damage_healed":0,"gold_gain":0,"player_choice":"Card Removal","damage_taken":7,"max_hp_gain":0,"max_hp_loss":0,"event_name":"Golden Wing","floor":5,"gold_loss":0},{"damage_healed":0,"gold_gain":0,"player_choice":"Searched \u00271\u0027 times","damage_taken":0,"relics_obtained":["Happy Flower"],"max_hp_gain":0,"max_hp_loss":0,"event_name":"Dead Adventurer","floor":7,"gold_loss":0},{"damage_healed":0,"gold_gain":75,"player_choice":"Touch","damage_taken":8,"max_hp_gain":0,"max_hp_loss":0,"event_name":"FaceTrader","floor":19,"gold_loss":0}],"is_beta":false,"boss_relics":[{"not_picked":["Empty Cage","Runic Dome"],"picked":"Black Blood"}],"items_purged_floors":[10,14],"is_endless":false,"potions_floor_spawned":[2,6,8,11,16,20,22],"killed_by":"Slavers","ascension_level":3}