{"gold_per_floor":[140,140,140,163,187,187,40,40,40,40,64,139,183,17,17,17],"floor_reached":16,"playtime":376,"items_purged":[],"score":172,"play_id":"d0c858de-2107-40f5-be13-8f3c4bcc1d69","local_time":"20181208161321","is_ascension_mode":true,"campfire_choices":[{"data":"Go for the Eyes","floor":6,"key":"SMITH"},{"data":"Zap","floor":8,"key":"SMITH"},{"data":"Streamline","floor":10,"key":"SMITH"},{"floor":15,"key":"REST"}],"neow_cost":"NONE","seed_source_timestamp":95733919198068,"circlet_count":0,"master_deck":["AscendersBane","Strike_B","Strike_B","Strike_B","Strike_B","Defend_B","Defend_B","Defend_B","Defend_B","Zap+1","Dualcast","Streamline+1","Fusion","Go for the Eyes+1","Chaos","Loop","Electrodynamics","Good Instincts"],"relics":["Cracked Core","Tiny Chest","Golden Idol","Symbiotic Virus","Art of War","Darkstone Periapt","Nunchaku"],"potions_floor_usage":[13,13,16],"damage_taken":[{"damage":0,"enemies":"Small Slimes","floor":1,"turns":3},{"damage":2,"enemies":"Jaw Worm","floor":4,"turns":3},{"damage":9,"enemies":"2 Louse","floor":5,"turns":2},{"damage":4,"enemies":"Looter","floor":11,"turns":3},{"damage":25,"enemies":"3 Sentries","floor":13,"turns":7},{"damage":30,"enemies":"The Guardian","floor":16,"turns":7}],"seed_played":"-1503958121427962328","potions_obtained":[{"floor":5,"key":"SpeedPotion"},{"floor":11,"key":"Regen Potion"},{"floor":13,"key":"AttackPotion"}],"is_trial":false,"path_per_floor":["M","?","T","M","M","R","$","R","T","R","M","?","E","$","R","B"],"character_chosen":"DEFECT","items_purchased":["Art of War","Electrodynamics","Good Instincts"],"campfire_rested":1,"item_purchase_floors":[7,14,14],"current_hp_per_floor":[64,40,40,38,29,29,29,29,29,29,25,14,4,4,25,0],"gold":17,"neow_bonus":"RANDOM_COMMON_RELIC","is_prod":false,"is_daily":false,"chose_seed":false,"campfire_upgraded":3,"win_rate":0,"timestamp":1544303601,"path_taken":["M","?","?","M","M","R","$","R","T","R","M","?","E","$","R","BOSS"],"build_version":"2018-12-06","purchased_purges":0,"victory":false,"max_hp_per_floor":[71,71,71,71,71,71,71,71,71,71,71,71,71,71,71,71],"card_choices":[{"not_picked":["Leap","Chaos"],"picked":"Streamline","floor":1},{"not_picked":["Streamline","Melter"],"picked":"Fusion","floor":4},{"not_picked":["Scrape","Self Repair"],"picked":"Go for the Eyes","floor":5},{"not_picked":["Go for the Eyes","Rebound"],"picked":"Chaos","floor":11},{"not_picked":["Barrage","Steam"],"picked":"Loop","floor":13}],"player_experience":1240864,"relics_obtained":[{"floor":3,"key":"Symbiotic Virus"},{"floor":9,"key":"Darkstone Periapt"},{"floor":13,"key":"Nunchaku"}],"event_choices":[{"damage_healed":0,"gold_gain":0,"player_choice":"Take Damage","damage_taken":24,"relics_obtained":["Golden Idol"],"max_hp_gain":0,"max_hp_loss":0,"event_name":"Golden Idol","floor":2,"gold_loss":0},{"damage_healed":0,"gold_gain":75,"player_choice":"Gather Gold","damage_taken":11,"max_hp_gain":0,"max_hp_loss":0,"event_name":"World of Goop","floor":12,"gold_loss":0}],"is_beta":false,"boss_relics":[],"items_purged_floors":[],"is_endless":false,"potions_floor_spawned":[5,11,13],"killed_by":"The Guardian","ascension_level":15}