{"gold_per_floor":[116,4,4,15,15,47,58,18,95,106,106,125,125,159,159,231,231,242,262,143,159,159,159,159,159,159,185,85,85],"floor_reached":29,"playtime":976,"items_purged":["Strike_B","Strike_B"],"score":552,"play_id":"661a1450-ed4f-42f9-baea-03577c3f71a0","local_time":"20181129122903","is_ascension_mode":true,"campfire_choices":[{"data":"Static Discharge","floor":11,"key":"SMITH"},{"data":"Loop","floor":13,"key":"SMITH"},{"data":"Zap","floor":15,"key":"SMITH"},{"data":"Thunder Strike","floor":23,"key":"SMITH"},{"data":"Heatsinks","floor":25,"key":"SMITH"}],"neow_cost":"NONE","seed_source_timestamp":343286400396252,"circlet_count":0,"master_deck":["AscendersBane","Strike_B","Strike_B","Defend_B","Defend_B","Defend_B","Defend_B","Zap+1","Dualcast","Coolheaded+1","Go for the Eyes+1","Reinforced Body","Cold Snap","Compile Driver","Static Discharge+1","Loop+1","Ball Lightning","All For One","Thunder Strike+1","Heatsinks+1","Doom and Gloom","Ball Lightning","Creative AI"],"relics":["Cracked Core","NeowsBlessing","Bag of Preparation","Matryoshka","Sundial","Shuriken","Mummified Hand","Snecko Eye","Question Card","Happy Flower"],"potions_floor_usage":[16,29,29],"damage_taken":[{"damage":0,"enemies":"2 Louse","floor":1,"turns":1},{"damage":0,"enemies":"Jaw Worm","floor":4,"turns":1},{"damage":0,"enemies":"3 Sentries","floor":6,"turns":1},{"damage":0,"enemies":"Small Slimes","floor":7,"turns":3},{"damage":0,"enemies":"Blue Slaver","floor":10,"turns":4},{"damage":4,"enemies":"3 Louse","floor":12,"turns":5},{"damage":8,"enemies":"Gremlin Nob","floor":14,"turns":3},{"damage":10,"enemies":"Hexaghost","floor":16,"turns":8},{"damage":2,"enemies":"Shell Parasite","floor":18,"turns":4},{"damage":7,"enemies":"Spheric Guardian","floor":19,"turns":3},{"damage":20,"enemies":"Snake Plant","floor":21,"turns":3},{"damage":34,"enemies":"Book of Stabbing","floor":27,"turns":4},{"damage":8,"enemies":"Slavers","floor":29,"turns":1}],"seed_played":"8845378428570657763","potions_obtained":[{"floor":1,"key":"SteroidPotion"},{"floor":14,"key":"PowerPotion"},{"floor":18,"key":"Ancient Potion"},{"floor":19,"key":"SpeedPotion"}],"is_trial":false,"path_per_floor":["M","$","?","M","?","E","M","$","T","M","R","M","R","E","R","B",null,"M","M","$","M","?","R","?","R","T","E","$","E"],"character_chosen":"DEFECT","items_purchased":["Go for the Eyes","Reinforced Body","Static Discharge","Doom and Gloom"],"campfire_rested":0,"item_purchase_floors":[2,2,8,20],"current_hp_per_floor":[64,64,43,43,38,38,38,38,38,38,38,34,34,26,26,16,57,55,48,48,28,42,42,42,42,42,8,8,0],"gold":85,"neow_bonus":"THREE_ENEMY_KILL","is_prod":false,"is_daily":false,"chose_seed":false,"campfire_upgraded":5,"win_rate":0,"timestamp":1543512543,"path_taken":["M","$","?","M","?","E","M","$","T","M","R","M","R","E","R","BOSS","M","M","$","M","?","R","?","R","T","E","$","E"],"build_version":"2018-11-15","purchased_purges":2,"victory":false,"max_hp_per_floor":[71,71,71,71,71,71,71,71,71,71,71,71,71,71,71,71,71,71,71,71,71,71,71,71,71,71,71,71,71],"card_choices":[{"not_picked":["Skim","Hologram"],"picked":"Coolheaded","floor":1},{"not_picked":["Stack","Gash","Skim"],"picked":"SKIP","floor":4},{"not_picked":["Skim","Consume"],"picked":"Cold Snap","floor":6},{"not_picked":["Cold Snap","Reinforced Body"],"picked":"Compile Driver","floor":7},{"not_picked":["Heatsinks","Hello World"],"picked":"Loop","floor":10},{"not_picked":["Loop","Double Energy"],"picked":"Ball Lightning","floor":12},{"not_picked":["Beam Cell","Rebound"],"picked":"All For One","floor":14},{"not_picked":["Core Surge","Buffer"],"picked":"Thunder Strike","floor":16},{"not_picked":["Gash","Coolheaded"],"picked":"Heatsinks","floor":18},{"not_picked":["Go for the Eyes","Skim","Sweeping Beam"],"picked":"SKIP","floor":19},{"not_picked":["Redo","Sweeping Beam"],"picked":"Ball Lightning","floor":21},{"not_picked":["Skim","Genetic Algorithm","Go for the Eyes"],"picked":"Creative AI","floor":27}],"player_experience":1194508,"relics_obtained":[{"floor":6,"key":"Matryoshka"},{"floor":9,"key":"Sundial"},{"floor":9,"key":"Shuriken"},{"floor":14,"key":"Mummified Hand"},{"floor":26,"key":"Question Card"},{"floor":27,"key":"Happy Flower"}],"event_choices":[{"damage_healed":0,"gold_gain":0,"player_choice":"Entered Light","damage_taken":21,"max_hp_gain":0,"max_hp_loss":0,"event_name":"Shining Light","floor":3,"gold_loss":0,"cards_upgraded":["Coolheaded","Go for the Eyes"]},{"damage_healed":0,"gold_gain":0,"player_choice":"Success","damage_taken":5,"relics_obtained":["Bag of Preparation"],"max_hp_gain":0,"max_hp_loss":0,"event_name":"Scrap Ooze","floor":5,"gold_loss":0},{"damage_healed":14,"gold_gain":0,"player_choice":"Heal","damage_taken":0,"max_hp_gain":0,"max_hp_loss":0,"event_name":"The Library","floor":22,"gold_loss":0},{"damage_healed":0,"gold_gain":0,"player_choice":"Ignored","damage_taken":0,"max_hp_gain":0,"max_hp_loss":0,"event_name":"Ghosts","floor":24,"gold_loss":0}],"is_beta":false,"boss_relics":[{"not_picked":["Pandora\u0027s Box","Sozu"],"picked":"Snecko Eye"}],"items_purged_floors":[20,28],"is_endless":false,"potions_floor_spawned":[1,14,18,19],"killed_by":"Slavers","ascension_level":20}