{"gold_per_floor":[114,38,38,38,62,90,90,125,171,197,217,234,234,254,254,352,352,370,396,396,416,416,416,449,465,465,465,481,501,428,447,447,543,543,559,859,877,877,895,895,924,924,924,829,829,829,844,235,235,235],"floor_reached":51,"playtime":1593,"items_purged":[],"score":1163,"play_id":"024be3fd-4dde-45c8-841d-e0c632b01737","local_time":"20190721224750","daily_mods":["Cursed Run","Hoarder","Lethality"],"is_ascension_mode":false,"campfire_choices":[{"data":"1","floor":7,"key":"LIFT"},{"data":"2","floor":13,"key":"LIFT"},{"floor":15,"key":"REST"},{"data":"3","floor":23,"key":"LIFT"},{"data":"Whirlwind","floor":27,"key":"SMITH"},{"data":"Limit Break","floor":32,"key":"SMITH"},{"floor":40,"key":"REST"},{"data":"Havoc","floor":45,"key":"SMITH"},{"data":"Searing Blow+1","floor":49,"key":"SMITH"}],"neow_cost":"","seed_source_timestamp":0,"circlet_count":0,"master_deck":["Strike_R","Strike_R","Strike_R+1","Strike_R+1","Strike_R","Defend_R","Defend_R","Defend_R","Defend_R","Bash","Ghostly Armor","Ghostly Armor","Ghostly Armor","Whirlwind+1","Whirlwind+1","Doubt","Doubt","Doubt","Havoc","Havoc","Havoc+1","Shame","Shame","Shame","Shame","Shame","Shame","Limit Break+1","Limit Break","Limit Break","Flex+1","Flex+1","Flex+1","Pain","Pain","Pain","Whirlwind","Whirlwind","Whirlwind","Injury","Injury","Injury","Feed+1","Feed+1","Infernal Blade+1","Infernal Blade+1","Infernal Blade+1","Searing Blow+2","Searing Blow+1","Searing Blow+1","Pain","Pain","Pain","Shame","Shame","Shame","Flash of Steel","Flash of Steel","Flash of Steel","Seeing Red+1","Seeing Red+1","Seeing Red+1","Parasite","Parasite","Parasite"],"relics":["Cursed Key","Darkstone Periapt","Du-Vu Doll","Bag of Marbles","Girya","Blue Candle","Oddly Smooth Stone","Whetstone","Runic Cube","Red Mask","FaceOfCleric","Self Forming Clay","Pear","Astrolabe","WarpedTongs","Ginger","Pocketwatch","Brimstone","Paper Frog","Strawberry"],"potions_floor_usage":[28,50],"damage_taken":[{"damage":9,"enemies":"2 Louse","floor":1,"turns":2},{"damage":0,"enemies":"Gremlin Nob","floor":6,"turns":1},{"damage":12,"enemies":"3 Sentries","floor":8,"turns":3},{"damage":17,"enemies":"Gremlin Nob","floor":10,"turns":3},{"damage":0,"enemies":"Cultist","floor":11,"turns":2},{"damage":0,"enemies":"Small Slimes","floor":12,"turns":1},{"damage":0,"enemies":"Gremlin Gang","floor":14,"turns":3},{"damage":0,"enemies":"Slime Boss","floor":16,"turns":2},{"damage":3,"enemies":"3 Byrds","floor":18,"turns":2},{"damage":0,"enemies":"Masked Bandits","floor":19,"turns":2},{"damage":1,"enemies":"Shell Parasite","floor":21,"turns":1},{"damage":12,"enemies":"Slavers","floor":24,"turns":2},{"damage":4,"enemies":"Cultist and Chosen","floor":25,"turns":2},{"damage":4,"enemies":"Snake Plant","floor":28,"turns":1},{"damage":3,"enemies":"Centurion and Healer","floor":29,"turns":1},{"damage":0,"enemies":"Shelled Parasite and Fungi","floor":31,"turns":1},{"damage":0,"enemies":"Automaton","floor":33,"turns":2},{"damage":0,"enemies":"Orb Walker","floor":35,"turns":1},{"damage":9,"enemies":"3 Shapes","floor":37,"turns":2},{"damage":41,"enemies":"Transient","floor":39,"turns":3},{"damage":4,"enemies":"Nemesis","floor":41,"turns":1},{"damage":4,"enemies":"Sphere and 2 Shapes","floor":47,"turns":1},{"damage":70,"enemies":"Awakened One","floor":50,"turns":4}],"seed_played":"3883915989950254325","potions_obtained":[{"floor":1,"key":"Dexterity Potion"},{"floor":8,"key":"FairyPotion"},{"floor":10,"key":"EssenceOfSteel"},{"floor":18,"key":"PowerPotion"},{"floor":20,"key":"SneckoOil"},{"floor":29,"key":"Fire Potion"},{"floor":39,"key":"Energy Potion"}],"is_trial":true,"path_per_floor":["M","$","?","?","T","E","R","E","T","E","M","M","R","M","R","B",null,"M","?","?","M","?","R","E","M","T","R","M","M","$","M","R","B",null,"M","?","M","?","M","R","E","?","T","$","R","?","M","$","R","B",null],"character_chosen":"IRONCLAD","items_purchased":["Whirlwind","Whirlwind","Flash of Steel","Brimstone","Paper Frog","Strawberry"],"campfire_rested":2,"item_purchase_floors":[2,30,44,48,48,48],"current_hp_per_floor":[71,71,71,64,82,82,82,70,88,71,71,71,71,71,105,123,134,131,131,131,130,130,130,119,116,144,144,141,139,139,140,140,159,186,187,187,179,197,157,207,204,204,222,222,222,222,219,226,226,175],"gold":235,"neow_bonus":"","is_prod":false,"is_daily":false,"chose_seed":false,"campfire_upgraded":4,"win_rate":0,"timestamp":1563742070,"path_taken":["M","$","?","?","?","E","R","E","T","E","M","M","R","M","R","BOSS","M","?","?","?","?","R","E","M","T","R","?","M","$","M","R","BOSS","M","?","?","?","?","R","E","?","T","$","R","?","M","$","R","BOSS"],"build_version":"2019-07-17","purchased_purges":0,"victory":true,"max_hp_per_floor":[80,80,80,80,98,98,98,98,116,116,116,116,116,116,116,134,134,134,134,134,134,134,134,135,136,164,164,165,166,166,167,167,186,186,187,187,188,206,207,207,208,208,226,226,226,226,227,234,234,253],"card_choices":[{"not_picked":["Perfected Strike","Intimidate"],"picked":"Ghostly Armor","floor":1},{"not_picked":["Shockwave","Berserk","Clothesline"],"picked":"SKIP","floor":6},{"not_picked":["Twin Strike","Pommel Strike"],"picked":"Havoc","floor":8},{"not_picked":["Iron Wave","Havoc"],"picked":"Anger","floor":10},{"not_picked":["Body Slam","Warcry","Ghostly Armor"],"picked":"SKIP","floor":11},{"not_picked":["Brutality","Bloodletting","Havoc"],"picked":"SKIP","floor":12},{"not_picked":["Headbutt","Havoc","Dropkick"],"picked":"SKIP","floor":14},{"not_picked":["Bludgeon","Reaper"],"picked":"Limit Break","floor":16},{"not_picked":["Feel No Pain","Power Through"],"picked":"Flex+1","floor":18},{"not_picked":["Uppercut","Body Slam","Shrug It Off+1"],"picked":"SKIP","floor":21},{"not_picked":["Disarm+1","Reckless Charge+1","Iron Wave"],"picked":"SKIP","floor":24},{"not_picked":["Power Through","Clothesline+1","Rampage"],"picked":"SKIP","floor":25},{"not_picked":["Power Through","Twin Strike+1","Clash+1"],"picked":"SKIP","floor":28},{"not_picked":["Power Through","Clothesline","Uppercut"],"picked":"SKIP","floor":29},{"not_picked":["Pummel","Evolve","Clash+1"],"picked":"SKIP","floor":31},{"not_picked":["Perfected Strike+1","Power Through","Warcry"],"picked":"SKIP","floor":35},{"not_picked":["Flex+1","Bloodletting","Armaments"],"picked":"SKIP","floor":37},{"not_picked":["Armaments+1","Ghostly Armor","Hemokinesis+1"],"picked":"SKIP","floor":39},{"not_picked":["Armaments+1","Ghostly Armor","Hemokinesis+1"],"picked":"SKIP","floor":39},{"not_picked":["Cleave+1","Battle Trance","Sword Boomerang"],"picked":"SKIP","floor":41},{"not_picked":["Warcry+1","Dropkick"],"picked":"Seeing Red+1","floor":47}],"player_experience":273683,"relics_obtained":[{"floor":5,"key":"Bag of Marbles"},{"floor":6,"key":"Girya"},{"floor":8,"key":"Blue Candle"},{"floor":9,"key":"Oddly Smooth Stone"},{"floor":10,"key":"Whetstone"},{"floor":19,"key":"Red Mask"},{"floor":24,"key":"Self Forming Clay"},{"floor":26,"key":"Pear"},{"floor":41,"key":"Ginger"},{"floor":43,"key":"Pocketwatch"}],"event_choices":[{"damage_healed":0,"gold_gain":0,"player_choice":"Grow","damage_taken":0,"max_hp_gain":0,"max_hp_loss":0,"event_name":"Living Wall","floor":3,"gold_loss":0,"cards_upgraded":["Whirlwind"]},{"cards_removed":["Whirlwind"],"damage_healed":0,"gold_gain":0,"player_choice":"Card Removal","damage_taken":7,"max_hp_gain":0,"max_hp_loss":0,"event_name":"Golden Wing","floor":4,"gold_loss":0},{"damage_healed":0,"gold_gain":0,"player_choice":"Fought Bandits","damage_taken":0,"max_hp_gain":0,"max_hp_loss":0,"event_name":"Masked Bandits","floor":19,"gold_loss":0},{"damage_healed":0,"gold_gain":0,"player_choice":"Got Potions","damage_taken":0,"max_hp_gain":0,"max_hp_loss":0,"event_name":"Lab","floor":20,"gold_loss":0},{"damage_healed":0,"gold_gain":0,"player_choice":"Trade","damage_taken":0,"relics_obtained":["FaceOfCleric"],"max_hp_gain":0,"max_hp_loss":0,"event_name":"FaceTrader","floor":22,"gold_loss":0},{"damage_healed":0,"gold_gain":300,"player_choice":"Gold","damage_taken":0,"max_hp_gain":0,"max_hp_loss":0,"event_name":"Wheel of Change","floor":36,"gold_loss":0},{"damage_healed":0,"gold_gain":0,"player_choice":"Rummage","damage_taken":0,"relics_obtained":["WarpedTongs"],"max_hp_gain":0,"max_hp_loss":0,"event_name":"Accursed Blacksmith","floor":38,"gold_loss":0,"cards_obtained":["Pain"]},{"damage_healed":0,"gold_gain":0,"player_choice":"Memory 1","damage_taken":0,"max_hp_gain":0,"max_hp_loss":0,"event_name":"SensoryStone","floor":42,"gold_loss":0},{"cards_removed":["Feed"],"damage_healed":0,"gold_gain":0,"player_choice":"Removed Attack","damage_taken":0,"max_hp_gain":0,"max_hp_loss":0,"event_name":"Falling","floor":46,"gold_loss":0}],"is_beta":false,"boss_relics":[{"not_picked":["Tiny House","Velvet Choker"],"picked":"Runic Cube"},{"not_picked":["Lizard Tail","Eternal Feather"],"picked":"Astrolabe"}],"items_purged_floors":[],"is_endless":false,"potions_floor_spawned":[1,8,10,14,18,24,29,39,41],"ascension_level":0}