{"gold_per_floor":[109,109,123,43,54,24,58,68,140,140,156,156,106,119,119,119],"floor_reached":16,"playtime":1590,"items_purged":[],"score":112,"play_id":"b5363a1a-f55f-4677-bf98-4bcab20efaa6","local_time":"20190427204235","is_ascension_mode":true,"campfire_choices":[{"data":"Strike_G","floor":10,"key":"PURGE"},{"floor":12,"key":"REST"},{"floor":15,"key":"REST"}],"neow_cost":"TEN_PERCENT_HP_LOSS","seed_source_timestamp":53792975820971,"circlet_count":0,"master_deck":["Defend_G","Defend_G","Defend_G","Defend_G","Defend_G","Strike_G","Strike_G","Strike_G","Survivor","Neutralize","Madness","Secret Technique","Cloak And Dagger","Noxious Fumes","Noxious Fumes","Bouncing Flask","Prepared","Well Laid Plans"],"relics":["Ring of the Snake","FaceOfCleric","Peace Pipe","Toxic Egg 2"],"potions_floor_usage":[14,14,16,16],"damage_taken":[{"damage":1,"enemies":"Jaw Worm","floor":1,"turns":6},{"damage":1,"enemies":"Cultist","floor":3,"turns":5},{"damage":0,"enemies":"2 Louse","floor":5,"turns":2},{"damage":5,"enemies":"Looter","floor":6,"turns":4},{"damage":20,"enemies":"Lagavulin","floor":7,"turns":5},{"damage":15,"enemies":"Exordium Wildlife","floor":8,"turns":5},{"damage":8,"enemies":"3 Louse","floor":11,"turns":4},{"damage":3,"enemies":"Gremlin Gang","floor":14,"turns":5},{"damage":62,"enemies":"Slime Boss","floor":16,"turns":8}],"seed_played":"3866201911034726119","potions_obtained":[{"floor":7,"key":"GamblersBrew"},{"floor":8,"key":"EssenceOfSteel"},{"floor":11,"key":"Weak Potion"},{"floor":14,"key":"EssenceOfSteel"}],"is_trial":false,"path_per_floor":["M","?","M","$","M","M","E","M","T","R","M","R","?","M","R","B"],"character_chosen":"THE_SILENT","items_purchased":["Noxious Fumes"],"campfire_rested":2,"item_purchase_floors":[4],"current_hp_per_floor":[62,62,62,62,63,59,40,26,26,26,19,39,39,37,58,0],"gold":119,"neow_bonus":"RANDOM_COLORLESS_2","is_prod":false,"is_daily":false,"chose_seed":false,"campfire_upgraded":0,"win_rate":0,"timestamp":1556412155,"path_taken":["M","?","?","$","M","M","E","?","T","R","M","R","?","M","R","BOSS"],"build_version":"2019-01-23","purchased_purges":0,"victory":false,"max_hp_per_floor":[63,63,64,64,65,66,67,68,68,68,69,69,69,70,70,70],"card_choices":[{"not_picked":["Leg Sweep","Concentrate"],"picked":"Cloak And Dagger","floor":1},{"not_picked":["Quick Slash","Footwork"],"picked":"Noxious Fumes","floor":3},{"not_picked":["Dagger Throw","Masterful Stab","Slice"],"picked":"SKIP","floor":5},{"not_picked":["Predator","Bane"],"picked":"Bouncing Flask","floor":6},{"not_picked":["Riddle With Holes","Dagger Spray"],"picked":"Prepared","floor":7},{"not_picked":["Acrobatics","Poisoned Stab"],"picked":"Well Laid Plans","floor":8},{"not_picked":["Expertise+1","Unload","Bane"],"picked":"SKIP","floor":11},{"not_picked":["Slice","Flying Knee","Quick Slash"],"picked":"SKIP","floor":14}],"player_experience":173228,"relics_obtained":[{"floor":7,"key":"Peace Pipe"},{"floor":9,"key":"Toxic Egg 2"}],"event_choices":[{"damage_healed":0,"gold_gain":0,"player_choice":"Trade","damage_taken":0,"relics_obtained":["FaceOfCleric"],"max_hp_gain":0,"max_hp_loss":0,"event_name":"FaceTrader","floor":2,"gold_loss":0},{"cards_removed":["Strike_G"],"damage_healed":0,"gold_gain":0,"player_choice":"Card Removal","damage_taken":0,"max_hp_gain":0,"max_hp_loss":0,"event_name":"The Cleric","floor":13,"gold_loss":50}],"is_beta":false,"boss_relics":[],"items_purged_floors":[],"is_endless":false,"potions_floor_spawned":[7,8,11,14],"killed_by":"Slime Boss","ascension_level":2}