{"gold_per_floor":[111,130,144,154,174,174,199,199,199,199,224,235,235,255,255,329,329,339,356,185,185,196,196,1,1,70,99,99,117,117,132,132,207,207,218,235,47,47,47,47,73,73,144,144,144,164,164,176,176,176,176,176,37,68,68],"floor_reached":55,"playtime":3377,"items_purged":["Bash","Rage"],"score":1302,"play_id":"81b8508f-9283-429b-9246-3f3b327f9004","local_time":"20190707161008","is_ascension_mode":true,"campfire_choices":[{"data":"Uppercut","floor":6,"key":"SMITH"},{"data":"Pommel Strike","floor":8,"key":"SMITH"},{"data":"Defend_R","floor":10,"key":"SMITH"},{"floor":15,"key":"REST"},{"data":"Shrug It Off","floor":23,"key":"SMITH"},{"data":"Shrug It Off","floor":25,"key":"SMITH"},{"floor":28,"key":"REST"},{"floor":32,"key":"REST"},{"floor":40,"key":"REST"},{"floor":44,"key":"REST"},{"floor":47,"key":"REST"},{"floor":49,"key":"RECALL"},{"data":"Barricade","floor":52,"key":"SMITH"}],"neow_cost":"NONE","seed_source_timestamp":10670136797771,"circlet_count":0,"master_deck":["AscendersBane","Uppercut+1","Pommel Strike+1","Offering","Feed","Iron Wave","Pummel","Immolate","Double Tap","Impervious","Shrug It Off+1","Dark Shackles","Shrug It Off+1","Shrug It Off+1","Shrug It Off","Inflame","Madness","Madness","Barricade+1"],"relics":["Burning Blood","Orichalcum","Red Skull","Regal Pillow","Bag of Preparation","Pandora\u0027s Box","Pen Nib","Kunai","Matryoshka","Busted Crown","PreservedInsect","Potion Belt","Gremlin Horn"],"potions_floor_usage":[7,11,16,16,27,27,33,41,46,50,54,54,54],"damage_taken":[{"damage":4,"enemies":"2 Louse","floor":1,"turns":3},{"damage":4,"enemies":"Small Slimes","floor":2,"turns":3},{"damage":5,"enemies":"Cultist","floor":3,"turns":4},{"damage":10,"enemies":"Blue Slaver","floor":4,"turns":3},{"damage":1,"enemies":"Exordium Wildlife","floor":5,"turns":4},{"damage":16,"enemies":"3 Sentries","floor":7,"turns":7},{"damage":23,"enemies":"Lagavulin","floor":11,"turns":5},{"damage":6,"enemies":"3 Louse","floor":12,"turns":3},{"damage":0,"enemies":"Gremlin Gang","floor":14,"turns":4},{"damage":38,"enemies":"The Guardian","floor":16,"turns":14},{"damage":6,"enemies":"Chosen","floor":18,"turns":4},{"damage":23,"enemies":"3 Byrds","floor":19,"turns":4},{"damage":6,"enemies":"Centurion and Healer","floor":22,"turns":4},{"damage":71,"enemies":"Book of Stabbing","floor":27,"turns":10},{"damage":6,"enemies":"Cultist and Chosen","floor":29,"turns":7},{"damage":0,"enemies":"Snake Plant","floor":31,"turns":4},{"damage":76,"enemies":"Collector","floor":33,"turns":15},{"damage":8,"enemies":"3 Darklings","floor":35,"turns":8},{"damage":41,"enemies":"3 Shapes","floor":36,"turns":9},{"damage":65,"enemies":"Giant Head","floor":41,"turns":10},{"damage":9,"enemies":"Maw","floor":46,"turns":7},{"damage":15,"enemies":"Sphere and 2 Shapes","floor":48,"turns":9},{"damage":42,"enemies":"Donu and Deca","floor":50,"turns":15},{"damage":98,"enemies":"Shield and Spear","floor":54,"turns":15},{"damage":19,"enemies":"The Heart","floor":55,"turns":2}],"seed_played":"2029286282911670645","potions_obtained":[{"floor":1,"key":"Strength Potion"},{"floor":4,"key":"Strength Potion"},{"floor":11,"key":"LiquidBronze"},{"floor":12,"key":"Strength Potion"},{"floor":16,"key":"Regen Potion"},{"floor":22,"key":"Strength Potion"},{"floor":27,"key":"Fire Potion"},{"floor":36,"key":"Dexterity Potion"},{"floor":41,"key":"Fire Potion"},{"floor":46,"key":"SpeedPotion"},{"floor":48,"key":"Strength Potion"},{"floor":54,"key":"SmokeBomb"}],"is_trial":false,"path_per_floor":["M","M","M","M","M","R","E","R","T","R","E","M","?","M","R","B",null,"M","M","$","?","M","R","$","R","T","E","R","M","?","M","R","B",null,"M","M","$","?","$","R","E","?","T","R","?","M","R","M","R","B",null,"R","$","E","B"],"character_chosen":"IRONCLAD","items_purchased":["Dark Shackles","Pen Nib","Shrug It Off","Inflame","Dexterity Potion","Regen Potion"],"campfire_rested":6,"item_purchase_floors":[20,24,24,37,53,53],"current_hp_per_floor":[70,72,73,69,74,74,64,64,64,64,47,47,40,46,75,43,67,70,56,56,56,59,59,59,59,59,9,49,52,27,36,79,9,74,72,40,40,22,22,66,7,7,7,51,51,51,96,90,90,57,95,95,95,18,0],"gold":68,"neow_bonus":"RANDOM_COMMON_RELIC","is_prod":false,"is_daily":false,"chose_seed":false,"campfire_upgraded":6,"win_rate":0,"timestamp":1562530208,"path_taken":["M","M","M","M","M","R","E","R","T","R","E","M","?","M","R","BOSS","M","M","$","?","M","R","$","R","T","E","R","?","?","M","R","BOSS","M","M","$","?","$","R","E","?","T","R","?","?","R","M","R","BOSS","R","$","E","BOSS"],"build_version":"2019-07-05","purchased_purges":2,"victory":false,"max_hp_per_floor":[75,75,75,75,75,75,75,75,75,75,75,75,75,75,75,75,75,78,81,81,81,84,84,84,84,84,84,84,87,92,95,95,95,95,95,98,98,98,98,98,98,98,98,98,98,101,101,104,104,107,107,107,107,107,107],"card_choices":[{"not_picked":["Rampage","Havoc","Warcry"],"picked":"SKIP","floor":1},{"not_picked":["Pommel Strike","Havoc"],"picked":"Uppercut","floor":2},{"not_picked":["Body Slam","Headbutt","Clothesline"],"picked":"SKIP","floor":3},{"not_picked":["Rampage","Iron Wave","Anger"],"picked":"SKIP","floor":4},{"not_picked":["Anger","Evolve"],"picked":"Pommel Strike","floor":5},{"not_picked":["Immolate","Heavy Blade","Sentinel"],"picked":"SKIP","floor":7},{"not_picked":["Pommel Strike","Bludgeon","Searing Blow"],"picked":"SKIP","floor":11},{"not_picked":["Twin Strike","Anger","Rampage"],"picked":"SKIP","floor":12},{"not_picked":["Warcry","Power Through","Clothesline"],"picked":"SKIP","floor":14},{"not_picked":["Reaper","Barricade"],"picked":"Offering","floor":16},{"not_picked":["Iron Wave+1","Feel No Pain"],"picked":"Shrug It Off","floor":18},{"not_picked":["Perfected Strike","Uppercut","Reckless Charge"],"picked":"SKIP","floor":19},{"not_picked":["Clothesline","Searing Blow","Thunderclap"],"picked":"SKIP","floor":22},{"not_picked":["Clash","Metallicize","Double Tap"],"picked":"SKIP","floor":27},{"not_picked":["Heavy Blade","Anger","Body Slam"],"picked":"SKIP","floor":29},{"not_picked":["Wild Strike","Iron Wave+1"],"picked":"Shrug It Off","floor":31},{"not_picked":["Sword Boomerang"],"picked":"SKIP","floor":35},{"not_picked":["Perfected Strike"],"picked":"SKIP","floor":36},{"not_picked":["Shrug It Off"],"picked":"SKIP","floor":41},{"not_picked":["Wild Strike"],"picked":"SKIP","floor":46},{"not_picked":[],"picked":"Barricade","floor":48},{"not_picked":["Burning Pact"],"picked":"SKIP","floor":54}],"player_experience":473598,"relics_obtained":[{"floor":7,"key":"Red Skull"},{"floor":9,"key":"Regal Pillow"},{"floor":11,"key":"Bag of Preparation"},{"floor":26,"key":"Kunai"},{"floor":27,"key":"Matryoshka"},{"floor":41,"key":"PreservedInsect"},{"floor":43,"key":"Potion Belt"},{"floor":54,"key":"Gremlin Horn"}],"event_choices":[{"cards_removed":["Defend_R"],"damage_healed":0,"gold_gain":0,"player_choice":"Card Removal","damage_taken":7,"max_hp_gain":0,"max_hp_loss":0,"event_name":"Golden Wing","floor":13,"gold_loss":0},{"damage_healed":0,"gold_gain":0,"player_choice":"Copied","damage_taken":0,"max_hp_gain":0,"max_hp_loss":0,"event_name":"Duplicator","floor":21,"gold_loss":0,"cards_obtained":["Shrug It Off"]},{"damage_healed":0,"gold_gain":0,"player_choice":"Shed Blood","damage_taken":30,"max_hp_gain":5,"max_hp_loss":0,"event_name":"Forgotten Altar","floor":30,"gold_loss":0},{"damage_healed":0,"gold_gain":0,"player_choice":"Embrace Madness","damage_taken":18,"max_hp_gain":0,"max_hp_loss":0,"event_name":"Winding Halls","floor":38,"gold_loss":0,"cards_obtained":["Madness","Madness"]},{"cards_removed":["Iron Wave"],"damage_healed":0,"gold_gain":0,"player_choice":"Removed Attack","damage_taken":0,"max_hp_gain":0,"max_hp_loss":0,"event_name":"Falling","floor":42,"gold_loss":0},{"damage_healed":0,"gold_gain":0,"player_choice":"Upgraded","damage_taken":0,"max_hp_gain":0,"max_hp_loss":0,"event_name":"Upgrade Shrine","floor":45,"gold_loss":0,"cards_upgraded":["Shrug It Off"]}],"is_beta":false,"boss_relics":[{"not_picked":["Philosopher\u0027s Stone","Lizard Tail"],"picked":"Pandora\u0027s Box"},{"not_picked":["Mark of Pain","Black Blood"],"picked":"Busted Crown"}],"items_purged_floors":[20,37],"is_endless":false,"potions_floor_spawned":[1,4,11,12,16,22,27,36,41,46,48,54],"killed_by":"The Heart","ascension_level":17}