{"gold_per_floor":[118,130,130,147,159,159,185,200,282,282,308,322,11,31,31,103,103,123,123,134,134,8,35,35,60,60,90,190,65,96,112,112,184,234,244,264,264,278,291,351,403,436,436,436,436,466,466,482,482,482,482,482,129,163,163],"floor_reached":55,"playtime":6011,"items_purged":["Strike_R","Strike_R+1","Defend_R+1","Strike_R+1"],"score":1486,"play_id":"f5a9e3f2-5bab-4b82-a150-15fa8dc2f20c","local_time":"20190706200938","is_ascension_mode":true,"campfire_choices":[{"floor":6.0,"key":"REST"},{"data":"Shrug It Off","floor":10.0,"key":"SMITH"},{"data":"Twin Strike","floor":15.0,"key":"SMITH"},{"data":"Offering","floor":24,"key":"SMITH"},{"data":"Spot Weakness","floor":32,"key":"SMITH"},{"floor":45,"key":"RECALL"},{"floor":47,"key":"REST"},{"data":"1","floor":49,"key":"LIFT"},{"data":"2","floor":52,"key":"LIFT"}],"neow_cost":"PERCENT_DAMAGE","seed_source_timestamp":0,"circlet_count":0,"master_deck":["AscendersBane","Strike_R+1","Defend_R+1","Defend_R+1","Defend_R+1","Bash+1","Reaper","Shrug It Off+1","Battle Trance+1","Twin Strike+1","Spot Weakness+1","Flash of Steel","Offering+1","Shrug It Off+1","Berserk+1","Headbutt+1","Metallicize+1","Limit Break+1","Seeing Red+1","Rampage+1","Finesse"],"special_seed":0,"relics":["Burning Blood","PreservedInsect","Bottled Flame","Ginger","Vajra","Cursed Key","Nilry\u0027s Codex","Omamori","War Paint","Pear","Boot","Torii","Molten Egg 2","Oddly Smooth Stone","Tiny House","Tiny Chest","Girya","Paper Frog","Anchor","Pen Nib"],"potions_floor_usage":[20,55,55],"damage_taken":[{"damage":15.0,"enemies":"Small Slimes","floor":1.0,"turns":5.0},{"damage":2.0,"enemies":"Cultist","floor":2.0,"turns":4.0},{"damage":12.0,"enemies":"Jaw Worm","floor":4.0,"turns":3.0},{"damage":9.0,"enemies":"Looter","floor":5.0,"turns":3.0},{"damage":16.0,"enemies":"3 Sentries","floor":7.0,"turns":8.0},{"damage":3.0,"enemies":"Blue Slaver","floor":8.0,"turns":5.0},{"damage":36.0,"enemies":"Lagavulin","floor":11.0,"turns":7.0},{"damage":16.0,"enemies":"Exordium Thugs","floor":12.0,"turns":4.0},{"damage":10.0,"enemies":"2 Fungi Beasts","floor":14.0,"turns":3.0},{"damage":33.0,"enemies":"Hexaghost","floor":16.0,"turns":9.0},{"damage":13.0,"enemies":"Shell Parasite","floor":18.0,"turns":4.0},{"damage":13,"enemies":"2 Thieves","floor":20,"turns":4},{"damage":9,"enemies":"Slavers","floor":23,"turns":5},{"damage":18,"enemies":"Gremlin Leader","floor":25,"turns":7},{"damage":15,"enemies":"Book of Stabbing","floor":27,"turns":4},{"damage":9,"enemies":"Colosseum Slavers","floor":28,"turns":3},{"damage":13,"enemies":"Colosseum Nobs","floor":28,"turns":3},{"damage":6,"enemies":"Gremlin Leader","floor":30,"turns":5},{"damage":6,"enemies":"3 Cultists","floor":31,"turns":4},{"damage":23,"enemies":"Collector","floor":33,"turns":6},{"damage":7,"enemies":"3 Shapes","floor":35,"turns":4},{"damage":7,"enemies":"Orb Walker","floor":36,"turns":3},{"damage":16,"enemies":"Transient","floor":38,"turns":5},{"damage":26,"enemies":"Maw","floor":39,"turns":5},{"damage":7,"enemies":"Reptomancer","floor":40,"turns":2},{"damage":78,"enemies":"2 Orb Walkers","floor":41,"turns":6},{"damage":6,"enemies":"Giant Head","floor":42,"turns":7},{"damage":55,"enemies":"Nemesis","floor":46,"turns":4},{"damage":9,"enemies":"Sphere and 2 Shapes","floor":48,"turns":10},{"damage":87,"enemies":"Time Eater","floor":50,"turns":7},{"damage":61,"enemies":"Shield and Spear","floor":54,"turns":5},{"damage":61,"enemies":"The Heart","floor":55,"turns":3}],"seed_played":"8978813617790062488","potions_obtained":[{"floor":1.0,"key":"EssenceOfSteel"},{"floor":4.0,"key":"Regen Potion"},{"floor":5.0,"key":"SkillPotion"},{"floor":14.0,"key":"Explosive Potion"},{"floor":16.0,"key":"FearPotion"},{"floor":18.0,"key":"Block Potion"},{"floor":28,"key":"Dexterity Potion"}],"is_trial":false,"path_per_floor":["M","M","?","M","M","R","E","M","T","R","E","M","$","M","R","B",null,"M","?","M","?","$","E","R","E","T","E","?","$","E","M","R","B",null,"M","M","?","M","M","E","?","E","T","?","R","E","R","M","R","B",null,"R","$","E","B"],"character_chosen":"IRONCLAD","items_purchased":["Vajra","Flash of Steel","Shrug It Off","LiquidBronze","Rampage+1","Finesse"],"campfire_rested":2,"item_purchase_floors":[13,13,22,53,53,53],"current_hp_per_floor":[42,46,46,40,46,70,70,80,80,80,50,54,54,58,58,47,72,76,60,64,64,64,77,77,80,90,90,83,83,90,90,90,90,95,95,95,95,95,95,94,40,75,75,75,75,26,54,95,95,69,89,89,89,45,0],"gold":163,"neow_bonus":"THREE_RARE_CARDS","is_prod":false,"is_daily":false,"chose_seed":false,"campfire_upgraded":4,"win_rate":0,"timestamp":1562458178,"path_taken":["M","M","?","M","M","R","E","M","T","R","E","?","?","M","R","BOSS","M","?","M","?","$","E","R","E","T","E","?","?","E","?","R","BOSS","M","M","?","?","M","E","?","E","T","?","R","E","R","?","R","BOSS","R","$","E","BOSS"],"build_version":"2019-07-05","purchased_purges":4,"victory":false,"max_hp_per_floor":[80,80,80,80,80,80,80,80,80,80,80,80,80,80,80,80,80,80,80,80,80,80,80,80,80,90,90,90,90,90,90,90,90,95,95,95,95,95,95,95,95,95,95,95,95,95,95,95,95,95,95,95,95,95,95],"card_choices":[{"not_picked":["Exhume","Brutality"],"picked":"Reaper","floor":0.0},{"not_picked":["Rage","Metallicize"],"picked":"Shrug It Off","floor":1.0},{"not_picked":["Feel No Pain","Havoc"],"picked":"Battle Trance","floor":2.0},{"not_picked":["Flex","Warcry"],"picked":"Twin Strike","floor":4.0},{"not_picked":["Ghostly Armor","Warcry"],"picked":"Spot Weakness","floor":5.0},{"not_picked":["Warcry","Pommel Strike","Hemokinesis"],"picked":"SKIP","floor":7.0},{"not_picked":["Reckless Charge","Flex","Wild Strike"],"picked":"SKIP","floor":8.0},{"not_picked":["Immolate","Clash","Warcry"],"picked":"SKIP","floor":11.0},{"not_picked":["Rupture","Combust","Clash"],"picked":"SKIP","floor":12.0},{"not_picked":["Pommel Strike","Metallicize","Clothesline"],"picked":"SKIP","floor":14.0},{"not_picked":["Exhume","Double Tap"],"picked":"Offering","floor":16.0},{"not_picked":["Cleave","Thunderclap","Flex+1"],"picked":"SKIP","floor":18.0},{"not_picked":["Headbutt","Entrench","Armaments"],"picked":"SKIP","floor":20},{"not_picked":["Dark Embrace","Sentinel","Warcry"],"picked":"SKIP","floor":23},{"not_picked":["Clothesline","Clash","Sever Soul"],"picked":"SKIP","floor":25},{"not_picked":["Battle Trance+1","Warcry","Cleave+1"],"picked":"SKIP","floor":27},{"not_picked":["Sword Boomerang+1","Iron Wave+1","Rampage+1"],"picked":"SKIP","floor":30},{"not_picked":["Uppercut+1","Blood for Blood+1","Clash+1"],"picked":"SKIP","floor":31},{"not_picked":["Brutality","Exhume"],"picked":"Berserk","floor":33},{"not_picked":["Flex","True Grit","Rage"],"picked":"SKIP","floor":35},{"not_picked":["Warcry","Flex"],"picked":"Headbutt+1","floor":36},{"not_picked":["Cleave+1","Headbutt+1"],"picked":"Metallicize+1","floor":38},{"not_picked":["Bloodletting","Wild Strike+1","Pommel Strike+1"],"picked":"SKIP","floor":39},{"not_picked":["Fire Breathing+1","Entrench"],"picked":"Limit Break","floor":40},{"not_picked":["Wild Strike+1","Fire Breathing+1"],"picked":"Seeing Red+1","floor":42},{"not_picked":["Havoc","Fiend Fire+1","Iron Wave+1"],"picked":"SKIP","floor":46},{"not_picked":["Infernal Blade+1","Shrug It Off","Corruption"],"picked":"SKIP","floor":48},{"not_picked":["Burning Pact","Clothesline+1","Fire Breathing"],"picked":"SKIP","floor":54}],"player_experience":452518,"relics_obtained":[{"floor":7.0,"key":"PreservedInsect"},{"floor":9.0,"key":"Bottled Flame"},{"floor":11.0,"key":"Ginger"},{"floor":19,"key":"Nilry\u0027s Codex"},{"floor":23,"key":"Omamori"},{"floor":25,"key":"War Paint"},{"floor":26,"key":"Pear"},{"floor":27,"key":"Boot"},{"floor":28,"key":"Torii"},{"floor":28,"key":"Molten Egg 2"},{"floor":30,"key":"Oddly Smooth Stone"},{"floor":40,"key":"Tiny Chest"},{"floor":41,"key":"Girya"},{"floor":42,"key":"Paper Frog"},{"floor":46,"key":"Anchor"},{"floor":54,"key":"Pen Nib"}],"event_choices":[{"cards_removed":["Strike_R"],"damage_healed":0.0,"max_hp_gain":0.0,"max_hp_loss":0.0,"gold_gain":0.0,"event_name":"Purifier","player_choice":"Purged","floor":3.0,"gold_loss":0.0,"damage_taken":0.0},{"damage_healed":0,"gold_gain":0,"player_choice":"Obtained Book","damage_taken":16,"max_hp_gain":0,"max_hp_loss":0,"event_name":"Cursed Tome","floor":19,"gold_loss":0},{"damage_healed":0,"gold_gain":0,"player_choice":"Simplicity","damage_taken":0,"max_hp_gain":0,"max_hp_loss":0,"event_name":"Back to Basics","floor":21,"gold_loss":0,"cards_upgraded":["Strike_R","Strike_R","Strike_R","Defend_R","Defend_R","Defend_R","Defend_R"]},{"damage_healed":0,"gold_gain":0,"player_choice":"Fight","damage_taken":0,"max_hp_gain":0,"max_hp_loss":0,"event_name":"Colosseum","floor":28,"gold_loss":0},{"damage_healed":0,"gold_gain":0,"player_choice":"Fought Nobs","damage_taken":0,"max_hp_gain":0,"max_hp_loss":0,"event_name":"Colosseum","floor":28,"gold_loss":0},{"damage_healed":0,"gold_gain":0,"player_choice":"Upgraded","damage_taken":0,"max_hp_gain":0,"max_hp_loss":0,"event_name":"Upgrade Shrine","floor":37,"gold_loss":0,"cards_upgraded":["Berserk"]},{"damage_healed":0,"gold_gain":0,"player_choice":"Fight","damage_taken":0,"max_hp_gain":0,"max_hp_loss":0,"event_name":"Mysterious Sphere","floor":41,"gold_loss":0},{"damage_healed":0,"gold_gain":0,"player_choice":"Forge","damage_taken":0,"max_hp_gain":0,"max_hp_loss":0,"event_name":"Accursed Blacksmith","floor":44,"gold_loss":0,"cards_upgraded":["Limit Break"]}],"is_beta":false,"boss_relics":[{"not_picked":["Calling Bell","Sozu"],"picked":"Cursed Key"},{"not_picked":["Runic Dome","Orrery"],"picked":"Tiny House"}],"items_purged_floors":[13,22,29,53],"is_endless":false,"potions_floor_spawned":[1,4,5,14,16,18,28,28,31,36,39,40,42,46,54],"killed_by":"The Heart","ascension_level":13}