{"gold_per_floor":[110,120,45,45,10,10,20,20,47,74,88,88,102,117,117,196,196,214,129,129,139,52,52,52,52,52,52,86,101,132,147,147,147],"floor_reached":33,"playtime":1853,"items_purged":["Strike_G"],"score":570,"play_id":"26b391fb-5aee-4785-967f-ed2edeb33ab8","local_time":"20181115163934","is_ascension_mode":true,"campfire_choices":[{"data":"Neutralize","floor":6,"key":"SMITH"},{"data":"Choke","floor":8,"key":"SMITH"},{"data":"Cloak And Dagger","floor":12,"key":"SMITH"},{"data":"Caltrops","floor":15,"key":"SMITH"},{"data":"Footwork","floor":23,"key":"SMITH"},{"data":"Deadly Poison","floor":24,"key":"SMITH"},{"floor":25,"key":"REST"},{"data":"Glass Knife","floor":27,"key":"SMITH"},{"floor":32,"key":"REST"}],"neow_cost":"NONE","seed_source_timestamp":102036260688008,"circlet_count":0,"master_deck":["AscendersBane","Defend_G","Defend_G","Defend_G","Defend_G","Defend_G","Strike_G","Strike_G+1","Strike_G","Strike_G+1","Survivor","Neutralize+1","Choke+1","Dash","Caltrops+1","Cloak And Dagger+1","Glass Knife+1","Deadly Poison+1","Deflect+1","Footwork+1","Writhe","Wraith Form v2","Infinite Blades","Leg Sweep"],"relics":["Ring of the Snake","Centennial Puzzle","Boot","Cursed Key","WingedGreaves","StoneCalendar","Shuriken","Shovel","Calipers"],"potions_floor_usage":[10,16,28,30,31,33],"damage_taken":[{"damage":2,"enemies":"Cultist","floor":1,"turns":5},{"damage":3,"enemies":"2 Louse","floor":2,"turns":4},{"damage":2,"enemies":"Jaw Worm","floor":7,"turns":2},{"damage":12,"enemies":"3 Sentries","floor":10,"turns":13},{"damage":11,"enemies":"Gremlin Gang","floor":11,"turns":5},{"damage":0,"enemies":"Exordium Wildlife","floor":13,"turns":3},{"damage":0,"enemies":"3 Louse","floor":14,"turns":4},{"damage":14,"enemies":"The Guardian","floor":16,"turns":14},{"damage":13,"enemies":"Shell Parasite","floor":18,"turns":3},{"damage":16,"enemies":"3 Byrds","floor":21,"turns":4},{"damage":16,"enemies":"Slavers","floor":28,"turns":5},{"damage":17,"enemies":"Shelled Parasite and Fungi","floor":29,"turns":5},{"damage":15,"enemies":"Gremlin Leader","floor":30,"turns":6},{"damage":0,"enemies":"Centurion and Healer","floor":31,"turns":7},{"damage":24,"enemies":"Collector","floor":33,"turns":5}],"seed_played":"-3401015905953196968","potions_obtained":[{"floor":7,"key":"FearPotion"},{"floor":13,"key":"Block Potion"},{"floor":14,"key":"EssenceOfSteel"},{"floor":16,"key":"Dexterity Potion"},{"floor":29,"key":"Energy Potion"},{"floor":30,"key":"GhostInAJar"}],"is_trial":false,"path_per_floor":["M","M","$","?","?","R","M","R","T","E","M","R","M","M","R","B",null,"M","?","?","M","$","R","R","R","T","R","E","M","E","M","R","B"],"character_chosen":"THE_SILENT","items_purchased":["Footwork"],"campfire_rested":2,"item_purchase_floors":[22],"current_hp_per_floor":[63,60,60,38,56,56,54,54,54,42,31,31,31,31,31,17,58,45,45,45,29,29,29,29,50,50,50,34,17,2,2,23,0],"gold":147,"neow_bonus":"TEN_PERCENT_HP_BONUS","is_prod":false,"is_daily":false,"chose_seed":false,"campfire_upgraded":7,"win_rate":0,"timestamp":1542317974,"path_taken":["M","M","$","?","?","R","?","R","T","E","M","R","?","M","R","BOSS","M","?","?","M","$","R","R","R","T","R","E","M","E","M","R","BOSS"],"build_version":"2018-11-08","purchased_purges":1,"victory":false,"max_hp_per_floor":[72,72,72,72,72,72,72,72,72,72,72,72,72,72,72,72,72,72,72,72,72,72,72,72,72,72,72,72,72,72,72,72,72],"card_choices":[{"not_picked":["Acrobatics","Calculated Gamble"],"picked":"Choke","floor":1},{"not_picked":["Cloak And Dagger","Deadly Poison"],"picked":"Dash","floor":2},{"not_picked":["Underhanded Strike","Flechettes","Choke"],"picked":"SKIP","floor":7},{"not_picked":["Blade Dance","Slice"],"picked":"Caltrops","floor":10},{"not_picked":["Deflect","Deadly Poison"],"picked":"Cloak And Dagger","floor":11},{"not_picked":["Blade Dance","Riddle With Holes"],"picked":"Skewer","floor":13},{"not_picked":["Flying Knee","Masterful Stab","Dagger Throw"],"picked":"SKIP","floor":14},{"not_picked":["Tools of the Trade","Grand Finale"],"picked":"Glass Knife","floor":16},{"not_picked":["Slice","Masterful Stab"],"picked":"Deadly Poison","floor":18},{"not_picked":["Flying Knee","PiercingWail"],"picked":"Deflect+1","floor":21},{"not_picked":["Deadly Poison","Expertise","Terror"],"picked":"SKIP","floor":28},{"not_picked":["Quick Slash","Deflect"],"picked":"Wraith Form v2","floor":29},{"not_picked":["Dodge and Roll","Escape Plan"],"picked":"Infinite Blades","floor":30},{"not_picked":["Poisoned Stab","Choke"],"picked":"Leg Sweep","floor":31}],"player_experience":1053128,"relics_obtained":[{"floor":9,"key":"Centennial Puzzle"},{"floor":10,"key":"Boot"},{"floor":26,"key":"Shuriken"},{"floor":28,"key":"Shovel"},{"floor":30,"key":"Calipers"}],"event_choices":[{"damage_healed":0,"gold_gain":0,"player_choice":"Entered Light","damage_taken":22,"max_hp_gain":0,"max_hp_loss":0,"event_name":"Shining Light","floor":4,"gold_loss":0,"cards_upgraded":["Strike_G","Strike_G"]},{"damage_healed":18,"gold_gain":0,"player_choice":"Healed","damage_taken":0,"max_hp_gain":0,"max_hp_loss":0,"event_name":"The Cleric","floor":5,"gold_loss":35},{"damage_healed":0,"gold_gain":0,"player_choice":"Obtained Relic","damage_taken":0,"relics_obtained":["WingedGreaves"],"max_hp_gain":0,"max_hp_loss":0,"event_name":"Addict","floor":19,"gold_loss":85},{"cards_removed":["Skewer"],"damage_healed":0,"gold_gain":0,"player_choice":"Gave Card","damage_taken":0,"relics_obtained":["StoneCalendar"],"max_hp_gain":0,"max_hp_loss":0,"event_name":"WeMeetAgain","floor":20,"gold_loss":0}],"is_beta":false,"boss_relics":[{"not_picked":["Velvet Choker","Astrolabe"],"picked":"Cursed Key"}],"items_purged_floors":[3],"is_endless":false,"potions_floor_spawned":[7,13,14,16,29,30],"killed_by":"Collector","ascension_level":20}