{"gold_per_floor":[366,366,383,383,53,53,53,85,85,85,100,100,120,132,132,207,207,220,145,145,161,561,561,574,574,601,601,601],"floor_reached":28,"playtime":949,"items_purged":["Strike_B"],"score":432,"play_id":"2784121d-351d-43bf-891c-51a5b3e86050","local_time":"20190517170354","is_ascension_mode":true,"campfire_choices":[{"data":"Defragment","floor":6,"key":"SMITH"},{"floor":10,"key":"REST"},{"data":"Zap","floor":12,"key":"SMITH"},{"floor":15,"key":"REST"},{"floor":23,"key":"REST"},{"floor":25,"key":"REST"},{"data":"Conserve Battery","floor":27,"key":"SMITH"}],"neow_cost":"PERCENT_DAMAGE","seed_source_timestamp":106818069908025,"circlet_count":0,"master_deck":["AscendersBane","Strike_B","Defend_B","Defend_B","Defend_B","Defend_B","Zap+1","Dualcast","Ball Lightning","Sweeping Beam","Defragment+1","Capacitor","Conserve Battery+1","Cold Snap","Echo Form","Compile Driver+1","Fusion","Sunder","Hologram"],"relics":["Cracked Core","Art of War","Sundial","Bottled Tornado","Ornamental Fan","Snecko Eye","Old Coin","Kunai","Bronze Scales"],"potions_floor_usage":[8,22,22],"damage_taken":[{"damage":0,"enemies":"2 Louse","floor":1,"turns":2},{"damage":7,"enemies":"Jaw Worm","floor":3,"turns":3},{"damage":20,"enemies":"Lagavulin","floor":8,"turns":5},{"damage":3,"enemies":"Small Slimes","floor":11,"turns":4},{"damage":12,"enemies":"Exordium Wildlife","floor":13,"turns":3},{"damage":6,"enemies":"Looter","floor":14,"turns":3},{"damage":8,"enemies":"Hexaghost","floor":16,"turns":9},{"damage":21,"enemies":"Shell Parasite","floor":18,"turns":6},{"damage":1,"enemies":"Spheric Guardian","floor":21,"turns":4},{"damage":17,"enemies":"Colosseum Slavers","floor":22,"turns":4},{"damage":6,"enemies":"Colosseum Nobs","floor":22,"turns":4},{"damage":31,"enemies":"Snake Plant","floor":24,"turns":4},{"damage":24,"enemies":"Slavers","floor":28,"turns":1}],"seed_played":"5716897506289739335","potions_obtained":[{"floor":3,"key":"Regen Potion"},{"floor":13,"key":"SteroidPotion"},{"floor":16,"key":"GamblersBrew"}],"is_trial":false,"path_per_floor":["M","?","M","?","$","R","?","E","T","R","M","R","M","M","R","B",null,"M","?","?","M","?","R","M","R","T","R","E"],"character_chosen":"DEFECT","items_purchased":["Defragment","Art of War"],"campfire_rested":4,"item_purchase_floors":[5,5],"current_hp_per_floor":[46,39,32,32,32,32,14,6,6,27,24,24,12,6,27,19,58,37,37,37,36,13,34,3,24,24,24,0],"gold":601,"neow_bonus":"TWO_FIFTY_GOLD","is_prod":false,"is_daily":false,"chose_seed":false,"campfire_upgraded":3,"win_rate":0,"timestamp":1558127034,"path_taken":["M","?","M","?","$","R","?","E","T","R","M","R","M","M","R","BOSS","M","?","?","M","?","R","?","R","T","R","E"],"build_version":"2019-01-23","purchased_purges":1,"victory":false,"max_hp_per_floor":[71,71,71,71,71,71,71,71,71,71,71,71,71,71,71,71,71,71,71,71,71,71,71,71,71,71,71,71],"card_choices":[{"not_picked":["Turbo","Sweeping Beam"],"picked":"Ball Lightning","floor":1},{"not_picked":["Leap","Darkness"],"picked":"Sweeping Beam","floor":3},{"not_picked":["Barrage","Gash"],"picked":"Capacitor","floor":8},{"not_picked":["Barrage","Compile Driver"],"picked":"Conserve Battery","floor":11},{"not_picked":["Heatsinks","Rip and Tear"],"picked":"Cold Snap","floor":13},{"not_picked":["Leap","Force Field","Redo"],"picked":"SKIP","floor":14},{"not_picked":["Thunder Strike","Fission"],"picked":"Echo Form","floor":16},{"not_picked":["Force Field","Heatsinks"],"picked":"Compile Driver+1","floor":18},{"not_picked":["Sweeping Beam","White Noise"],"picked":"Sunder","floor":21},{"not_picked":["Stack","Chill"],"picked":"Hologram","floor":22},{"not_picked":["Reprogram","FTL","Stack+1"],"picked":"SKIP","floor":24}],"player_experience":1412593,"relics_obtained":[{"floor":8,"key":"Bottled Tornado"},{"floor":9,"key":"Ornamental Fan"},{"floor":22,"key":"Old Coin"},{"floor":22,"key":"Kunai"},{"floor":26,"key":"Bronze Scales"}],"event_choices":[{"cards_removed":["Strike_B"],"damage_healed":0,"gold_gain":0,"player_choice":"Card Removal","damage_taken":7,"max_hp_gain":0,"max_hp_loss":0,"event_name":"Golden Wing","floor":2,"gold_loss":0},{"damage_healed":0,"gold_gain":0,"player_choice":"Ignored","damage_taken":0,"max_hp_gain":0,"max_hp_loss":0,"event_name":"Liars Game","floor":4,"gold_loss":0},{"damage_healed":0,"gold_gain":0,"player_choice":"Success","damage_taken":18,"relics_obtained":["Sundial"],"max_hp_gain":0,"max_hp_loss":0,"event_name":"Scrap Ooze","floor":7,"gold_loss":0},{"cards_removed":["Strike_B"],"damage_healed":0,"gold_gain":0,"player_choice":"Gave Gold","damage_taken":0,"max_hp_gain":0,"max_hp_loss":0,"event_name":"Beggar","floor":19,"gold_loss":75},{"damage_healed":0,"gold_gain":0,"player_choice":"Read","damage_taken":0,"max_hp_gain":0,"max_hp_loss":0,"event_name":"The Library","floor":20,"gold_loss":0,"cards_obtained":["Fusion"]},{"damage_healed":0,"gold_gain":0,"player_choice":"Fight","damage_taken":0,"max_hp_gain":0,"max_hp_loss":0,"event_name":"Colosseum","floor":22,"gold_loss":0},{"damage_healed":0,"gold_gain":0,"player_choice":"Fought Nobs","damage_taken":0,"max_hp_gain":0,"max_hp_loss":0,"event_name":"Colosseum","floor":22,"gold_loss":0}],"is_beta":false,"boss_relics":[{"not_picked":["Pandora\u0027s Box","Velvet Choker"],"picked":"Snecko Eye"}],"items_purged_floors":[5],"is_endless":false,"potions_floor_spawned":[3,13,16],"killed_by":"Slavers","ascension_level":20}