{"gold_per_floor":[115,65,140,160,160,195,195,68,118,128,28,28,41,17,17,17],"floor_reached":16,"playtime":266,"items_purged":["Strike_R","Strike_R"],"score":98,"play_id":"d8819115-fc57-4922-be96-14f3a265c5f7","local_time":"20180814151040","is_ascension_mode":false,"campfire_choices":[{"floor":7,"key":"REST"},{"floor":15,"key":"REST"}],"neow_cost":"NONE","seed_source_timestamp":224054300734650,"circlet_count":0,"master_deck":["Defend_R","Defend_R","Defend_R","Bash","Thunderclap","Headbutt","Shrug It Off","Headbutt","Clash"],"relics":["Empty Cage"],"potions_floor_usage":[6],"damage_taken":[{"damage":5,"enemies":"Small Slimes","floor":1,"turns":3},{"damage":6,"enemies":"Jaw Worm","floor":4,"turns":5},{"damage":39,"enemies":"Lagavulin","floor":6,"turns":7},{"damage":0,"enemies":"2 Louse","floor":10,"turns":2},{"damage":2,"enemies":"Looter","floor":13,"turns":3},{"damage":0,"enemies":"Hexaghost","floor":16,"turns":1}],"seed_played":"726900447007666450","potions_obtained":[{"floor":1,"key":"Strength Potion"},{"floor":6,"key":"SteroidPotion"}],"is_trial":false,"path_per_floor":["M","?","?","M","?","E","R","$","T","M","$","T","M","$","R"],"character_chosen":"IRONCLAD","items_purchased":["Headbutt","Clash"],"campfire_rested":2,"item_purchase_floors":[8,14],"current_hp_per_floor":[75,75,64,58,51,12,36,36,36,36,36,36,34,34,58,58],"gold":17,"neow_bonus":"BOSS_RELIC","is_prod":false,"is_daily":false,"chose_seed":false,"campfire_upgraded":0,"win_rate":0,"timestamp":1534273840,"path_taken":["M","?","?","M","?","E","R","$","T","M","$","?","M","?","R","BOSS"],"build_version":"2018-08-09","purchased_purges":2,"victory":false,"max_hp_per_floor":[80,80,80,80,80,80,80,80,80,80,80,80,80,80,80,80],"card_choices":[{"not_picked":["Power Through","Burning Pact"],"picked":"Thunderclap","floor":1},{"not_picked":["Flex","Seeing Red"],"picked":"Headbutt","floor":4},{"not_picked":["Cleave","Perfected Strike"],"picked":"Shrug It Off","floor":6},{"not_picked":["Flex","Twin Strike","Anger"],"picked":"SKIP","floor":10},{"not_picked":["Cleave","Pummel","Carnage"],"picked":"SKIP","floor":13}],"player_experience":505354,"relics_obtained":[],"event_choices":[{"event_name":"The Cleric","player_choice":"Card Removal","floor":2,"damage_taken":0},{"event_name":"World of Goop","player_choice":"Gather Gold","floor":3,"damage_taken":0},{"event_name":"Golden Wing","player_choice":"Card Removal","floor":5,"damage_taken":0}],"is_beta":false,"boss_relics":[],"items_purged_floors":[8,11],"is_endless":false,"potions_floor_spawned":[1,6],"killed_by":"Hexaghost","ascension_level":0}