{"gold_per_floor":[109,124,142,142,142,142,162,162,162,192,208,222,242,258,258,363,363,353,18,29,45,45,45,59,0,0,12,12,63,83,83],"floor_reached":31,"playtime":1983,"items_purged":[],"score":280,"play_id":"fa78d236-209c-42b6-a354-1b1d7e975c35","local_time":"20190711102443","is_ascension_mode":true,"campfire_choices":[{"floor":6,"key":"RECALL"},{"data":"Anger","floor":8,"key":"SMITH"},{"floor":15,"key":"REST"},{"data":"Feed","floor":23,"key":"SMITH"},{"data":"Juggernaut","floor":28,"key":"SMITH"}],"neow_cost":"NONE","seed_source_timestamp":104656270995376,"circlet_count":0,"master_deck":["Strike_R","Strike_R","Strike_R","Strike_R","Strike_R","Defend_R","Defend_R","Defend_R","Defend_R","Bash","Juggernaut","Armaments+1","Heavy Blade","Shockwave","Anger+1","Headbutt","Inflame","Feed+1","Shrug It Off","Juggernaut+1","Iron Wave","Pommel Strike","Enlightenment","Metallicize","Inflame","Cleave","Anger+1"],"relics":["Burning Blood","Torii","Juzu Bracelet","Runic Cube","Tiny Chest","Blood Vial","Red Skull"],"potions_floor_usage":[11,12,16,18,21,24,31,31],"damage_taken":[{"damage":5,"enemies":"Small Slimes","floor":1,"turns":4},{"damage":14,"enemies":"2 Louse","floor":2,"turns":4},{"damage":5,"enemies":"Cultist","floor":3,"turns":4},{"damage":21,"enemies":"Blue Slaver","floor":7,"turns":5},{"damage":30,"enemies":"3 Sentries","floor":10,"turns":10},{"damage":8,"enemies":"Exordium Wildlife","floor":11,"turns":4},{"damage":12,"enemies":"Large Slime","floor":12,"turns":5},{"damage":14,"enemies":"Blue Slaver","floor":13,"turns":3},{"damage":2,"enemies":"Red Slaver","floor":14,"turns":3},{"damage":21,"enemies":"Slime Boss","floor":16,"turns":7},{"damage":10,"enemies":"2 Thieves","floor":18,"turns":4},{"damage":16,"enemies":"3 Byrds","floor":20,"turns":6},{"damage":20,"enemies":"Centurion and Healer","floor":21,"turns":6},{"damage":45,"enemies":"Snake Plant","floor":24,"turns":5},{"damage":1,"enemies":"Snecko","floor":27,"turns":5},{"damage":33,"enemies":"Sentry and Sphere","floor":30,"turns":7},{"damage":39,"enemies":"Centurion and Healer","floor":31,"turns":5}],"seed_played":"8550259544106945889","potions_obtained":[{"floor":3,"key":"FearPotion"},{"floor":10,"key":"Energy Potion"},{"floor":11,"key":"Strength Potion"},{"floor":14,"key":"PowerPotion"},{"floor":16,"key":"SteroidPotion"},{"floor":18,"key":"Fire Potion"},{"floor":21,"key":"GamblersBrew"},{"floor":24,"key":"Poison Potion"},{"floor":30,"key":"AttackPotion"}],"is_trial":false,"path_per_floor":["M","M","M","?","?","R","M","R","T","E","M","M","M","M","R","B",null,"M","$","M","M","?","R","M","?","T","M","R","T","M","M"],"character_chosen":"IRONCLAD","items_purchased":["Tiny Chest","BloodPotion","Pommel Strike","Enlightenment"],"campfire_rested":1,"item_purchase_floors":[19,19,19,19],"current_hp_per_floor":[80,72,73,73,73,73,58,58,58,34,32,26,18,22,46,35,84,83,83,76,62,62,62,45,45,45,56,56,56,35,0],"gold":83,"neow_bonus":"ONE_RANDOM_RARE_CARD","is_prod":false,"is_daily":false,"chose_seed":false,"campfire_upgraded":3,"win_rate":0,"timestamp":1562865883,"path_taken":["M","M","M","?","?","R","M","R","T","E","M","M","M","M","R","BOSS","M","$","M","M","?","R","M","?","T","M","R","?","M","M"],"build_version":"2019-07-05","purchased_purges":0,"victory":false,"max_hp_per_floor":[80,80,80,80,80,80,80,80,80,80,80,80,80,80,80,84,84,87,87,90,90,90,90,90,90,90,94,94,94,98,98],"card_choices":[{"not_picked":["Warcry","Combust"],"picked":"Armaments","floor":1},{"not_picked":["Intimidate","Sword Boomerang"],"picked":"Heavy Blade","floor":2},{"not_picked":["Sword Boomerang","Iron Wave"],"picked":"Shockwave","floor":3},{"not_picked":["Sword Boomerang","Intimidate"],"picked":"Anger","floor":7},{"not_picked":["Intimidate","Second Wind"],"picked":"Headbutt","floor":10},{"not_picked":["Pommel Strike","Iron Wave"],"picked":"Inflame","floor":11},{"not_picked":["Dropkick","Sever Soul","Flex"],"picked":"SKIP","floor":12},{"not_picked":["Rage","Headbutt"],"picked":"Feed","floor":13},{"not_picked":["Fire Breathing","Disarm"],"picked":"Shrug It Off","floor":14},{"not_picked":["Feed","Exhume"],"picked":"Juggernaut","floor":16},{"not_picked":["Warcry","Flex"],"picked":"Iron Wave","floor":18},{"not_picked":["Warcry","Clothesline"],"picked":"Metallicize","floor":20},{"not_picked":["Juggernaut","Clash+1"],"picked":"Inflame","floor":21},{"not_picked":["Dropkick","Clash"],"picked":"Cleave","floor":24},{"not_picked":["Bloodletting","Flex","Carnage"],"picked":"SKIP","floor":27},{"not_picked":["Perfected Strike","Pommel Strike"],"picked":"Anger+1","floor":30}],"player_experience":273369,"relics_obtained":[{"floor":10,"key":"Juzu Bracelet"},{"floor":26,"key":"Blood Vial"},{"floor":29,"key":"Red Skull"}],"event_choices":[{"damage_healed":0,"gold_gain":0,"player_choice":"Grow","damage_taken":0,"max_hp_gain":0,"max_hp_loss":0,"event_name":"Living Wall","floor":4,"gold_loss":0,"cards_upgraded":["Armaments"]},{"damage_healed":0,"gold_gain":0,"player_choice":"Gave Potion","damage_taken":0,"relics_obtained":["Torii"],"max_hp_gain":0,"max_hp_loss":0,"event_name":"WeMeetAgain","floor":5,"gold_loss":0},{"damage_healed":0,"gold_gain":0,"player_choice":"Ignored","damage_taken":0,"max_hp_gain":0,"max_hp_loss":0,"event_name":"Ghosts","floor":22,"gold_loss":0},{"damage_healed":0,"gold_gain":0,"player_choice":"Paid Fearfully","damage_taken":0,"max_hp_gain":0,"max_hp_loss":0,"event_name":"Masked Bandits","floor":25,"gold_loss":59}],"is_beta":false,"boss_relics":[{"not_picked":["Sozu","Snecko Eye"],"picked":"Runic Cube"}],"items_purged_floors":[],"is_endless":false,"potions_floor_spawned":[3,10,11,14,16,18,21,24,30],"killed_by":"Centurion and Healer","ascension_level":1}