{"gold_per_floor":[119,34,34,84,98,98,127,127,127,4,15,15,15,15,15,92,92,102,27,27,38,57,57,73,73,73,102,102,113,32,32,32,109,109,119,44,63,0,0,0,17,17,17,17,32,32,63,63,63,63],"floor_reached":51,"playtime":2178,"items_purged":["Shame"],"score":1631,"play_id":"1991c1f7-5ce3-4e1e-bbc7-44db1eaa31a4","local_time":"20181020133356","is_ascension_mode":true,"campfire_choices":[{"data":"Zap","floor":6.0,"key":"SMITH"},{"data":"Loop","floor":8.0,"key":"SMITH"},{"data":"Coolheaded","floor":12.0,"key":"SMITH"},{"data":"Loop","floor":15.0,"key":"SMITH"},{"data":"Creative AI","floor":23.0,"key":"SMITH"},{"data":"Buffer","floor":25.0,"key":"SMITH"},{"data":"Go for the Eyes","floor":32.0,"key":"SMITH"},{"data":"Dualcast","floor":40,"key":"SMITH"},{"data":"Turbo","floor":42,"key":"SMITH"},{"data":"Rainbow","floor":46,"key":"SMITH"},{"data":"Defragment","floor":49,"key":"SMITH"}],"neow_cost":"NONE","seed_source_timestamp":147557391903573,"circlet_count":0,"master_deck":["Defend_B","Defend_B","Defend_B+1","Defend_B+1","Zap+1","Dualcast+1","AscendersBane","FTL","Compile Driver","Loop+1","Coolheaded+1","Cold Snap","Flash of Steel","Loop+1","Rainbow+1","Creative AI+1","Compile Driver","Buffer+1","Defragment+1","Turbo+1","Go for the Eyes+1","Cold Snap","All For One","Ghostly","Ghostly","Ghostly","Ghostly","Ghostly","Amplify","Reinforced Body+1","Stack+1","Defragment+1"],"special_seed":0,"relics":["Cracked Core","DataDisk","Pear","Bottled Lightning","Empty Cage","Boot","Bottled Tornado","Unceasing Top","Letter Opener","Coffee Dripper","Red Mask","Mercury Hourglass","Dodecahedron","Smiling Mask"],"potions_floor_usage":[50,50],"damage_taken":[{"damage":5.0,"enemies":"Small Slimes","floor":1.0,"turns":3.0},{"damage":0.0,"enemies":"Cultist","floor":5.0,"turns":3.0},{"damage":16.0,"enemies":"Lagavulin","floor":7.0,"turns":6.0},{"damage":1.0,"enemies":"Jaw Worm","floor":11.0,"turns":2.0},{"damage":0.0,"enemies":"Hexaghost","floor":16.0,"turns":7.0},{"damage":1.0,"enemies":"Shell Parasite","floor":18.0,"turns":8.0},{"damage":0.0,"enemies":"Chosen","floor":21.0,"turns":4.0},{"damage":12.0,"enemies":"3 Cultists","floor":22.0,"turns":5.0},{"damage":15.0,"enemies":"Centurion and Healer","floor":24.0,"turns":6.0},{"damage":7.0,"enemies":"Book of Stabbing","floor":27.0,"turns":7.0},{"damage":1.0,"enemies":"Cultist and Chosen","floor":29.0,"turns":6.0},{"damage":0.0,"enemies":"Collector","floor":33.0,"turns":11.0},{"damage":11.0,"enemies":"3 Shapes","floor":35.0,"turns":8.0},{"damage":0,"enemies":"Orb Walker","floor":37,"turns":5},{"damage":0,"enemies":"Spire Growth","floor":41,"turns":5},{"damage":0,"enemies":"4 Shapes","floor":45,"turns":7},{"damage":0,"enemies":"Nemesis","floor":47,"turns":9},{"damage":0,"enemies":"Awakened One","floor":50,"turns":14}],"seed_played":"3963243227611569573","potions_obtained":[{"floor":5.0,"key":"SkillPotion"},{"floor":7.0,"key":"Explosive Potion"},{"floor":22.0,"key":"GamblersBrew"},{"floor":24.0,"key":"FocusPotion"},{"floor":27.0,"key":"Strength Potion"},{"floor":45,"key":"FocusPotion"},{"floor":48,"key":"Ancient Potion"},{"floor":48,"key":"Explosive Potion"}],"is_trial":false,"path_per_floor":["M","$","?","?","M","R","E","R","T","$","M","R","?","$","R","B",null,"M","?","?","M","M","R","M","R","T","E","T","M","$","?","R","B",null,"M","$","M","?","T","R","M","R","T","$","M","R","E","?","R","B"],"character_chosen":"DEFECT","items_purchased":["Compile Driver","Loop","Flash of Steel","Loop","All For One"],"campfire_rested":0,"item_purchase_floors":[2,2,10,10,30],"current_hp_per_floor":[59,59,38,38,38,38,32,32,32,32,31,31,24,24,24,24,67,66,66,66,66,54,54,39,39,39,32,32,31,31,31,31,31,38,27,27,27,27,27,27,27,27,27,27,27,27,27,27,27,27],"gold":63,"neow_bonus":"RANDOM_COMMON_RELIC","is_prod":false,"is_daily":false,"chose_seed":false,"campfire_upgraded":11,"win_rate":0,"timestamp":1540056836,"path_taken":["M","$","?","?","?","R","E","R","T","$","?","R","?","?","R","BOSS","M","?","?","M","M","R","?","R","T","E","?","M","$","?","R","BOSS","M","$","M","?","?","R","M","R","T","$","M","R","E","?","R","BOSS"],"build_version":"2018-10-18","purchased_purges":1,"victory":true,"max_hp_per_floor":[71,71,71,71,71,71,81,81,81,81,81,81,81,81,81,81,81,81,81,81,81,81,81,81,81,81,81,81,81,81,40,40,40,40,40,40,40,40,40,40,40,40,40,40,40,40,40,40,40,40],"card_choices":[{"not_picked":["Leap","Redo"],"picked":"FTL","floor":1.0},{"not_picked":["Leap","Chaos"],"picked":"Coolheaded","floor":5.0},{"not_picked":["Aggregate","Steam"],"picked":"Cold Snap","floor":7.0},{"not_picked":["Steam","Reinforced Body"],"picked":"Rainbow","floor":11.0},{"not_picked":["Seek","Rainbow"],"picked":"Creative AI","floor":16.0},{"not_picked":["Barrage","Steam"],"picked":"Compile Driver","floor":18.0},{"not_picked":["Turbo","Stack"],"picked":"Buffer","floor":21.0},{"not_picked":["Go for the Eyes","White Noise"],"picked":"Defragment+1","floor":22.0},{"not_picked":["Stack","Gash"],"picked":"Turbo","floor":24.0},{"not_picked":["Chill","Hello World"],"picked":"Go for the Eyes","floor":27.0},{"not_picked":["Stack","Skim"],"picked":"Cold Snap","floor":29.0},{"not_picked":["Thunder Strike","Hyperbeam"],"picked":"Amplify","floor":33.0},{"not_picked":["Loop","Barrage","Leap"],"picked":"SKIP","floor":35},{"not_picked":["Go for the Eyes","Beam Cell","Aggregate"],"picked":"SKIP","floor":37},{"not_picked":["Capacitor","Loop"],"picked":"Reinforced Body+1","floor":41},{"not_picked":["Barrage","Redo"],"picked":"Stack+1","floor":45},{"not_picked":["Consume","Streamline"],"picked":"Defragment","floor":47}],"player_experience":942973,"relics_obtained":[{"floor":7.0,"key":"Pear"},{"floor":9.0,"key":"Bottled Lightning"},{"floor":26.0,"key":"Bottled Tornado"},{"floor":27.0,"key":"Unceasing Top"},{"floor":28.0,"key":"Letter Opener"},{"floor":39,"key":"Mercury Hourglass"},{"floor":43,"key":"Dodecahedron"},{"floor":47,"key":"Smiling Mask"}],"event_choices":[{"damage_healed":0.0,"max_hp_gain":0.0,"max_hp_loss":0.0,"gold_gain":0.0,"event_name":"Shining Light","player_choice":"Entered Light","floor":3.0,"gold_loss":0.0,"damage_taken":21.0,"cards_upgraded":["Defend_B","Defend_B"]},{"damage_healed":0.0,"max_hp_gain":0.0,"max_hp_loss":0.0,"gold_gain":100.0,"event_name":"Golden Shrine","player_choice":"Pray","floor":4.0,"gold_loss":0.0,"damage_taken":0.0},{"cards_removed":["Strike_B"],"damage_healed":0.0,"max_hp_gain":0.0,"max_hp_loss":0.0,"gold_gain":0.0,"event_name":"Golden Wing","player_choice":"Card Removal","floor":13.0,"gold_loss":0.0,"damage_taken":7.0},{"cards_removed":["Strike_B"],"damage_healed":0.0,"max_hp_gain":0.0,"max_hp_loss":0.0,"gold_gain":0.0,"event_name":"Beggar","player_choice":"Gave Gold","floor":19.0,"gold_loss":75.0,"damage_taken":0.0},{"damage_healed":0.0,"max_hp_gain":0.0,"max_hp_loss":0.0,"gold_gain":0.0,"event_name":"Addict","player_choice":"Stole Relic","floor":20.0,"gold_loss":0.0,"damage_taken":0.0,"relics_obtained":["Boot"],"cards_obtained":["Shame"]},{"damage_healed":0.0,"max_hp_gain":0.0,"max_hp_loss":41.0,"gold_gain":0.0,"event_name":"Ghosts","player_choice":"Became a Ghost","floor":31.0,"gold_loss":0.0,"damage_taken":0.0,"cards_obtained":["Ghostly","Ghostly","Ghostly","Ghostly","Ghostly"]},{"damage_healed":0,"gold_gain":0,"player_choice":"Paid","damage_taken":0,"relics_obtained":["Red Mask"],"max_hp_gain":0,"max_hp_loss":0,"event_name":"Tomb of Lord Red Mask","floor":38,"gold_loss":63},{"damage_healed":0,"gold_gain":0,"player_choice":"Got Potions","damage_taken":0,"max_hp_gain":0,"max_hp_loss":0,"event_name":"The Lab","floor":48,"gold_loss":0}],"is_beta":false,"boss_relics":[{"not_picked":["Calling Bell","Snecko Eye"],"picked":"Empty Cage"},{"not_picked":["Fusion Hammer","Black Star"],"picked":"Coffee Dripper"}],"items_purged_floors":[36],"is_endless":false,"potions_floor_spawned":[5,7,22,24,27,35,45,47],"ascension_level":15}