{"gold_per_floor":[113,123,142,142,153,153,182,182,182,198,232,232,252,287,287,362,362,379,394,405,83,83],"floor_reached":22,"playtime":1205,"items_purged":["Strike_R"],"score":416,"play_id":"cfee8eab-3251-4558-b722-03d841ce55cf","local_time":"20190201161958","is_ascension_mode":true,"campfire_choices":[{"data":"Rampage","floor":6,"key":"SMITH"},{"data":"Armaments","floor":8,"key":"SMITH"},{"data":"Uppercut","floor":12,"key":"SMITH"},{"data":"Inflame","floor":15,"key":"SMITH"}],"neow_cost":"NONE","seed_source_timestamp":174672143582379,"circlet_count":0,"master_deck":["AscendersBane","Strike_R","Strike_R","Strike_R","Defend_R","Defend_R","Defend_R","Defend_R","Bash+1","Battle Trance","Rampage+1","Shrug It Off","Armaments+1","Offering","Uppercut+1","Anger","Inflame+1","Demon Form","Uppercut","Shrug It Off","Cleave"],"relics":["Burning Blood","Omamori","Pantograph","The Courier","Paper Frog","Sozu","Happy Flower","Blood Vial"],"potions_floor_usage":[16,22],"damage_taken":[{"damage":9,"enemies":"Jaw Worm","floor":1,"turns":4},{"damage":2,"enemies":"Cultist","floor":2,"turns":4},{"damage":4,"enemies":"Small Slimes","floor":3,"turns":3},{"damage":3,"enemies":"Exordium Wildlife","floor":5,"turns":3},{"damage":29,"enemies":"3 Sentries","floor":7,"turns":10},{"damage":1,"enemies":"Looter","floor":10,"turns":4},{"damage":12,"enemies":"Lagavulin","floor":11,"turns":6},{"damage":6,"enemies":"3 Louse","floor":13,"turns":3},{"damage":22,"enemies":"3 Sentries","floor":14,"turns":10},{"damage":8,"enemies":"The Guardian","floor":16,"turns":9},{"damage":16,"enemies":"Shell Parasite","floor":18,"turns":6},{"damage":33,"enemies":"3 Byrds","floor":19,"turns":5},{"damage":12,"enemies":"Centurion and Healer","floor":20,"turns":5},{"damage":31,"enemies":"Shelled Parasite and Fungi","floor":22,"turns":2}],"seed_played":"9084811628791547889","potions_obtained":[{"floor":1,"key":"GamblersBrew"},{"floor":5,"key":"PowerPotion"},{"floor":7,"key":"SteroidPotion"},{"floor":16,"key":"Ancient Potion"}],"is_trial":false,"path_per_floor":["M","M","M","?","M","R","E","R","T","M","E","R","M","E","R","B",null,"M","M","M","$","M"],"character_chosen":"IRONCLAD","items_purchased":["Happy Flower","Blood Vial"],"campfire_rested":0,"item_purchase_floors":[21,21],"current_hp_per_floor":[65,69,71,71,74,74,51,51,51,56,50,50,50,34,34,57,71,61,34,28,28,0],"gold":83,"neow_bonus":"UPGRADE_CARD","is_prod":false,"is_daily":false,"chose_seed":false,"campfire_upgraded":4,"win_rate":0,"timestamp":1549055998,"path_taken":["M","M","M","?","?","R","E","R","T","M","E","R","M","E","R","BOSS","M","M","M","$","M"],"build_version":"2019-01-23","purchased_purges":1,"victory":false,"max_hp_per_floor":[75,75,75,75,75,75,75,75,75,75,75,75,75,75,75,75,75,75,75,75,75,75],"card_choices":[{"not_picked":["Rampage","Havoc"],"picked":"Battle Trance","floor":1},{"not_picked":["Flex","Burning Pact"],"picked":"Rampage","floor":2},{"not_picked":["Heavy Blade","Infernal Blade","Clash"],"picked":"SKIP","floor":3},{"not_picked":["Heavy Blade","Clash"],"picked":"Shrug It Off","floor":5},{"not_picked":["Perfected Strike","Warcry"],"picked":"Armaments","floor":7},{"not_picked":["Sentinel","Battle Trance"],"picked":"Offering","floor":10},{"not_picked":["Evolve","Wild Strike"],"picked":"Uppercut","floor":11},{"not_picked":["Rage","Warcry"],"picked":"Anger","floor":13},{"not_picked":["Spot Weakness","Pummel"],"picked":"Inflame","floor":14},{"not_picked":["Impervious","Bludgeon"],"picked":"Demon Form","floor":16},{"not_picked":["Cleave","Sentinel"],"picked":"Uppercut","floor":18},{"not_picked":["Intimidate","Flex+1"],"picked":"Shrug It Off","floor":19},{"not_picked":["Reckless Charge","Ghostly Armor","Cleave"],"picked":"SKIP","floor":20},{"not_picked":["Reckless Charge","Ghostly Armor"],"picked":"Cleave","floor":20}],"player_experience":1356998,"relics_obtained":[{"floor":7,"key":"Omamori"},{"floor":9,"key":"Pantograph"},{"floor":11,"key":"The Courier"},{"floor":14,"key":"Paper Frog"}],"event_choices":[{"cards_removed":["Strike_R"],"damage_healed":0,"gold_gain":0,"player_choice":"Offered Basic","damage_taken":0,"max_hp_gain":0,"max_hp_loss":0,"event_name":"Bonfire Elementals","floor":4,"gold_loss":0}],"is_beta":false,"boss_relics":[{"not_picked":["Lizard Tail","Tiny House"],"picked":"Sozu"}],"items_purged_floors":[21],"is_endless":false,"potions_floor_spawned":[1,5,7,10,16,18],"killed_by":"Shelled Parasite and Fungi","ascension_level":20}