{"gold_per_floor":[111,126,47,47,47,77,87,87,111,111,125,151,170,150,150,229,229,149,149,166,8,8,8,20,53,53,78,28,28,28,38,38,113,113,125,125,145,160,174,174,199,199,224,252,270,30,46,59,59,59,59],"floor_reached":52,"playtime":3144,"items_purged":[],"score":2045,"play_id":"bce3d071-e84e-4628-b463-5c22ba5d1f28","local_time":"20181023174116","is_ascension_mode":true,"campfire_choices":[{"data":"Noxious Fumes","floor":8,"key":"SMITH"},{"data":"Neutralize","floor":10,"key":"SMITH"},{"data":"Leg Sweep","floor":15,"key":"SMITH"},{"data":"After Image","floor":23,"key":"SMITH"},{"data":"Dash","floor":30,"key":"SMITH"},{"data":"Footwork","floor":32,"key":"SMITH"},{"data":"Crippling Poison","floor":40,"key":"SMITH"},{"data":"Dash","floor":42,"key":"SMITH"},{"data":"Catalyst","floor":49,"key":"SMITH"}],"neow_cost":"NONE","seed_source_timestamp":420667630964240,"circlet_count":0,"master_deck":["Defend_G","Defend_G","Defend_G","Defend_G","Defend_G","Survivor","Neutralize+1","AscendersBane","PiercingWail","Leg Sweep+1","Noxious Fumes+1","Poisoned Stab","Dash+1","Backstab","Die Die Die","PiercingWail","After Image+1","Dash+1","Bite","Bite","Bite","Bite","After Image+1","Dagger Throw+1","Footwork+1","Bullet Time","Acrobatics","Crippling Poison+1","Noxious Fumes","Cloak And Dagger+1","Envenom","Choke+1","Bouncing Flask","Footwork","Noxious Fumes","Well Laid Plans","Footwork","Catalyst+1","Predator"],"relics":["Ring of the Snake","NeowsBlessing","Pen Nib","Mummified Hand","Regal Pillow","Omamori","Snecko Eye","Potion Belt","Snake Skull","The Courier","Sundial","Dream Catcher","Coffee Dripper","Incense Burner","Happy Flower","Bottled Lightning"],"potions_floor_usage":[27,27,27,33,41,50,50],"damage_taken":[{"damage":0,"enemies":"Cultist","floor":1,"turns":1},{"damage":0,"enemies":"Jaw Worm","floor":2,"turns":1},{"damage":0,"enemies":"3 Sentries","floor":6,"turns":1},{"damage":2,"enemies":"Small Slimes","floor":7,"turns":5},{"damage":0,"enemies":"Red Slaver","floor":11,"turns":5},{"damage":6,"enemies":"Lagavulin","floor":12,"turns":7},{"damage":0,"enemies":"Exordium Wildlife","floor":13,"turns":3},{"damage":7,"enemies":"The Guardian","floor":16,"turns":12},{"damage":1,"enemies":"2 Thieves","floor":18,"turns":4},{"damage":1,"enemies":"3 Byrds","floor":20,"turns":4},{"damage":9,"enemies":"Centurion and Healer","floor":24,"turns":10},{"damage":23,"enemies":"Gremlin Leader","floor":25,"turns":8},{"damage":8,"enemies":"Book of Stabbing","floor":27,"turns":6},{"damage":10,"enemies":"Chosen and Byrds","floor":31,"turns":7},{"damage":48,"enemies":"Champ","floor":33,"turns":16},{"damage":0,"enemies":"Orb Walker","floor":35,"turns":3},{"damage":0,"enemies":"3 Shapes","floor":37,"turns":5},{"damage":0,"enemies":"Maw","floor":38,"turns":8},{"damage":3,"enemies":"Writhing Mass","floor":39,"turns":8},{"damage":49,"enemies":"Reptomancer","floor":41,"turns":7},{"damage":0,"enemies":"Giant Head","floor":44,"turns":8},{"damage":0,"enemies":"4 Shapes","floor":45,"turns":5},{"damage":18,"enemies":"Maw","floor":47,"turns":7},{"damage":0,"enemies":"Jaw Worm Horde","floor":48,"turns":4},{"damage":32,"enemies":"Time Eater","floor":50,"turns":7},{"damage":23,"enemies":"Donu and Deca","floor":51,"turns":8}],"seed_played":"7384518528499520255","potions_obtained":[{"floor":2,"key":"AttackPotion"},{"floor":6,"key":"SteroidPotion"},{"floor":11,"key":"GhostInAJar"},{"floor":14,"key":"Block Potion"},{"floor":16,"key":"EssenceOfSteel"},{"floor":25,"key":"LiquidBronze"},{"floor":31,"key":"Weak Potion"},{"floor":35,"key":"EssenceOfSteel"},{"floor":37,"key":"Regen Potion"},{"floor":45,"key":"Regen Potion"}],"is_trial":false,"path_per_floor":["M","M","$","?","T","E","M","R","T","R","M","E","M","?","R","B",null,"M","?","M","$","?","R","M","E","T","E","?","?","R","M","R","B",null,"M","?","M","M","M","R","E","R","T","E","M","$","M","M","R","B","B"],"character_chosen":"THE_SILENT","items_purchased":["Noxious Fumes","Potion Belt","Footwork","Noxious Fumes","Well Laid Plans","Footwork"],"campfire_rested":0,"item_purchase_floors":[3,21,46,46,46,46],"current_hp_per_floor":[59,59,59,59,59,59,57,57,57,57,57,51,51,51,51,44,61,60,46,46,46,46,46,46,35,35,39,39,28,28,28,28,16,42,48,48,51,51,51,51,24,24,24,42,50,50,39,47,47,39,26],"gold":59,"neow_bonus":"THREE_ENEMY_KILL","is_prod":false,"is_daily":false,"chose_seed":false,"campfire_upgraded":9,"win_rate":0,"timestamp":1540330876,"path_taken":["M","?","$","?","?","E","M","R","T","R","M","E","?","?","R","BOSS","M","?","?","$","?","R","M","E","T","E","?","?","R","M","R","BOSS","M","?","M","M","M","R","E","R","T","E","M","$","M","M","R","BOSS","BOSS"],"build_version":"2018-10-18","purchased_purges":0,"victory":true,"max_hp_per_floor":[66,66,66,66,66,66,66,66,66,66,66,66,66,66,66,66,66,66,46,46,46,46,46,46,46,46,46,46,51,51,51,51,51,51,51,51,51,51,51,51,51,51,51,51,51,51,51,51,51,51,51],"card_choices":[{"not_picked":["Blade Dance","Catalyst"],"picked":"PiercingWail","floor":1},{"not_picked":["Acrobatics","Infinite Blades"],"picked":"Leg Sweep","floor":2},{"not_picked":["Dagger Spray","Outmaneuver"],"picked":"Poisoned Stab","floor":6},{"not_picked":["Storm of Steel","Deadly Poison"],"picked":"Dash","floor":7},{"not_picked":["Blade Dance","Cloak And Dagger"],"picked":"Backstab","floor":11},{"not_picked":["Quick Slash","Prepared"],"picked":"Die Die Die","floor":12},{"not_picked":["Concentrate","Eviscerate"],"picked":"PiercingWail","floor":13},{"not_picked":["Phantasmal Killer","A Thousand Cuts"],"picked":"After Image","floor":16},{"not_picked":["Flying Knee","Escape Plan"],"picked":"Dash","floor":18},{"not_picked":["Setup","Finisher","All Out Attack"],"picked":"SKIP","floor":20},{"not_picked":["Deadly Poison","Expertise","Prepared"],"picked":"SKIP","floor":24},{"not_picked":["Deadly Poison","Expertise","Prepared"],"picked":"SKIP","floor":24},{"not_picked":["Backstab","Dash+1"],"picked":"After Image","floor":25},{"not_picked":["Blade Dance","Accuracy"],"picked":"Dagger Throw+1","floor":27},{"not_picked":["Deadly Poison","Infinite Blades"],"picked":"Footwork","floor":31},{"not_picked":["Glass Knife","After Image"],"picked":"Bullet Time","floor":33},{"not_picked":["Bane","Underhanded Strike"],"picked":"Acrobatics","floor":35},{"not_picked":["Poisoned Stab","Quick Slash"],"picked":"Crippling Poison","floor":37},{"not_picked":["Quick Slash","Blade Dance+1"],"picked":"Noxious Fumes","floor":38},{"not_picked":["PiercingWail","Acrobatics"],"picked":"Cloak And Dagger+1","floor":39},{"not_picked":["Poisoned Stab","Dodge and Roll"],"picked":"Envenom","floor":41},{"not_picked":["Cloak And Dagger","Sucker Punch"],"picked":"Choke+1","floor":44},{"not_picked":["Dagger Throw","Sucker Punch"],"picked":"Bouncing Flask","floor":45},{"not_picked":["Concentrate+1","Distraction"],"picked":"Catalyst","floor":47},{"not_picked":["Sucker Punch","Finisher"],"picked":"Predator","floor":48}],"player_experience":956222,"relics_obtained":[{"floor":5,"key":"Pen Nib"},{"floor":6,"key":"Mummified Hand"},{"floor":9,"key":"Regal Pillow"},{"floor":12,"key":"Omamori"},{"floor":25,"key":"The Courier"},{"floor":26,"key":"Sundial"},{"floor":27,"key":"Dream Catcher"},{"floor":41,"key":"Incense Burner"},{"floor":43,"key":"Happy Flower"},{"floor":44,"key":"Bottled Lightning"}],"event_choices":[{"damage_healed":0,"gold_gain":0,"player_choice":"Ignored","damage_taken":0,"max_hp_gain":0,"max_hp_loss":0,"event_name":"Liars Game","floor":4,"gold_loss":0},{"damage_healed":0,"gold_gain":0,"player_choice":"Bought 1 Potion","damage_taken":0,"max_hp_gain":0,"max_hp_loss":0,"event_name":"The Woman in Blue","floor":14,"gold_loss":0},{"damage_healed":0,"gold_gain":0,"player_choice":"Became a vampire","damage_taken":0,"max_hp_gain":0,"max_hp_loss":20,"event_name":"Vampires","floor":19,"gold_loss":0,"cards_obtained":["Bite","Bite","Bite","Bite","Bite"]},{"damage_healed":0,"gold_gain":0,"player_choice":"Stole Relic","damage_taken":0,"relics_obtained":["Snake Skull"],"max_hp_gain":0,"max_hp_loss":0,"event_name":"Addict","floor":22,"gold_loss":0,"cards_obtained":["Shame"]},{"damage_healed":0,"gold_gain":0,"player_choice":"Upgrade","damage_taken":0,"max_hp_gain":0,"max_hp_loss":0,"event_name":"Designer","floor":28,"gold_loss":50,"cards_upgraded":["After Image"]},{"damage_healed":0,"gold_gain":0,"player_choice":"Shed Blood","damage_taken":16,"max_hp_gain":5,"max_hp_loss":0,"event_name":"Forgotten Altar","floor":29,"gold_loss":0},{"cards_removed":["Bite"],"damage_healed":0,"gold_gain":0,"player_choice":"Removed Attack","damage_taken":0,"max_hp_gain":0,"max_hp_loss":0,"event_name":"Falling","floor":36,"gold_loss":0}],"is_beta":false,"boss_relics":[{"not_picked":["Eternal Feather","HoveringKite"],"picked":"Snecko Eye"},{"not_picked":["Runic Pyramid","Sozu"],"picked":"Coffee Dripper"}],"items_purged_floors":[],"is_endless":false,"potions_floor_spawned":[2,6,11,16,20,25,31,35,37,45],"ascension_level":20}