{"gold_per_floor":[113,129,51,51,61,61,61,61,61,61,93,93,114,134,134,227,227,197,220,244,244,244,244,277,290,344,387,387,407,407,407,407,503,503,518,518],"floor_reached":36,"playtime":2213,"items_purged":[],"score":746,"play_id":"a5c6b9e2-c803-494c-8ef7-9af27ea02cb6","local_time":"20190713105415","is_ascension_mode":true,"campfire_choices":[{"data":"Adrenaline","floor":6,"key":"SMITH"},{"data":"Neutralize","floor":8,"key":"SMITH"},{"data":"Deflect","floor":10,"key":"SMITH"},{"data":"Burst","floor":15,"key":"SMITH"},{"floor":23,"key":"REST"},{"floor":28,"key":"REST"},{"data":"Footwork","floor":30,"key":"SMITH"},{"data":"Footwork","floor":32,"key":"SMITH"}],"neow_cost":"NONE","seed_source_timestamp":68852919300440,"circlet_count":0,"master_deck":["AscendersBane","Strike_G","Strike_G","Strike_G","Strike_G","Defend_G","Defend_G","Defend_G","Defend_G","Defend_G","Survivor","Neutralize+1","Unload","Deflect+1","Dash","Adrenaline+1","Burst+1","Footwork+1","Footwork+1","Grand Finale","Cloak And Dagger+1","RitualDagger","Well Laid Plans","Deadly Poison+1","After Image"],"relics":["Ring of the Snake","Kunai","Lantern","Golden Idol","Eternal Feather","Snake Skull","Tiny Chest","Pen Nib","Fusion Hammer"],"potions_floor_usage":[16,16,20,24,27,27,29],"damage_taken":[{"damage":2,"enemies":"Jaw Worm","floor":1,"turns":4},{"damage":2,"enemies":"2 Louse","floor":2,"turns":3},{"damage":0,"enemies":"Cultist","floor":5,"turns":4},{"damage":12,"enemies":"Gremlin Nob","floor":11,"turns":5},{"damage":0,"enemies":"2 Fungi Beasts","floor":13,"turns":4},{"damage":0,"enemies":"Looter","floor":14,"turns":4},{"damage":13,"enemies":"Slime Boss","floor":16,"turns":24},{"damage":5,"enemies":"2 Thieves","floor":18,"turns":5},{"damage":1,"enemies":"Spheric Guardian","floor":19,"turns":9},{"damage":17,"enemies":"Snake Plant","floor":20,"turns":11},{"damage":30,"enemies":"Slavers","floor":24,"turns":8},{"damage":20,"enemies":"Cultist and Chosen","floor":25,"turns":12},{"damage":0,"enemies":"Book of Stabbing","floor":27,"turns":7},{"damage":7,"enemies":"Centurion and Healer","floor":29,"turns":9},{"damage":22,"enemies":"Collector","floor":33,"turns":11},{"damage":27,"enemies":"Orb Walker","floor":35,"turns":5},{"damage":42,"enemies":"3 Darklings","floor":36,"turns":2}],"seed_played":"2015888537376362125","potions_obtained":[{"floor":2,"key":"SkillPotion"},{"floor":5,"key":"SpeedPotion"},{"floor":16,"key":"Dexterity Potion"},{"floor":19,"key":"SkillPotion"},{"floor":22,"key":"EssenceOfSteel"},{"floor":24,"key":"Weak Potion"},{"floor":25,"key":"GamblersBrew"},{"floor":29,"key":"Fruit Juice"},{"floor":33,"key":"Poison Potion"},{"floor":35,"key":"SpeedPotion"}],"is_trial":false,"path_per_floor":["M","M","$","?","M","R","$","R","T","R","E","?","M","M","R","B",null,"M","M","M","?","?","R","E","M","T","E","R","M","R","?","R","B",null,"M","M"],"character_chosen":"THE_SILENT","items_purchased":["Adrenaline"],"campfire_rested":2,"item_purchase_floors":[3],"current_hp_per_floor":[61,59,59,52,52,52,52,52,52,52,40,40,40,40,40,27,56,51,50,33,27,27,58,28,8,8,8,39,37,49,49,61,39,62,35,0],"gold":518,"neow_bonus":"ONE_RANDOM_RARE_CARD","is_prod":false,"is_daily":false,"chose_seed":false,"campfire_upgraded":6,"win_rate":0,"timestamp":1563029655,"path_taken":["M","M","$","?","M","R","$","R","T","R","E","?","M","M","R","BOSS","M","M","M","?","?","R","E","?","T","E","R","M","R","?","R","BOSS","M","M"],"build_version":"2019-07-05","purchased_purges":0,"victory":false,"max_hp_per_floor":[70,70,70,70,70,70,70,70,70,70,70,65,65,65,65,65,65,65,65,65,65,65,65,65,65,65,65,65,70,70,70,70,70,70,70,70],"card_choices":[{"not_picked":["Prepared","Dodge and Roll"],"picked":"Deflect","floor":1},{"not_picked":["Dagger Spray","Skewer"],"picked":"Dash","floor":2},{"not_picked":["Bane","Dagger Throw","PiercingWail"],"picked":"SKIP","floor":5},{"not_picked":["Bouncing Flask","Eviscerate"],"picked":"Burst","floor":11},{"not_picked":["Noxious Fumes","Cloak And Dagger"],"picked":"Footwork","floor":13},{"not_picked":["Caltrops","Dodge and Roll"],"picked":"Footwork","floor":14},{"not_picked":["Envenom","Unload"],"picked":"Grand Finale","floor":16},{"not_picked":["Predator","Flying Knee"],"picked":"Cloak And Dagger+1","floor":18},{"not_picked":["Catalyst","Bouncing Flask","Bane"],"picked":"SKIP","floor":19},{"not_picked":["Finisher","Poisoned Stab","A Thousand Cuts"],"picked":"SKIP","floor":20},{"not_picked":["Underhanded Strike","Caltrops"],"picked":"Well Laid Plans","floor":24},{"not_picked":["Flechettes","Deflect"],"picked":"Deadly Poison+1","floor":25},{"not_picked":["PiercingWail","Envenom","Well Laid Plans"],"picked":"SKIP","floor":27},{"not_picked":["Underhanded Strike+1","Acrobatics","Slice"],"picked":"SKIP","floor":29},{"not_picked":["Bullet Time","Night Terror"],"picked":"After Image","floor":33},{"not_picked":["Deadly Poison","Dodge and Roll","Dagger Spray"],"picked":"SKIP","floor":35}],"player_experience":506845,"relics_obtained":[{"floor":9,"key":"Kunai"},{"floor":11,"key":"Lantern"},{"floor":24,"key":"Snake Skull"},{"floor":26,"key":"Tiny Chest"},{"floor":27,"key":"Pen Nib"}],"event_choices":[{"cards_removed":["Strike_G"],"damage_healed":0,"gold_gain":0,"player_choice":"Card Removal","damage_taken":7,"max_hp_gain":0,"max_hp_loss":0,"event_name":"Golden Wing","floor":4,"gold_loss":0},{"damage_healed":0,"gold_gain":0,"player_choice":"Lose Max HP","damage_taken":0,"relics_obtained":["Golden Idol"],"max_hp_gain":0,"max_hp_loss":5,"event_name":"Golden Idol","floor":12,"gold_loss":0},{"damage_healed":0,"gold_gain":0,"player_choice":"Joined the Cult","damage_taken":6,"max_hp_gain":0,"max_hp_loss":0,"event_name":"Nest","floor":21,"gold_loss":0,"cards_obtained":["RitualDagger"]},{"damage_healed":0,"gold_gain":0,"player_choice":"Got Potions","damage_taken":0,"max_hp_gain":0,"max_hp_loss":0,"event_name":"Lab","floor":22,"gold_loss":0},{"damage_healed":0,"gold_gain":0,"player_choice":"Ignored","damage_taken":0,"max_hp_gain":0,"max_hp_loss":0,"event_name":"Ghosts","floor":31,"gold_loss":0}],"is_beta":false,"boss_relics":[{"not_picked":["Calling Bell","Snecko Eye"],"picked":"Eternal Feather"},{"not_picked":["Runic Pyramid","Black Star"],"picked":"Fusion Hammer"}],"items_purged_floors":[],"is_endless":false,"potions_floor_spawned":[2,5,16,19,24,25,29,33,35],"killed_by":"3 Darklings","ascension_level":13}