{"gold_per_floor":[214,224,121,196,206,206,234,234,234,199,37,37,105,30,30,30],"floor_reached":16,"playtime":418,"items_purged":["Strike_R"],"score":192,"play_id":"2455eeaa-b7d7-4d09-966b-fec3a384cd55","local_time":"20181119141852","is_ascension_mode":true,"campfire_choices":[{"data":"Bash","floor":6.0,"key":"SMITH"},{"data":"Rupture","floor":12.0,"key":"SMITH"},{"data":"Perfected Strike","floor":15.0,"key":"SMITH"}],"neow_cost":"NONE","seed_source_timestamp":440601108380815,"circlet_count":0,"master_deck":["AscendersBane","Strike_R","Strike_R","Strike_R","Strike_R","Defend_R","Defend_R","Defend_R","Defend_R","Bash+1","Rupture+1","Twin Strike","Shrug It Off","Twin Strike","Perfected Strike+1","Fiend Fire","Spot Weakness"],"special_seed":0,"relics":["Burning Blood","Prayer Wheel","Mummified Hand"],"potions_floor_usage":[],"damage_taken":[{"damage":11.0,"enemies":"Jaw Worm","floor":1.0,"turns":6.0},{"damage":4.0,"enemies":"2 Louse","floor":2.0,"turns":4.0},{"damage":3.0,"enemies":"Small Slimes","floor":5.0,"turns":4.0},{"damage":52.0,"enemies":"Lagavulin","floor":7.0,"turns":10.0},{"damage":30,"enemies":"The Guardian","floor":16,"turns":5}],"seed_played":"5323109726502103798","potions_obtained":[{"floor":2.0,"key":"SteroidPotion"}],"is_trial":false,"path_per_floor":["M","M","$","?","M","R","E","?","T","?","$","R","?","$","R","B"],"character_chosen":"IRONCLAD","items_purchased":["Shrug It Off","Fiend Fire","Spot Weakness"],"campfire_rested":0,"item_purchase_floors":[3,11,14],"current_hp_per_floor":[63,65,65,54,57,57,11,11,11,29,29,29,29,29,29,0],"gold":30,"neow_bonus":"HUNDRED_GOLD","is_prod":false,"is_daily":false,"chose_seed":false,"campfire_upgraded":3,"win_rate":0,"timestamp":1542655132,"path_taken":["M","M","$","?","M","R","E","?","T","?","?","R","?","$","R","BOSS"],"build_version":"2018-11-15","purchased_purges":1,"victory":false,"max_hp_per_floor":[75,75,75,75,75,75,75,75,75,75,75,75,75,75,75,75],"card_choices":[{"not_picked":["Sword Boomerang","Sever Soul"],"picked":"Rupture","floor":1.0},{"not_picked":["Flex","Cleave"],"picked":"Twin Strike","floor":2.0},{"not_picked":["Second Wind","Warcry"],"picked":"Twin Strike","floor":5.0},{"not_picked":["Armaments","Pummel"],"picked":"Perfected Strike","floor":7.0}],"player_experience":1113603,"relics_obtained":[{"floor":7.0,"key":"Prayer Wheel"},{"floor":9.0,"key":"Mummified Hand"}],"event_choices":[{"damage_healed":0.0,"max_hp_gain":0.0,"max_hp_loss":0.0,"gold_gain":75.0,"event_name":"World of Goop","player_choice":"Gather Gold","floor":4.0,"gold_loss":0.0,"damage_taken":11.0},{"damage_healed":0.0,"max_hp_gain":0.0,"max_hp_loss":0.0,"gold_gain":0.0,"event_name":"Dead Adventurer","player_choice":"Searched \u00270\u0027 times","floor":8.0,"gold_loss":0.0,"damage_taken":0.0},{"damage_healed":18.0,"max_hp_gain":0.0,"max_hp_loss":0.0,"gold_gain":0.0,"event_name":"The Cleric","player_choice":"Healed","floor":10.0,"gold_loss":35.0,"damage_taken":0.0},{"damage_healed":0.0,"max_hp_gain":0.0,"max_hp_loss":0.0,"gold_gain":68.0,"event_name":"Golden Wing","player_choice":"Gained Gold","floor":13.0,"gold_loss":0.0,"damage_taken":0.0}],"is_beta":false,"boss_relics":[],"items_purged_floors":[3],"is_endless":false,"potions_floor_spawned":[2],"killed_by":"The Guardian","ascension_level":20}