{"gold_per_floor":[109,120,70,85,102,102,102,102,102,102,102,102,117,152,152,247,247,233,233,251,251,251,251,261,290,317,329,404,279],"floor_reached":29,"playtime":966,"items_purged":["Bite"],"score":268,"play_id":"33e4d371-2e39-4cd4-a7b8-69c33ea8455f","local_time":"20180814150603","is_ascension_mode":false,"campfire_choices":[{"data":"Anger","floor":6,"key":"SMITH"},{"data":"Rampage","floor":10,"key":"SMITH"},{"data":"Shockwave","floor":12,"key":"SMITH"},{"data":"Bash","floor":15,"key":"SMITH"},{"data":"Double Tap","floor":23,"key":"SMITH"}],"neow_cost":"NONE","seed_source_timestamp":223075764287598,"circlet_count":0,"master_deck":["Defend_R","Defend_R","Defend_R","Defend_R","Bash+1","Shockwave+1","Anger+1","Rampage+1","Warcry","Ghostly Armor","Double Tap+1","Dual Wield","Bite","Bite","Bite","Bite","Pommel Strike+1","Rage","Armaments"],"relics":["Sozu"],"potions_floor_usage":[],"damage_taken":[{"damage":0,"enemies":"2 Louse","floor":1,"turns":3},{"damage":0,"enemies":"Cultist","floor":2,"turns":2},{"damage":1,"enemies":"Jaw Worm","floor":4,"turns":4},{"damage":2,"enemies":"Blue Slaver","floor":5,"turns":4},{"damage":0,"enemies":"2 Fungi Beasts","floor":13,"turns":3},{"damage":17,"enemies":"3 Sentries","floor":14,"turns":6},{"damage":36,"enemies":"Slime Boss","floor":16,"turns":12},{"damage":4,"enemies":"2 Thieves","floor":18,"turns":4},{"damage":18,"enemies":"Spheric Guardian","floor":20,"turns":5},{"damage":22,"enemies":"Snake Plant","floor":24,"turns":4},{"damage":45,"enemies":"Slavers","floor":25,"turns":7},{"damage":20,"enemies":"3 Cultists","floor":27,"turns":6}],"seed_played":"-4198950244852698460","potions_obtained":[],"is_trial":false,"path_per_floor":["M","M","?","M","M","R","?","?","T","R","?","R","M","E","R","B",null,"M","?","M","?","?","R","M","E","T","M","?"],"character_chosen":"IRONCLAD","items_purchased":["Armaments"],"campfire_rested":0,"item_purchase_floors":[29],"current_hp_per_floor":[80,80,80,79,77,77,77,77,77,77,82,82,82,65,65,29,85,81,81,63,63,59,59,45,26,26,18,13,13],"gold":279,"neow_bonus":"BOSS_RELIC","is_prod":false,"is_daily":false,"chose_seed":false,"campfire_upgraded":5,"win_rate":0,"timestamp":1534273563,"path_taken":["M","M","?","M","M","R","?","?","T","R","?","R","M","E","R","BOSS","M","?","M","?","?","R","?","E","T","M","?","$"],"build_version":"2018-08-09","purchased_purges":1,"victory":false,"max_hp_per_floor":[80,80,80,80,80,80,80,80,80,80,85,85,85,85,85,85,85,85,85,85,85,59,59,59,59,59,59,59,59],"card_choices":[{"not_picked":["Sword Boomerang","Seeing Red"],"picked":"Shockwave","floor":1},{"not_picked":["Sentinel","Wild Strike","Seeing Red"],"picked":"SKIP","floor":2},{"not_picked":["Battle Trance","Armaments"],"picked":"Anger","floor":4},{"not_picked":["Sever Soul","Burning Pact"],"picked":"Rampage","floor":5},{"not_picked":["Thunderclap","Cleave"],"picked":"Warcry","floor":13},{"not_picked":["Twin Strike","Wild Strike"],"picked":"Ghostly Armor","floor":14},{"not_picked":["Bludgeon","Barricade"],"picked":"Double Tap","floor":16},{"not_picked":["Pummel","Twin Strike","Heavy Blade"],"picked":"SKIP","floor":18},{"not_picked":["Cleave+1","Pummel"],"picked":"Dual Wield","floor":20},{"not_picked":["Twin Strike","Flame Barrier"],"picked":"Pommel Strike+1","floor":24},{"not_picked":["Reckless Charge","Sever Soul","Dual Wield"],"picked":"SKIP","floor":25},{"not_picked":["Infernal Blade","Perfected Strike"],"picked":"Rage","floor":27}],"player_experience":504388,"relics_obtained":[],"event_choices":[{"event_name":"The Cleric","player_choice":"Card Removal","floor":3,"damage_taken":0},{"event_name":"Dead Adventurer","player_choice":"Searched \u00270\u0027 times","floor":7,"damage_taken":0},{"event_name":"Scrap Ooze","player_choice":"unsuccessful","floor":8,"damage_taken":0},{"event_name":"Big Fish","player_choice":"Donut","floor":11,"damage_taken":0},{"event_name":"The Mausoleum","player_choice":"No","floor":19,"damage_taken":0},{"event_name":"Cursed Tome","player_choice":"Ignored","floor":21,"damage_taken":0},{"event_name":"Vampires","player_choice":"Became a vampire","floor":22,"damage_taken":0},{"event_name":"FaceTrader","player_choice":"Touch","floor":28,"damage_taken":0}],"is_beta":false,"boss_relics":[{"not_picked":["Snecko Eye","Eternal Feather","Empty Cage"]}],"items_purged_floors":[29],"is_endless":false,"potions_floor_spawned":[1,4,14,16,20,24],"ascension_level":0}