{"gold_per_floor":[114,130,130,149,169,197,197,197,197,197,31,64,64,10,10,85,85,95,95,75,91,6,36,36,36,36,36,67,67,67],"floor_reached":30,"playtime":1511,"items_purged":[],"score":548,"play_id":"69033d1d-ccb1-4682-b617-1a0bbdc9de8b","local_time":"20181030214305","is_ascension_mode":true,"campfire_choices":[{"data":"Cloak And Dagger","floor":7.0,"key":"SMITH"},{"floor":13.0,"key":"REST"},{"data":"After Image","floor":15.0,"key":"SMITH"},{"data":"Footwork","floor":25.0,"key":"SMITH"},{"data":"Glass Knife","floor":27.0,"key":"SMITH"}],"neow_cost":"TEN_PERCENT_HP_LOSS","seed_source_timestamp":1041437691435564,"circlet_count":0,"master_deck":["Defend_G+1","Defend_G+1","Defend_G+1","Defend_G+1","Defend_G+1","Strike_G+1","Strike_G+1","Strike_G+1","Strike_G+1","Strike_G+1","Survivor+1","Neutralize+1","AscendersBane","PiercingWail","Finisher","Cloak And Dagger+1","Escape Plan","Heel Hook","After Image","After Image+1","Backflip","Glass Knife+1","Footwork+1","Cloak And Dagger+1","Dodge and Roll","Endless Agony","Glass Knife"],"special_seed":0,"relics":["Ring of the Snake","Thread and Needle","Question Card","Matryoshka","Mummified Hand","Paper Crane","Eternal Feather","Smiling Mask","Pantograph","Snake Skull","Bottled Tornado","Strawberry","Oddly Smooth Stone","War Paint"],"potions_floor_usage":[28],"damage_taken":[{"damage":0.0,"enemies":"2 Louse","floor":1.0,"turns":3.0},{"damage":0.0,"enemies":"Small Slimes","floor":2.0,"turns":4.0},{"damage":0.0,"enemies":"Jaw Worm","floor":4.0,"turns":6.0},{"damage":0.0,"enemies":"Looter","floor":5.0,"turns":4.0},{"damage":29.0,"enemies":"Lagavulin","floor":6.0,"turns":9.0},{"damage":21.0,"enemies":"3 Sentries","floor":12.0,"turns":17.0},{"damage":1.0,"enemies":"The Guardian","floor":16.0,"turns":20.0},{"damage":0.0,"enemies":"Shell Parasite","floor":18.0,"turns":7.0},{"damage":0.0,"enemies":"2 Thieves","floor":20.0,"turns":4.0},{"damage":6.0,"enemies":"Snake Plant","floor":21.0,"turns":8.0},{"damage":29.0,"enemies":"Slavers","floor":23.0,"turns":14.0},{"damage":57,"enemies":"Gremlin Leader","floor":28,"turns":11},{"damage":2,"enemies":"Shelled Parasite and Fungi","floor":30,"turns":2}],"seed_played":"9115697328120871568","potions_obtained":[{"floor":1.0,"key":"Weak Potion"},{"floor":12.0,"key":"Block Potion"},{"floor":16.0,"key":"EssenceOfSteel"},{"floor":20.0,"key":"Fire Potion"},{"floor":23.0,"key":"SpeedPotion"}],"is_trial":false,"path_per_floor":["M","M","?","M","M","E","R","?","T","?","$","E","R","$","R","B",null,"M","?","M","M","?","E","T","R","T","R","E","?"],"character_chosen":"THE_SILENT","items_purchased":["After Image","Backflip"],"campfire_rested":1,"item_purchase_floors":[11,14],"current_hp_per_floor":[59,59,59,59,59,30,30,35,35,35,35,14,33,33,33,32,57,57,57,57,51,51,22,22,37,44,59,2,2,0],"gold":67,"neow_bonus":"ONE_RARE_RELIC","is_prod":false,"is_daily":false,"chose_seed":false,"campfire_upgraded":4,"win_rate":0,"timestamp":1540950185,"path_taken":["M","M","?","M","M","E","R","?","T","?","$","E","R","?","R","BOSS","M","?","M","M","?","E","?","R","T","R","E","?","?"],"build_version":"2018-10-25v2","purchased_purges":0,"victory":false,"max_hp_per_floor":[60,60,60,60,60,60,60,65,65,65,65,65,65,65,65,65,65,65,65,65,65,65,65,65,65,72,72,72,72,72],"card_choices":[{"not_picked":["Accuracy","Flying Knee"],"picked":"PiercingWail","floor":1.0},{"not_picked":["Blade Dance","Outmaneuver"],"picked":"Finisher","floor":2.0},{"not_picked":["Tactician","Infinite Blades"],"picked":"Cloak And Dagger","floor":4.0},{"not_picked":["Prepared","PiercingWail"],"picked":"Escape Plan","floor":5.0},{"not_picked":["Underhanded Strike","Slice"],"picked":"Heel Hook","floor":6.0},{"not_picked":["Deflect","Flying Knee","Dagger Throw"],"picked":"After Image","floor":12.0},{"not_picked":["After Image","Unload","Phantasmal Killer"],"picked":"Glass Knife","floor":16.0},{"not_picked":["Backflip","Flying Knee+1","Prepared+1"],"picked":"Footwork","floor":18.0},{"not_picked":["Acrobatics","Deadly Poison","Tactician"],"picked":"Cloak And Dagger","floor":20.0},{"not_picked":["Dash","Bane+1","Masterful Stab+1"],"picked":"Dodge and Roll","floor":21.0},{"not_picked":["Deadly Poison","Calculated Gamble","PiercingWail"],"picked":"Endless Agony","floor":23.0},{"not_picked":["Outmaneuver","Finisher","Setup"],"picked":"Glass Knife","floor":28}],"player_experience":1024201,"relics_obtained":[{"floor":6.0,"key":"Question Card"},{"floor":9.0,"key":"Matryoshka"},{"floor":12.0,"key":"Paper Crane"},{"floor":23.0,"key":"Pantograph"},{"floor":24.0,"key":"Snake Skull"},{"floor":24.0,"key":"Bottled Tornado"},{"floor":26.0,"key":"Strawberry"},{"floor":26.0,"key":"Oddly Smooth Stone"},{"floor":28,"key":"War Paint"}],"event_choices":[{"damage_healed":0.0,"max_hp_gain":0.0,"max_hp_loss":0.0,"gold_gain":0.0,"event_name":"Living Wall","player_choice":"Grow","floor":3.0,"gold_loss":0.0,"damage_taken":0.0,"cards_upgraded":["Neutralize"]},{"damage_healed":0.0,"max_hp_gain":5.0,"max_hp_loss":0.0,"gold_gain":0.0,"event_name":"Big Fish","player_choice":"Donut","floor":8.0,"gold_loss":0.0,"damage_taken":0.0},{"damage_healed":0.0,"max_hp_gain":0.0,"max_hp_loss":0.0,"gold_gain":0.0,"event_name":"WeMeetAgain","player_choice":"Gave Potion","floor":10.0,"gold_loss":0.0,"damage_taken":0.0,"relics_obtained":["Mummified Hand"]},{"damage_healed":0.0,"max_hp_gain":0.0,"max_hp_loss":0.0,"gold_gain":0.0,"event_name":"Back to Basics","player_choice":"Simplicity","floor":19.0,"gold_loss":0.0,"damage_taken":0.0,"cards_upgraded":["Defend_G","Defend_G","Defend_G","Defend_G","Defend_G","Strike_G","Strike_G","Strike_G","Strike_G","Strike_G"]},{"damage_healed":0.0,"max_hp_gain":0.0,"max_hp_loss":0.0,"gold_gain":0.0,"event_name":"Addict","player_choice":"Obtained Relic","floor":22.0,"gold_loss":85.0,"damage_taken":0.0,"relics_obtained":["Smiling Mask"]},{"damage_healed":0,"gold_gain":0,"player_choice":"Ignored","damage_taken":0,"max_hp_gain":0,"max_hp_loss":0,"event_name":"Cursed Tome","floor":29,"gold_loss":0}],"is_beta":false,"boss_relics":[{"not_picked":["Busted Crown","Velvet Choker"],"picked":"Eternal Feather"}],"items_purged_floors":[],"is_endless":false,"potions_floor_spawned":[1,12,16,20,23],"killed_by":"Shelled Parasite and Fungi","ascension_level":20}