{"gold_per_floor":[109,121,41,56,56,90,90,125,125,300,300],"floor_reached":11,"playtime":397,"items_purged":[],"score":126,"play_id":"8668548e-4025-48f0-9244-e08f91aef265","local_time":"20190514075257","is_ascension_mode":true,"campfire_choices":[{"floor":7,"key":"REST"}],"neow_cost":"NONE","seed_source_timestamp":1849559514658,"circlet_count":0,"master_deck":["AscendersBane","Strike_B","Strike_B","Strike_B","Strike_B","Defend_B","Defend_B","Defend_B","Defend_B","Zap","Dualcast","Glacier","Glacier","Sunder","Cold Snap","Injury","Doom and Gloom","Capacitor","Doubt"],"relics":["Cracked Core","Potion Belt","Golden Idol","Centennial Puzzle","Blue Candle","Blood Vial"],"potions_floor_usage":[6,8,11],"damage_taken":[{"damage":13,"enemies":"2 Louse","floor":1,"turns":3},{"damage":8,"enemies":"Small Slimes","floor":2,"turns":5},{"damage":3,"enemies":"Jaw Worm","floor":4,"turns":4},{"damage":43,"enemies":"Gremlin Nob","floor":6,"turns":5},{"damage":2,"enemies":"3 Sentries","floor":8,"turns":5},{"damage":25,"enemies":"Gremlin Nob","floor":11,"turns":3}],"seed_played":"8877037532475555112","potions_obtained":[{"floor":4,"key":"FocusPotion"},{"floor":6,"key":"EssenceOfSteel"},{"floor":8,"key":"EssenceOfSteel"}],"is_trial":false,"path_per_floor":["M","M","$","M","?","E","R","E","T","?","E"],"character_chosen":"DEFECT","items_purchased":["Sunder"],"campfire_rested":1,"item_purchase_floors":[3],"current_hp_per_floor":[55,47,47,44,44,1,23,21,21,21,0],"gold":300,"neow_bonus":"RANDOM_COMMON_RELIC","is_prod":false,"is_daily":false,"chose_seed":false,"campfire_upgraded":0,"win_rate":0,"timestamp":1557834777,"path_taken":["M","M","$","M","?","E","R","E","T","?","E"],"build_version":"2019-01-23","purchased_purges":0,"victory":false,"max_hp_per_floor":[75,75,75,75,75,75,75,75,75,75,75],"card_choices":[{"not_picked":["Turbo","Hologram"],"picked":"Glacier","floor":1},{"not_picked":["Sweeping Beam","Leap"],"picked":"Glacier","floor":2},{"not_picked":["Leap","Gash"],"picked":"Cold Snap","floor":4},{"not_picked":["Beam Cell","Coolheaded"],"picked":"Doom and Gloom","floor":6},{"not_picked":["Sweeping Beam","Creative AI"],"picked":"Capacitor","floor":8}],"player_experience":320995,"relics_obtained":[{"floor":6,"key":"Centennial Puzzle"},{"floor":8,"key":"Blue Candle"},{"floor":9,"key":"Blood Vial"}],"event_choices":[{"damage_healed":0,"gold_gain":0,"player_choice":"Take Wound","damage_taken":0,"relics_obtained":["Golden Idol"],"max_hp_gain":0,"max_hp_loss":0,"event_name":"Golden Idol","floor":5,"gold_loss":0,"cards_obtained":["Injury"]},{"damage_healed":0,"gold_gain":175,"player_choice":"AGREE","damage_taken":0,"max_hp_gain":0,"max_hp_loss":0,"event_name":"Liars Game","floor":10,"gold_loss":0,"cards_obtained":["Doubt"]}],"is_beta":false,"boss_relics":[],"items_purged_floors":[],"is_endless":false,"potions_floor_spawned":[4,6,8],"killed_by":"Gremlin Nob","ascension_level":11}