{"gold_per_floor":[11,28,40,40,40,65,80,80,149,74,74,106,120,20,20,91,91,107,118,43,53,53,82,82,101,101,101,126,141,156,191,191,191],"floor_reached":33,"playtime":1823,"items_purged":["Strike_R","Strike_R"],"score":580,"play_id":"6865cd6a-ad20-4851-89b1-f45f4d2b3bb9","local_time":"20190315154049","is_ascension_mode":true,"campfire_choices":[{"data":"Bash","floor":8,"key":"SMITH"},{"data":"True Grit","floor":11,"key":"SMITH"},{"data":"Armaments","floor":15,"key":"SMITH"},{"data":"Immolate","floor":24,"key":"SMITH"},{"data":"Inflame","floor":27,"key":"SMITH"},{"floor":32,"key":"REST"}],"neow_cost":"NO_GOLD","seed_source_timestamp":178074713802864,"circlet_count":0,"master_deck":["AscendersBane","Strike_R","Defend_R","Defend_R","Defend_R","Defend_R","Bash+1","Headbutt","Anger","Dual Wield","True Grit+1","Metallicize","Armaments+1","Immolate+1","Inflame+1","Corruption","Pommel Strike","Body Slam","Sword Boomerang+1","Brutality"],"relics":["Burning Blood","Charon\u0027s Ashes","Meat on the Bone","Bag of Marbles","Velvet Choker","Singing Bowl","Vajra","Incense Burner","The Courier","Ancient Tea Set"],"potions_floor_usage":[6,6,19,23,31],"damage_taken":[{"damage":4,"enemies":"Jaw Worm","floor":1,"turns":4},{"damage":6,"enemies":"Cultist","floor":2,"turns":3},{"damage":6,"enemies":"2 Louse","floor":3,"turns":3},{"damage":50,"enemies":"Gremlin Nob","floor":6,"turns":5},{"damage":16,"enemies":"Exordium Wildlife","floor":7,"turns":6},{"damage":21,"enemies":"3 Sentries","floor":12,"turns":7},{"damage":11,"enemies":"Looter","floor":13,"turns":2},{"damage":13,"enemies":"Hexaghost","floor":16,"turns":9},{"damage":1,"enemies":"3 Byrds","floor":18,"turns":4},{"damage":13,"enemies":"Spheric Guardian","floor":19,"turns":6},{"damage":7,"enemies":"Cultist and Chosen","floor":21,"turns":4},{"damage":53,"enemies":"Book of Stabbing","floor":23,"turns":7},{"damage":18,"enemies":"Snake Plant","floor":25,"turns":3},{"damage":42,"enemies":"Slavers","floor":28,"turns":4},{"damage":18,"enemies":"Centurion and Healer","floor":29,"turns":5},{"damage":17,"enemies":"Shelled Parasite and Fungi","floor":30,"turns":4},{"damage":25,"enemies":"Gremlin Leader","floor":31,"turns":7},{"damage":66,"enemies":"Champ","floor":33,"turns":9}],"seed_played":"5566978029032058967","potions_obtained":[{"floor":2,"key":"Weak Potion"},{"floor":3,"key":"SneckoOil"},{"floor":13,"key":"Explosive Potion"},{"floor":16,"key":"EntropicBrew"},{"floor":18,"key":"BloodPotion"},{"floor":25,"key":"LiquidBronze"},{"floor":29,"key":"Fruit Juice"},{"floor":31,"key":"Energy Potion"}],"is_trial":false,"path_per_floor":["M","M","M","?","$","E","M","R","T","$","R","E","M","$","R","B",null,"M","M","?","M","T","E","R","M","T","R","E","M","M","E","R","B"],"character_chosen":"IRONCLAD","items_purchased":[],"campfire_rested":1,"item_purchase_floors":[],"current_hp_per_floor":[84,84,84,84,84,40,30,30,30,30,30,27,34,34,34,39,77,82,83,83,82,82,47,47,47,47,47,23,25,28,28,58,0],"gold":191,"neow_bonus":"TWENTY_PERCENT_HP_BONUS","is_prod":false,"is_daily":false,"chose_seed":false,"campfire_upgraded":5,"win_rate":0,"timestamp":1552678849,"path_taken":["M","M","M","?","$","E","M","R","T","$","R","E","M","?","R","BOSS","M","M","?","M","?","E","R","M","T","R","E","M","M","E","R","BOSS"],"build_version":"2019-01-23","purchased_purges":2,"victory":false,"max_hp_per_floor":[89,89,89,89,89,89,89,89,89,89,89,89,89,89,89,89,89,89,89,89,89,89,89,89,89,89,89,89,91,93,100,100,100],"card_choices":[{"not_picked":["Havoc","Reckless Charge","Dual Wield"],"picked":"SKIP","floor":1},{"not_picked":["Seeing Red","Flex"],"picked":"Headbutt","floor":2},{"not_picked":["Warcry","Power Through"],"picked":"Anger","floor":3},{"not_picked":["Sword Boomerang","Evolve"],"picked":"True Grit","floor":6},{"not_picked":["Twin Strike","Flex"],"picked":"Metallicize","floor":7},{"not_picked":["Twin Strike","Wild Strike"],"picked":"Armaments","floor":12},{"not_picked":["Havoc","Pummel","Heavy Blade"],"picked":"SKIP","floor":13},{"not_picked":["Berserk","Offering"],"picked":"Immolate","floor":16},{"not_picked":["Sentinel","Reckless Charge"],"picked":"Inflame","floor":18},{"not_picked":["Anger","Clash"],"picked":"Corruption","floor":19},{"not_picked":["Rage","Heavy Blade"],"picked":"Pommel Strike","floor":21},{"not_picked":["Whirlwind","Bloodletting"],"picked":"Body Slam","floor":23},{"not_picked":["Flex","Metallicize"],"picked":"Sword Boomerang+1","floor":25},{"not_picked":["Sword Boomerang","Dropkick"],"picked":"Brutality","floor":28},{"not_picked":["Havoc","Fire Breathing","Headbutt"],"picked":"Singing Bowl","floor":29},{"not_picked":["Perfected Strike","Combust","Wild Strike"],"picked":"Singing Bowl","floor":30},{"not_picked":["Intimidate","Pommel Strike","Perfected Strike"],"picked":"Singing Bowl","floor":31}],"player_experience":1373430,"relics_obtained":[{"floor":6,"key":"Charon\u0027s Ashes"},{"floor":9,"key":"Meat on the Bone"},{"floor":12,"key":"Bag of Marbles"},{"floor":22,"key":"Singing Bowl"},{"floor":23,"key":"Vajra"},{"floor":26,"key":"Incense Burner"},{"floor":28,"key":"The Courier"},{"floor":31,"key":"Ancient Tea Set"}],"event_choices":[{"damage_healed":0,"gold_gain":0,"cards_transformed":["Strike_R"],"player_choice":"Transformed","damage_taken":0,"max_hp_gain":0,"max_hp_loss":0,"event_name":"Transmorgrifier","floor":4,"gold_loss":0,"cards_obtained":["Dual Wield"]},{"cards_removed":["Strike_R"],"damage_healed":0,"gold_gain":0,"player_choice":"Gave Gold","damage_taken":0,"max_hp_gain":0,"max_hp_loss":0,"event_name":"Beggar","floor":20,"gold_loss":75}],"is_beta":false,"boss_relics":[{"not_picked":["White Beast Statue","Eternal Feather"],"picked":"Velvet Choker"}],"items_purged_floors":[10,14],"is_endless":false,"potions_floor_spawned":[2,3,13,16,18,25,29,31],"killed_by":"Champ","ascension_level":15}