{"gold_per_floor":[369,369,383,465,480,480,507,507,559,593,593,609,609,673,673,673],"floor_reached":16,"playtime":442,"items_purged":[],"score":216,"play_id":"508a52c3-ec5b-43fa-aea5-6f0d6435b52b","local_time":"20181130114255","is_ascension_mode":true,"campfire_choices":[{"data":"Zap","floor":6,"key":"SMITH"},{"data":"Coolheaded","floor":8,"key":"SMITH"},{"floor":11,"key":"REST"},{"data":"Hologram","floor":13,"key":"SMITH"},{"data":"Coolheaded","floor":15,"key":"SMITH"}],"neow_cost":"CURSE","seed_source_timestamp":427457930790063,"circlet_count":0,"master_deck":["AscendersBane","Strike_B","Strike_B","Strike_B","Strike_B","Defend_B","Defend_B","Defend_B","Defend_B","Zap+1","Dualcast","Doom and Gloom","Coolheaded+1","Ball Lightning","Biased Cognition+1","Hologram+1","Capacitor+1","Conserve Battery","Coolheaded+1"],"relics":["Cracked Core","Frozen Egg 2","Smiling Mask","Bag of Marbles","Dream Catcher","Question Card"],"potions_floor_usage":[7,7,10,14,14],"damage_taken":[{"damage":0,"enemies":"2 Louse","floor":1,"turns":2},{"damage":1,"enemies":"Cultist","floor":3,"turns":3},{"damage":2,"enemies":"Small Slimes","floor":5,"turns":4},{"damage":26,"enemies":"Gremlin Nob","floor":7,"turns":4},{"damage":30,"enemies":"Lagavulin","floor":10,"turns":6},{"damage":3,"enemies":"Blue Slaver","floor":12,"turns":2},{"damage":0,"enemies":"Gremlin Nob","floor":14,"turns":2},{"damage":27,"enemies":"The Guardian","floor":16,"turns":2}],"seed_played":"-2528719700832613790","potions_obtained":[{"floor":1,"key":"EntropicBrew"},{"floor":7,"key":"FocusPotion"},{"floor":12,"key":"AttackPotion"}],"is_trial":false,"path_per_floor":["M","?","M","T","M","R","E","R","T","E","R","M","R","?","R","B"],"character_chosen":"DEFECT","items_purchased":[],"campfire_rested":1,"item_purchase_floors":[],"current_hp_per_floor":[64,64,63,63,61,61,35,35,35,5,25,22,22,22,22,0],"gold":673,"neow_bonus":"TWO_FIFTY_GOLD","is_prod":false,"is_daily":false,"chose_seed":false,"campfire_upgraded":4,"win_rate":0,"timestamp":1543596175,"path_taken":["M","?","?","?","?","R","E","R","T","E","R","M","R","?","R","BOSS"],"build_version":"2018-11-15","purchased_purges":0,"victory":false,"max_hp_per_floor":[71,68,68,68,68,68,68,68,68,68,68,68,68,68,68,68],"card_choices":[{"not_picked":["Compile Driver","Sweeping Beam"],"picked":"Doom and Gloom","floor":1},{"not_picked":["Streamline","Hologram"],"picked":"Coolheaded","floor":3},{"not_picked":["Heatsinks+1","Fusion"],"picked":"Ball Lightning","floor":5},{"not_picked":["Go for the Eyes","Consume"],"picked":"Biased Cognition+1","floor":7},{"not_picked":["Redo","Steam"],"picked":"Hologram","floor":10},{"not_picked":["Auto Shields","Sweeping Beam"],"picked":"Capacitor+1","floor":11},{"not_picked":["White Noise","Lockon"],"picked":"Conserve Battery","floor":12},{"not_picked":["Turbo","Genetic Algorithm"],"picked":"Coolheaded","floor":14}],"player_experience":1209108,"relics_obtained":[{"floor":4,"key":"Frozen Egg 2"},{"floor":7,"key":"Smiling Mask"},{"floor":9,"key":"Bag of Marbles"},{"floor":10,"key":"Dream Catcher"},{"floor":14,"key":"Question Card"}],"event_choices":[{"cards_removed":["Parasite"],"damage_healed":0,"gold_gain":0,"player_choice":"Purged","damage_taken":0,"max_hp_gain":0,"max_hp_loss":0,"event_name":"Purifier","floor":2,"gold_loss":0},{"damage_healed":0,"gold_gain":30,"player_choice":"Searched \u00272\u0027 times","damage_taken":0,"max_hp_gain":0,"max_hp_loss":0,"event_name":"Dead Adventurer","floor":14,"gold_loss":0}],"is_beta":false,"boss_relics":[],"items_purged_floors":[],"is_endless":false,"potions_floor_spawned":[1,7,12],"killed_by":"The Guardian","ascension_level":20}