{"gold_per_floor":[13,32,32,50,150,150,170,181,181,213,229,229,39,65,65,143,143,156,23,23,38,49,49,49],"floor_reached":24,"playtime":1107,"items_purged":["Hello World"],"score":441,"play_id":"0d272566-0c55-42f6-9959-e5e014a51230","local_time":"20181130122517","is_ascension_mode":true,"campfire_choices":[{"data":"Zap","floor":6,"key":"SMITH"},{"data":"Dualcast","floor":12,"key":"SMITH"},{"data":"Defragment","floor":15,"key":"SMITH"},{"floor":23,"key":"REST"}],"neow_cost":"NO_GOLD","seed_source_timestamp":429337280562808,"circlet_count":0,"master_deck":["AscendersBane","Zap+1","Dualcast+1","Steam","Ball Lightning","Glacier","Capacitor","Cold Snap","All For One","Defragment+1","Flash of Steel","Go for the Eyes","Electrodynamics","Hologram","Turbo","Steam","Go for the Eyes","Reprogram","Lockon","Heatsinks","Hologram+1","Coolheaded","Compile Driver","Go for the Eyes","Reinforced Body"],"relics":["Cracked Core","Vajra","Oddly Smooth Stone","Shuriken","Strawberry","Pandora\u0027s Box"],"potions_floor_usage":[8,14,18,24],"damage_taken":[{"damage":15,"enemies":"Small Slimes","floor":1,"turns":4},{"damage":1,"enemies":"Cultist","floor":2,"turns":3},{"damage":3,"enemies":"2 Louse","floor":4,"turns":2},{"damage":4,"enemies":"2 Fungi Beasts","floor":7,"turns":3},{"damage":2,"enemies":"Large Slime","floor":8,"turns":5},{"damage":5,"enemies":"3 Sentries","floor":10,"turns":10},{"damage":3,"enemies":"Exordium Wildlife","floor":11,"turns":6},{"damage":17,"enemies":"Lagavulin","floor":14,"turns":5},{"damage":1,"enemies":"Hexaghost","floor":16,"turns":8},{"damage":18,"enemies":"2 Thieves","floor":18,"turns":2},{"damage":11,"enemies":"3 Byrds","floor":21,"turns":4},{"damage":7,"enemies":"Centurion and Healer","floor":22,"turns":7},{"damage":69,"enemies":"Book of Stabbing","floor":24,"turns":5}],"seed_played":"3782509734080376472","potions_obtained":[{"floor":7,"key":"Fire Potion"},{"floor":8,"key":"AttackPotion"},{"floor":16,"key":"Fire Potion"},{"floor":21,"key":"EssenceOfSteel"}],"is_trial":false,"path_per_floor":["M","M","?","M","?","R","M","M","T","E","M","R","$","E","R","B",null,"M","$","?","M","M","R","E"],"character_chosen":"DEFECT","items_purchased":["Defragment","Flash of Steel","Coolheaded"],"campfire_rested":1,"item_purchase_floors":[13,13,19],"current_hp_per_floor":[63,62,51,48,48,48,44,42,42,37,34,34,34,24,24,23,75,57,57,57,46,39,66,0],"gold":49,"neow_bonus":"TWENTY_PERCENT_HP_BONUS","is_prod":false,"is_daily":false,"chose_seed":false,"campfire_upgraded":3,"win_rate":0,"timestamp":1543598717,"path_taken":["M","M","?","M","?","R","M","M","T","E","?","R","$","E","R","BOSS","M","$","?","M","M","R","E"],"build_version":"2018-11-15","purchased_purges":1,"victory":false,"max_hp_per_floor":[85,85,85,85,85,85,85,85,85,85,85,85,85,92,92,92,92,92,92,92,92,92,92,92],"card_choices":[{"not_picked":["Stack","Barrage"],"picked":"Steam","floor":1},{"not_picked":["Turbo","Compile Driver"],"picked":"Ball Lightning","floor":2},{"not_picked":["Compile Driver","Heatsinks"],"picked":"Glacier","floor":4},{"not_picked":["Leap","Rebound"],"picked":"Capacitor","floor":7},{"not_picked":["Double Energy","Hologram"],"picked":"Cold Snap","floor":8},{"not_picked":["Steam","Redo","Chill"],"picked":"SKIP","floor":10},{"not_picked":["Barrage","Gash"],"picked":"All For One","floor":11},{"not_picked":["White Noise","Static Discharge"],"picked":"Go for the Eyes","floor":14},{"not_picked":["Machine Learning","Reboot"],"picked":"Electrodynamics","floor":16},{"not_picked":["Chaos","Sunder"],"picked":"Hologram+1","floor":18},{"not_picked":["Auto Shields","Coolheaded"],"picked":"Go for the Eyes","floor":21},{"not_picked":["Scrape","Steam"],"picked":"Reinforced Body","floor":22}],"player_experience":1210813,"relics_obtained":[{"floor":9,"key":"Oddly Smooth Stone"},{"floor":10,"key":"Shuriken"},{"floor":14,"key":"Strawberry"}],"event_choices":[{"damage_healed":0,"gold_gain":0,"player_choice":"Success","damage_taken":11,"relics_obtained":["Vajra"],"max_hp_gain":0,"max_hp_loss":0,"event_name":"Scrap Ooze","floor":3,"gold_loss":0},{"damage_healed":0,"gold_gain":100,"player_choice":"Gold","damage_taken":0,"max_hp_gain":0,"max_hp_loss":0,"event_name":"Wheel of Change","floor":5,"gold_loss":0},{"damage_healed":0,"gold_gain":0,"player_choice":"Read","damage_taken":0,"max_hp_gain":0,"max_hp_loss":0,"event_name":"The Library","floor":20,"gold_loss":0,"cards_obtained":["Compile Driver"]}],"is_beta":false,"boss_relics":[{"not_picked":["Eternal Feather","Velvet Choker"],"picked":"Pandora\u0027s Box"}],"items_purged_floors":[19],"is_endless":false,"potions_floor_spawned":[7,8,16,21],"killed_by":"Book of Stabbing","ascension_level":20}