{"gold_per_floor":[115,135,153,163,163,163,188,188,188,210,238,238,238,39,39,138,138,158,83,99,118,118,118],"floor_reached":23,"playtime":1557,"items_purged":[],"score":199,"play_id":"68922c49-26d1-467a-927a-e24176e8fa32","local_time":"20190628181608","is_ascension_mode":false,"campfire_choices":[{"data":"Whirlwind","floor":6,"key":"SMITH"},{"floor":8,"key":"REST"},{"floor":13,"key":"REST"},{"floor":15,"key":"REST"}],"neow_cost":"NONE","seed_source_timestamp":531927997379935,"circlet_count":0,"master_deck":["Strike_R","Strike_R+1","Strike_R","Strike_R+1","Strike_R","Defend_R","Defend_R","Defend_R","Bash","Twin Strike+1","Pommel Strike+1","Whirlwind+1","Clothesline","Uppercut","Reckless Charge","Headbutt","Bludgeon","Iron Wave","Armaments+1","Rupture"],"relics":["Burning Blood","Whetstone","Shuriken","Odd Mushroom","Dodecahedron","HandDrill","Lizard Tail"],"potions_floor_usage":[20,23],"damage_taken":[{"damage":7,"enemies":"2 Louse","floor":1,"turns":3},{"damage":6,"enemies":"Jaw Worm","floor":2,"turns":3},{"damage":12,"enemies":"Small Slimes","floor":3,"turns":3},{"damage":4,"enemies":"Gremlin Gang","floor":4,"turns":2},{"damage":28,"enemies":"Gremlin Nob","floor":7,"turns":4},{"damage":27,"enemies":"The Mushroom Lair","floor":10,"turns":3},{"damage":26,"enemies":"Lagavulin","floor":11,"turns":5},{"damage":67,"enemies":"The Guardian","floor":16,"turns":8},{"damage":0,"enemies":"Spheric Guardian","floor":18,"turns":2},{"damage":22,"enemies":"2 Thieves","floor":20,"turns":4},{"damage":32,"enemies":"Centurion and Healer","floor":21,"turns":4},{"damage":76,"enemies":"Gremlin Leader","floor":23,"turns":6}],"seed_played":"2870450096513113772","potions_obtained":[{"floor":4,"key":"SpeedPotion"},{"floor":7,"key":"Dexterity Potion"},{"floor":10,"key":"SmokeBomb"},{"floor":18,"key":"Ancient Potion"}],"is_trial":false,"path_per_floor":["M","M","M","M","$","R","E","R","T","?","E","?","R","$","R","B",null,"M","?","M","M","?","E"],"character_chosen":"IRONCLAD","items_purchased":["HandDrill"],"campfire_rested":3,"item_purchase_floors":[14],"current_hp_per_floor":[87,87,81,83,83,83,61,87,87,66,46,28,54,54,80,19,88,88,88,72,46,29,0],"gold":118,"neow_bonus":"TEN_PERCENT_HP_BONUS","is_prod":false,"is_daily":false,"chose_seed":false,"campfire_upgraded":1,"win_rate":0.0,"timestamp":1561770968,"path_taken":["M","M","M","M","$","R","E","R","T","?","E","?","R","?","R","BOSS","M","?","M","M","?","E"],"build_version":"2019-01-23","purchased_purges":0,"victory":false,"max_hp_per_floor":[88,88,88,88,88,88,88,88,88,88,88,88,88,88,88,88,88,88,88,88,88,93,93],"card_choices":[{"not_picked":["Clash","Entrench"],"picked":"Twin Strike","floor":1},{"not_picked":["Ghostly Armor","Sword Boomerang"],"picked":"Pommel Strike","floor":2},{"not_picked":["Clash","Iron Wave"],"picked":"Whirlwind","floor":3},{"not_picked":["Pommel Strike","Body Slam"],"picked":"Clothesline","floor":4},{"not_picked":["Pommel Strike","Pummel"],"picked":"Uppercut","floor":7},{"not_picked":["Sword Boomerang","Headbutt"],"picked":"Reckless Charge","floor":10},{"not_picked":["Armaments","Ghostly Armor"],"picked":"Headbutt","floor":11},{"not_picked":["Double Tap","Barricade"],"picked":"Bludgeon","floor":16},{"not_picked":["Armaments","Sword Boomerang+1"],"picked":"Iron Wave","floor":18},{"not_picked":["Anger","True Grit+1"],"picked":"Armaments+1","floor":20},{"not_picked":["Second Wind","Shrug It Off+1"],"picked":"Rupture","floor":21}],"player_experience":616,"relics_obtained":[{"floor":7,"key":"Whetstone"},{"floor":9,"key":"Shuriken"},{"floor":10,"key":"Odd Mushroom"},{"floor":11,"key":"Dodecahedron"}],"event_choices":[{"damage_healed":0,"gold_gain":0,"player_choice":"Fought Mushrooms","damage_taken":0,"max_hp_gain":0,"max_hp_loss":0,"event_name":"Mushrooms","floor":10,"gold_loss":0},{"damage_healed":0,"gold_gain":0,"player_choice":"Entered Light","damage_taken":18,"max_hp_gain":0,"max_hp_loss":0,"event_name":"Shining Light","floor":12,"gold_loss":0,"cards_upgraded":["Twin Strike","Strike_R"]},{"cards_removed":["Defend_R"],"damage_healed":0,"gold_gain":0,"player_choice":"Gave Gold","damage_taken":0,"max_hp_gain":0,"max_hp_loss":0,"event_name":"Beggar","floor":19,"gold_loss":75},{"damage_healed":0,"gold_gain":0,"player_choice":"Shed Blood","damage_taken":22,"max_hp_gain":5,"max_hp_loss":0,"event_name":"Forgotten Altar","floor":22,"gold_loss":0}],"is_beta":false,"boss_relics":[{"not_picked":["Calling Bell","Black Star"],"picked":"Lizard Tail"}],"items_purged_floors":[],"is_endless":false,"potions_floor_spawned":[4,7,10,18],"killed_by":"Gremlin Leader","ascension_level":0}