{"gold_per_floor":[110,129,143,318,318,318,345,345,372,337,353,9,37,13,13,13],"floor_reached":16,"playtime":423,"items_purged":[],"score":118,"play_id":"41a69528-5ca4-4d4b-909f-e1d5ba11b579","local_time":"20190723134728","is_ascension_mode":true,"campfire_choices":[{"data":"True Grit","floor":6,"key":"SMITH"},{"data":"Havoc","floor":8,"key":"SMITH"},{"floor":15,"key":"REST"}],"neow_cost":"NONE","seed_source_timestamp":163579723711863,"circlet_count":0,"master_deck":["Strike_R","Strike_R","Strike_R","Strike_R","Strike_R","Defend_R","Defend_R","Defend_R","Defend_R","Bash","Cleave","Havoc+1","True Grit+1","Feel No Pain","Cleave","Thunderclap","Uppercut","Havoc"],"relics":["Burning Blood","NeowsBlessing","Odd Mushroom","Anchor","Membership Card","Bottled Flame","Art of War"],"potions_floor_usage":[7,13],"damage_taken":[{"damage":0,"enemies":"2 Louse","floor":1,"turns":1},{"damage":0,"enemies":"Small Slimes","floor":2,"turns":1},{"damage":0,"enemies":"Jaw Worm","floor":3,"turns":1},{"damage":38,"enemies":"The Mushroom Lair","floor":7,"turns":5},{"damage":2,"enemies":"3 Louse","floor":11,"turns":3},{"damage":50,"enemies":"Lagavulin","floor":13,"turns":8},{"damage":48,"enemies":"Hexaghost","floor":16,"turns":9}],"seed_played":"-7900645305747911166","potions_obtained":[{"floor":2,"key":"Swift Potion"},{"floor":7,"key":"Block Potion"}],"is_trial":false,"path_per_floor":["M","M","M","?","?","R","?","R","T","?","M","$","E","$","R","B"],"character_chosen":"IRONCLAD","items_purchased":["Membership Card","Thunderclap","Bottled Flame","Havoc"],"campfire_rested":1,"item_purchase_floors":[12,12,12,14],"current_hp_per_floor":[80,80,80,80,73,73,41,41,41,61,65,65,21,21,45,0],"gold":13,"neow_bonus":"THREE_ENEMY_KILL","is_prod":false,"is_daily":false,"chose_seed":false,"campfire_upgraded":2,"win_rate":0,"timestamp":1563882448,"path_taken":["M","M","M","?","?","R","?","R","T","?","M","$","E","$","R","BOSS"],"build_version":"2019-07-17","purchased_purges":0,"victory":false,"max_hp_per_floor":[80,80,80,80,80,80,80,80,80,80,80,80,80,80,80,80],"card_choices":[{"not_picked":["Flex","Twin Strike"],"picked":"Cleave","floor":1},{"not_picked":["Disarm","Iron Wave"],"picked":"Havoc","floor":2},{"not_picked":["Second Wind","Body Slam"],"picked":"True Grit","floor":3},{"not_picked":["Headbutt","Shrug It Off"],"picked":"Feel No Pain","floor":7},{"not_picked":["Metallicize","Hemokinesis"],"picked":"Cleave","floor":11},{"not_picked":["Shockwave","Body Slam"],"picked":"Uppercut","floor":13}],"player_experience":287879,"relics_obtained":[{"floor":7,"key":"Odd Mushroom"},{"floor":9,"key":"Anchor"},{"floor":13,"key":"Art of War"}],"event_choices":[{"damage_healed":0,"gold_gain":175,"player_choice":"AGREE","damage_taken":0,"max_hp_gain":0,"max_hp_loss":0,"event_name":"Liars Game","floor":4,"gold_loss":0,"cards_obtained":["Doubt"]},{"cards_removed":["Doubt"],"damage_healed":0,"gold_gain":0,"player_choice":"Card Removal","damage_taken":7,"max_hp_gain":0,"max_hp_loss":0,"event_name":"Golden Wing","floor":5,"gold_loss":0},{"damage_healed":0,"gold_gain":0,"player_choice":"Fought Mushrooms","damage_taken":0,"max_hp_gain":0,"max_hp_loss":0,"event_name":"Mushrooms","floor":7,"gold_loss":0},{"damage_healed":20,"gold_gain":0,"player_choice":"Healed","damage_taken":0,"max_hp_gain":0,"max_hp_loss":0,"event_name":"The Cleric","floor":10,"gold_loss":35}],"is_beta":false,"boss_relics":[],"items_purged_floors":[],"is_endless":false,"potions_floor_spawned":[2,7],"killed_by":"Hexaghost","ascension_level":4}