{"gold_per_floor":[119,138,288,301,29,82,82,132,132,202,271,87,87,144,144,244,244,263,326,326,326,362,390,390,39,39,39,74,74,84,135,135,210,210,228,247,266,266,289,314,314],"floor_reached":41,"playtime":2391,"items_purged":["Doubt"],"score":983,"play_id":"10df1479-5909-464f-a68d-c8e724db1864","local_time":"20181119174529","is_ascension_mode":true,"campfire_choices":[{"data":"Bash","floor":7,"key":"SMITH"},{"floor":13,"key":"REST"},{"data":"Apotheosis","floor":15,"key":"SMITH"},{"floor":24,"key":"REST"},{"data":"1","floor":27,"key":"LIFT"},{"data":"2","floor":29,"key":"LIFT"},{"data":"3","floor":32,"key":"LIFT"}],"neow_cost":"NONE","seed_source_timestamp":451073198377354,"circlet_count":0,"master_deck":["AscendersBane","Defend_R","Defend_R","Defend_R","Defend_R","Bash+1","Metallicize","Shrug It Off","HandOfGreed","Impervious","Headbutt","Apotheosis+1","Fiend Fire","Havoc","Entrench+1","Dark Embrace","Demon Form","Flame Barrier","Flame Barrier+1","Reaper","Havoc+1","Shockwave+1","Entrench+1","Offering+1","Demon Form+1","Rampage+1","Cleave+1","Havoc+1","Battle Trance+1","Shrug It Off+1"],"relics":["Burning Blood","Bag of Marbles","Juzu Bracelet","Letter Opener","PreservedInsect","Girya","Sozu","Toxic Egg 2","Bottled Lightning","Blood Vial","Sundial","Astrolabe","Anchor"],"potions_floor_usage":[0,6,11,19,23],"damage_taken":[{"damage":8,"enemies":"Small Slimes","floor":1,"turns":4},{"damage":16,"enemies":"Jaw Worm","floor":2,"turns":4},{"damage":3,"enemies":"2 Louse","floor":4,"turns":5},{"damage":22,"enemies":"Gremlin Nob","floor":6,"turns":4},{"damage":16,"enemies":"Gremlin Gang","floor":10,"turns":6},{"damage":31,"enemies":"3 Sentries","floor":11,"turns":11},{"damage":15,"enemies":"Lagavulin","floor":14,"turns":7},{"damage":15,"enemies":"The Guardian","floor":16,"turns":18},{"damage":5,"enemies":"Spheric Guardian","floor":18,"turns":7},{"damage":5,"enemies":"2 Thieves","floor":19,"turns":3},{"damage":20,"enemies":"Snecko","floor":22,"turns":6},{"damage":31,"enemies":"Book of Stabbing","floor":23,"turns":5},{"damage":39,"enemies":"Cultist and Chosen","floor":28,"turns":8},{"damage":17,"enemies":"Shelled Parasite and Fungi","floor":30,"turns":7},{"damage":8,"enemies":"Gremlin Leader","floor":31,"turns":7},{"damage":36,"enemies":"Automaton","floor":33,"turns":11},{"damage":28,"enemies":"3 Darklings","floor":35,"turns":6},{"damage":11,"enemies":"Orb Walker","floor":36,"turns":4},{"damage":15,"enemies":"Maw","floor":37,"turns":7},{"damage":58,"enemies":"Nemesis","floor":40,"turns":9},{"damage":66,"enemies":"Sphere and 2 Shapes","floor":41,"turns":3}],"seed_played":"-434270355313873057","potions_obtained":[{"floor":0,"key":"LiquidBronze"},{"floor":0,"key":"Fruit Juice"},{"floor":0,"key":"Swift Potion"},{"floor":4,"key":"PowerPotion"},{"floor":10,"key":"LiquidBronze"},{"floor":14,"key":"Fire Potion"}],"is_trial":false,"path_per_floor":["M","M","?","M","$","E","R","T","T","M","E","$","R","E","R","B",null,"M","M","?","?","M","E","R","$","T","R","M","R","M","E","R","B",null,"M","M","M","?","T","E","M"],"character_chosen":"IRONCLAD","items_purchased":["HandOfGreed","Apotheosis","Bottled Lightning","Reaper"],"campfire_rested":2,"item_purchase_floors":[5,12,25,25],"current_hp_per_floor":[71,61,61,64,64,48,48,48,48,38,13,13,37,28,28,19,65,66,67,67,67,53,28,52,52,52,52,39,39,40,80,80,60,75,55,77,71,71,71,64,0],"gold":314,"neow_bonus":"THREE_SMALL_POTIONS","is_prod":false,"is_daily":false,"chose_seed":false,"campfire_upgraded":2,"win_rate":0,"timestamp":1542667529,"path_taken":["M","M","?","M","$","E","R","?","T","M","E","$","R","E","R","BOSS","M","M","?","?","M","E","R","$","T","R","M","R","M","E","R","BOSS","M","M","M","?","?","E","M"],"build_version":"2018-11-15","purchased_purges":1,"victory":false,"max_hp_per_floor":[80,80,80,80,80,80,80,80,80,80,80,80,80,80,80,80,80,80,80,80,80,80,80,80,80,80,80,80,80,80,80,80,80,80,80,80,80,80,80,80,80],"card_choices":[{"not_picked":["Clash","Iron Wave"],"picked":"Combust","floor":1},{"not_picked":["Iron Wave","Twin Strike"],"picked":"Metallicize","floor":2},{"not_picked":["Hemokinesis","Ghostly Armor"],"picked":"Shrug It Off","floor":4},{"not_picked":["Body Slam","Clothesline"],"picked":"Impervious","floor":6},{"not_picked":["Sever Soul","Flex","Wild Strike"],"picked":"SKIP","floor":10},{"not_picked":["Warcry","Carnage"],"picked":"Headbutt","floor":11},{"not_picked":["Bloodletting","Body Slam","Searing Blow"],"picked":"SKIP","floor":14},{"not_picked":["Reaper","Dark Embrace"],"picked":"Fiend Fire","floor":16},{"not_picked":["Twin Strike","Perfected Strike"],"picked":"Havoc","floor":18},{"not_picked":["Warcry","Anger"],"picked":"Entrench+1","floor":19},{"not_picked":["Anger","Headbutt"],"picked":"Flame Barrier","floor":22},{"not_picked":["Flex","Rampage+1"],"picked":"Flame Barrier","floor":23},{"not_picked":["Pummel","Iron Wave"],"picked":"Havoc+1","floor":28},{"not_picked":["Twin Strike+1","Anger"],"picked":"Shockwave+1","floor":30},{"not_picked":["Warcry+1","Ghostly Armor+1"],"picked":"Entrench+1","floor":31},{"not_picked":["Fiend Fire","Demon Form"],"picked":"Offering+1","floor":33},{"not_picked":["Armaments+1","Twin Strike"],"picked":"Havoc+1","floor":35},{"not_picked":["Burning Pact+1","Havoc+1"],"picked":"Battle Trance+1","floor":36},{"not_picked":["Wild Strike","Flex+1"],"picked":"Shrug It Off+1","floor":37},{"not_picked":["Iron Wave","Power Through+1","Anger"],"picked":"SKIP","floor":40}],"player_experience":1116716,"relics_obtained":[{"floor":6,"key":"Bag of Marbles"},{"floor":8,"key":"Juzu Bracelet"},{"floor":9,"key":"Letter Opener"},{"floor":11,"key":"PreservedInsect"},{"floor":14,"key":"Girya"},{"floor":23,"key":"Toxic Egg 2"},{"floor":26,"key":"Blood Vial"},{"floor":31,"key":"Sundial"},{"floor":40,"key":"Anchor"}],"event_choices":[{"damage_healed":0,"gold_gain":150,"player_choice":"AGREE","damage_taken":0,"max_hp_gain":0,"max_hp_loss":0,"event_name":"Liars Game","floor":3,"gold_loss":0,"cards_obtained":["Doubt"]},{"damage_healed":0,"gold_gain":0,"cards_transformed":["Strike_R","Strike_R"],"player_choice":"Became Test Subject","damage_taken":0,"max_hp_gain":0,"max_hp_loss":0,"event_name":"Drug Dealer","floor":20,"gold_loss":0,"cards_obtained":["Dark Embrace","Demon Form"]},{"damage_healed":0,"gold_gain":0,"player_choice":"Ignored","damage_taken":0,"max_hp_gain":0,"max_hp_loss":0,"event_name":"Ghosts","floor":21,"gold_loss":0},{"cards_removed":["Combust"],"damage_healed":0,"gold_gain":0,"player_choice":"Removed Power","damage_taken":0,"max_hp_gain":0,"max_hp_loss":0,"event_name":"Falling","floor":38,"gold_loss":0}],"is_beta":false,"boss_relics":[{"not_picked":["Black Blood","Lizard Tail"],"picked":"Sozu"},{"not_picked":["Runic Pyramid","Runic Dome"],"picked":"Astrolabe"}],"items_purged_floors":[5],"is_endless":false,"potions_floor_spawned":[4,10,14,18,28,31,35],"killed_by":"Sphere and 2 Shapes","ascension_level":20}