{"gold_per_floor":[114,289,289,304,102,167,167,167,242,262,279,310,328,358,358,455,455,475,495,78,96,106,136,136,235,258,270,300,300,327,339,339,439,439,453,469,489,489,80,80,109,109,132,164,164,190,204,221,221,221],"floor_reached":50,"playtime":3356,"items_purged":["Doubt","Strike_G"],"score":744,"play_id":"14867754-92f7-4fde-bb24-b08e4e0ae092","local_time":"20190718221002","is_ascension_mode":true,"campfire_choices":[{"floor":7,"key":"RECALL"},{"floor":15,"key":"REST"},{"floor":24,"key":"REST"},{"floor":29,"key":"REST"},{"floor":32,"key":"REST"},{"floor":40,"key":"REST"},{"floor":42,"key":"REST"},{"floor":49,"key":"REST"}],"neow_cost":"NONE","seed_source_timestamp":75305516092285,"circlet_count":0,"master_deck":["Strike_G","Strike_G","Strike_G","Strike_G","Defend_G","Defend_G","Defend_G","Defend_G","Defend_G","Survivor","Neutralize","Blur","Dagger Spray","Noxious Fumes","Bane","Well Laid Plans","Blur","PiercingWail","Dodge and Roll","Glass Knife","Backflip","Crippling Poison+1","Caltrops","Noxious Fumes","Riddle With Holes+1","PiercingWail","Burst","Noxious Fumes","Bouncing Flask+1","Leg Sweep","Noxious Fumes","Caltrops+1","Writhe","Deadly Poison+1","Night Terror"],"relics":["Ring of the Snake","NeowsBlessing","Tiny Chest","Darkstone Periapt","Ancient Tea Set","Ninja Scroll","Fusion Hammer","Vajra","TwistedFunnel","Incense Burner","Blood Vial","Gremlin Horn","White Beast Statue","Potion Belt","Paper Crane","Bronze Scales","The Courier","Mummified Hand"],"potions_floor_usage":[12,14,23,23,30,30,33,35,37,37,37,37,37,41,41,46,50,50,50,50],"damage_taken":[{"damage":0,"enemies":"Small Slimes","floor":1,"turns":1},{"damage":0,"enemies":"Jaw Worm","floor":4,"turns":1},{"damage":0,"enemies":"Lagavulin","floor":6,"turns":1},{"damage":1,"enemies":"Cultist","floor":10,"turns":4},{"damage":7,"enemies":"3 Louse","floor":11,"turns":4},{"damage":19,"enemies":"Gremlin Nob","floor":12,"turns":5},{"damage":7,"enemies":"Looter","floor":13,"turns":5},{"damage":3,"enemies":"3 Sentries","floor":14,"turns":8},{"damage":47,"enemies":"The Guardian","floor":16,"turns":14},{"damage":0,"enemies":"Shell Parasite","floor":18,"turns":7},{"damage":5,"enemies":"Chosen","floor":19,"turns":5},{"damage":2,"enemies":"Snecko","floor":21,"turns":4},{"damage":13,"enemies":"Centurion and Healer","floor":22,"turns":5},{"damage":9,"enemies":"Book of Stabbing","floor":23,"turns":5},{"damage":7,"enemies":"Cultist and Chosen","floor":27,"turns":5},{"damage":9,"enemies":"Slavers","floor":28,"turns":4},{"damage":6,"enemies":"Gremlin Leader","floor":30,"turns":5},{"damage":4,"enemies":"Shelled Parasite and Fungi","floor":31,"turns":5},{"damage":56,"enemies":"Collector","floor":33,"turns":9},{"damage":5,"enemies":"Orb Walker","floor":35,"turns":3},{"damage":0,"enemies":"3 Shapes","floor":36,"turns":3},{"damage":36,"enemies":"Spire Growth","floor":37,"turns":6},{"damage":13,"enemies":"Reptomancer","floor":41,"turns":8},{"damage":31,"enemies":"Nemesis","floor":44,"turns":9},{"damage":38,"enemies":"Reptomancer","floor":46,"turns":7},{"damage":8,"enemies":"Transient","floor":47,"turns":5},{"damage":4,"enemies":"Sphere and 2 Shapes","floor":48,"turns":4},{"damage":63,"enemies":"Awakened One","floor":50,"turns":9}],"seed_played":"-8552607438402889316","potions_obtained":[{"floor":1,"key":"LiquidBronze"},{"floor":4,"key":"Dexterity Potion"},{"floor":10,"key":"Dexterity Potion"},{"floor":22,"key":"Poison Potion"},{"floor":27,"key":"EntropicBrew"},{"floor":28,"key":"Regen Potion"},{"floor":31,"key":"GhostInAJar"},{"floor":33,"key":"AttackPotion"},{"floor":35,"key":"Weak Potion"},{"floor":37,"key":"PowerPotion"},{"floor":41,"key":"Fire Potion"},{"floor":44,"key":"Poison Potion"},{"floor":46,"key":"GhostInAJar"},{"floor":47,"key":"LiquidBronze"},{"floor":48,"key":"SteroidPotion"}],"is_trial":false,"path_per_floor":["M","?","?","M","$","E","R","?","T","M","M","E","M","E","R","B",null,"M","M","$","M","M","E","R","?","T","M","E","R","E","M","R","B",null,"M","M","M","?","$","R","E","R","T","E","?","E","M","M","R","B"],"character_chosen":"THE_SILENT","items_purchased":["Noxious Fumes","Bane","Vajra","Caltrops","TwistedFunnel","Leg Sweep","Noxious Fumes","Potion Belt"],"campfire_rested":7,"item_purchase_floors":[5,5,20,20,20,39,39,39],"current_hp_per_floor":[70,70,75,75,75,75,75,75,75,74,67,48,41,38,60,13,75,75,70,70,68,55,46,68,68,68,61,52,74,69,67,75,19,75,70,72,46,46,46,68,57,75,75,44,69,33,27,25,49,0],"gold":221,"neow_bonus":"THREE_ENEMY_KILL","is_prod":false,"is_daily":false,"chose_seed":false,"campfire_upgraded":0,"win_rate":0,"timestamp":1563505802,"path_taken":["M","?","?","M","$","E","R","?","T","?","M","E","M","E","R","BOSS","M","M","$","M","M","E","R","?","T","M","E","R","E","M","R","BOSS","M","M","M","?","$","R","E","R","T","E","?","E","M","M","R","BOSS"],"build_version":"2019-07-17","purchased_purges":2,"victory":false,"max_hp_per_floor":[70,70,75,75,75,75,75,75,75,75,75,75,75,75,75,75,75,75,75,75,75,75,75,75,75,75,75,75,75,75,75,75,75,75,75,75,75,75,75,75,75,75,75,75,81,81,81,81,81,81],"card_choices":[{"not_picked":["Terror","Slice"],"picked":"Blur","floor":1},{"not_picked":["Terror","Deflect"],"picked":"Dagger Spray","floor":4},{"not_picked":["Slice","Outmaneuver"],"picked":"Well Laid Plans","floor":6},{"not_picked":["Deadly Poison","Blade Dance","Deflect"],"picked":"SKIP","floor":10},{"not_picked":["Blade Dance","Concentrate"],"picked":"Blur","floor":11},{"not_picked":["Outmaneuver","Malaise"],"picked":"PiercingWail","floor":12},{"not_picked":["Predator","Well Laid Plans"],"picked":"Dodge and Roll","floor":13},{"not_picked":["Concentrate","Outmaneuver","Tactician"],"picked":"SKIP","floor":14},{"not_picked":["Malaise","Storm of Steel"],"picked":"Glass Knife","floor":16},{"not_picked":["Predator+1","Prepared+1"],"picked":"Backflip","floor":18},{"not_picked":["Terror","Choke"],"picked":"Crippling Poison+1","floor":19},{"not_picked":["Deflect","Tactician","Deadly Poison"],"picked":"SKIP","floor":21},{"not_picked":["Escape Plan+1","Acrobatics","Outmaneuver"],"picked":"SKIP","floor":22},{"not_picked":["Flying Knee+1","All Out Attack"],"picked":"Noxious Fumes","floor":23},{"not_picked":["Quick Slash","Distraction+1"],"picked":"Riddle With Holes+1","floor":27},{"not_picked":["Crippling Poison","Eviscerate+1","Prepared+1"],"picked":"SKIP","floor":28},{"not_picked":["Deflect+1","Prepared","Sucker Punch"],"picked":"SKIP","floor":30},{"not_picked":["Slice","Eviscerate"],"picked":"PiercingWail","floor":31},{"not_picked":["Bullet Time","Glass Knife"],"picked":"Burst","floor":33},{"not_picked":["Prepared","Underhanded Strike","Slice+1"],"picked":"SKIP","floor":35},{"not_picked":["Poisoned Stab+1","All Out Attack+1"],"picked":"Noxious Fumes","floor":36},{"not_picked":["Dagger Spray","Deadly Poison+1"],"picked":"Bouncing Flask+1","floor":37},{"not_picked":["Venomology","Concentrate"],"picked":"Caltrops+1","floor":41},{"not_picked":["Accuracy","Dagger Spray+1","Setup"],"picked":"SKIP","floor":44},{"not_picked":["Predator","Acrobatics+1"],"picked":"Deadly Poison+1","floor":46},{"not_picked":["Well Laid Plans+1","Backstab+1","Slice"],"picked":"SKIP","floor":47},{"not_picked":["Concentrate","Outmaneuver"],"picked":"Night Terror","floor":48}],"player_experience":173925,"relics_obtained":[{"floor":6,"key":"Tiny Chest"},{"floor":9,"key":"Darkstone Periapt"},{"floor":12,"key":"Ancient Tea Set"},{"floor":14,"key":"Ninja Scroll"},{"floor":23,"key":"Incense Burner"},{"floor":28,"key":"Blood Vial"},{"floor":30,"key":"Gremlin Horn"},{"floor":41,"key":"Paper Crane"},{"floor":43,"key":"Bronze Scales"},{"floor":44,"key":"The Courier"},{"floor":46,"key":"Mummified Hand"}],"event_choices":[{"damage_healed":0,"gold_gain":175,"player_choice":"AGREE","damage_taken":0,"max_hp_gain":0,"max_hp_loss":0,"event_name":"Liars Game","floor":2,"gold_loss":0,"cards_obtained":["Doubt"]},{"damage_healed":0,"gold_gain":0,"player_choice":"Donut","damage_taken":0,"max_hp_gain":5,"max_hp_loss":0,"event_name":"Big Fish","floor":3,"gold_loss":0},{"damage_healed":0,"gold_gain":0,"player_choice":"Ignored","damage_taken":0,"max_hp_gain":0,"max_hp_loss":0,"event_name":"NoteForYourself","floor":8,"gold_loss":0},{"damage_healed":0,"gold_gain":99,"player_choice":"Stole From Cult","damage_taken":0,"max_hp_gain":0,"max_hp_loss":0,"event_name":"Nest","floor":25,"gold_loss":0},{"damage_healed":0,"gold_gain":0,"player_choice":"Ignored","damage_taken":0,"max_hp_gain":0,"max_hp_loss":0,"event_name":"Mysterious Sphere","floor":38,"gold_loss":0},{"damage_healed":19,"gold_gain":0,"player_choice":"Writhe","damage_taken":0,"max_hp_gain":0,"max_hp_loss":0,"event_name":"Winding Halls","floor":45,"gold_loss":0,"cards_obtained":["Writhe"]}],"is_beta":false,"boss_relics":[{"not_picked":["Runic Dome","Eternal Feather"],"picked":"Fusion Hammer"},{"not_picked":["Coffee Dripper","Snecko Eye"],"picked":"White Beast Statue"}],"items_purged_floors":[5,39],"is_endless":false,"potions_floor_spawned":[1,4,10,22,27,28,31,33,35,36,37,41,44,46,47,48],"killed_by":"Awakened One","ascension_level":1}