{"gold_per_floor":[118,137,137,57,70,70,100,111,111,146,146,246,256,268,268,367,367,355,1,14,24,24],"floor_reached":22,"playtime":1425,"items_purged":[],"score":234,"play_id":"51477337-3593-4107-8d55-3c320676da10","local_time":"20190710110212","is_ascension_mode":true,"campfire_choices":[{"data":"Armaments","floor":6,"key":"SMITH"},{"floor":11,"key":"REST"},{"floor":15,"key":"RECALL"}],"neow_cost":"NONE","seed_source_timestamp":21063962603243,"circlet_count":0,"master_deck":["Strike_R","Strike_R","Strike_R","Strike_R","Strike_R","Defend_R","Defend_R","Defend_R","Defend_R","Bash","Iron Wave+1","Armaments+1","Metallicize","Demon Form","Heavy Blade","Cleave","Flame Barrier","Iron Wave","Uppercut","Juggernaut","Dropkick+1","Twin Strike","Twin Strike+1","Cleave"],"relics":["Burning Blood","Art of War","Strawberry","Kunai","Eternal Feather","Incense Burner"],"potions_floor_usage":[7,8,13,16,21],"damage_taken":[{"damage":6,"enemies":"Jaw Worm","floor":1,"turns":3},{"damage":0,"enemies":"2 Louse","floor":2,"turns":4},{"damage":0,"enemies":"Cultist","floor":5,"turns":5},{"damage":0,"enemies":"Gremlin Nob","floor":7,"turns":4},{"damage":17,"enemies":"Exordium Thugs","floor":8,"turns":7},{"damage":50,"enemies":"Lagavulin","floor":10,"turns":7},{"damage":16,"enemies":"Large Slime","floor":13,"turns":7},{"damage":4,"enemies":"Red Slaver","floor":14,"turns":5},{"damage":34,"enemies":"Hexaghost","floor":16,"turns":11},{"damage":31,"enemies":"2 Thieves","floor":18,"turns":4},{"damage":23,"enemies":"Spheric Guardian","floor":20,"turns":7},{"damage":21,"enemies":"Snecko","floor":21,"turns":6},{"damage":40,"enemies":"3 Cultists","floor":22,"turns":4}],"seed_played":"-8333632929584863415","potions_obtained":[{"floor":2,"key":"SpeedPotion"},{"floor":7,"key":"Swift Potion"},{"floor":10,"key":"BloodPotion"},{"floor":13,"key":"EssenceOfSteel"},{"floor":18,"key":"Fire Potion"},{"floor":21,"key":"Strength Potion"}],"is_trial":false,"path_per_floor":["M","M","?","$","M","R","E","M","T","E","R","?","M","M","R","B",null,"M","$","M","M","M"],"character_chosen":"IRONCLAD","items_purchased":["Armaments","Metallicize","Incense Burner","Twin Strike"],"campfire_rested":1,"item_purchase_floors":[4,4,19,19],"current_hp_per_floor":[80,80,80,80,80,80,87,76,76,32,58,58,69,71,71,43,87,62,62,45,30,0],"gold":24,"neow_bonus":"RANDOM_COMMON_RELIC","is_prod":false,"is_daily":false,"chose_seed":false,"campfire_upgraded":1,"win_rate":0,"timestamp":1562781732,"path_taken":["M","M","?","$","M","R","E","M","T","E","R","?","M","M","R","BOSS","M","$","M","M","M"],"build_version":"2019-07-05","purchased_purges":0,"victory":false,"max_hp_per_floor":[80,80,80,80,80,80,87,87,87,87,87,87,87,87,87,87,87,87,87,87,87,87],"card_choices":[{"not_picked":["Wild Strike","Battle Trance","Warcry"],"picked":"SKIP","floor":1},{"not_picked":["Anger","Rupture"],"picked":"Iron Wave","floor":2},{"not_picked":["Armaments","Dropkick"],"picked":"Demon Form","floor":5},{"not_picked":["Corruption","Anger"],"picked":"Heavy Blade","floor":7},{"not_picked":["Havoc","Pommel Strike"],"picked":"Cleave","floor":8},{"not_picked":["Battle Trance","Perfected Strike"],"picked":"Flame Barrier","floor":10},{"not_picked":["Power Through","Cleave"],"picked":"Iron Wave","floor":13},{"not_picked":["Clash","Rupture"],"picked":"Uppercut","floor":14},{"not_picked":["Brutality","Offering"],"picked":"Juggernaut","floor":16},{"not_picked":["Hemokinesis","Clothesline"],"picked":"Dropkick+1","floor":18},{"not_picked":["Searing Blow","Clothesline"],"picked":"Twin Strike+1","floor":20},{"not_picked":["Thunderclap","Clothesline"],"picked":"Cleave","floor":21}],"player_experience":251140,"relics_obtained":[{"floor":7,"key":"Strawberry"},{"floor":10,"key":"Kunai"}],"event_choices":[{"damage_healed":0,"gold_gain":0,"player_choice":"Grow","damage_taken":0,"max_hp_gain":0,"max_hp_loss":0,"event_name":"Living Wall","floor":3,"gold_loss":0,"cards_upgraded":["Iron Wave"]},{"damage_healed":0,"gold_gain":100,"player_choice":"Pray","damage_taken":0,"max_hp_gain":0,"max_hp_loss":0,"event_name":"Golden Shrine","floor":12,"gold_loss":0}],"is_beta":false,"boss_relics":[{"not_picked":["Fusion Hammer","Calling Bell"],"picked":"Eternal Feather"}],"items_purged_floors":[],"is_endless":false,"potions_floor_spawned":[2,7,10,13,18,21],"killed_by":"3 Cultists","ascension_level":1}