{"gold_per_floor":[113,128,128,145,156,156,213,213,265,279,309,325,357,376,376,479,479,494,507,507,199,114,141,141,171,171,181,214,231,265,282,282,382,382,392,392,447,92,105,134,134,163,163,163,175,204,224,45,45,45,45,45,45,74,74],"floor_reached":56,"playtime":9194,"items_purged":["Strike_B","Strike_B"],"score":1696,"play_id":"8dcc203f-a1be-410d-8634-8915f2c60720","local_time":"20190703202523","is_ascension_mode":true,"campfire_choices":[{"data":"Zap","floor":6.0,"key":"SMITH"},{"data":"Dualcast","floor":8.0,"key":"SMITH"},{"data":"Defragment","floor":15.0,"key":"SMITH"},{"data":"Biased Cognition","floor":24.0,"key":"SMITH"},{"data":"Coolheaded","floor":32.0,"key":"SMITH"},{"data":"Deep Breath","floor":41.0,"key":"SMITH"},{"data":"Chill","floor":44.0,"key":"SMITH"},{"floor":49.0,"key":"RECALL"},{"data":"Loop","floor":52.0,"key":"SMITH"}],"neow_cost":"NONE","seed_source_timestamp":0,"circlet_count":0,"master_deck":["Strike_B","Defend_B","Defend_B","Defend_B+1","Zap+1","Dualcast+1","Ball Lightning","Thunder Strike","Defend_R","Self Repair","Defragment+1","Leap","Sweeping Beam","Hologram+1","Cold Snap","Biased Cognition+1","Chill+1","Coolheaded+1","Skim","Defragment+1","Violence","Dark Shackles","Deep Breath+1","Conserve Battery+1","Loop+1"],"special_seed":0,"relics":["Cracked Core","Boot","Vajra","Mercury Hourglass","Thread and Needle","Busted Crown","ClockworkSouvenir","Ice Cream","Dream Catcher","Omamori","Lantern","Centennial Puzzle","Happy Flower","Inserter","Gambling Chip","Runic Capacitor","Bronze Scales","War Paint","Oddly Smooth Stone","Peace Pipe","DataDisk"],"potions_floor_usage":[55,55],"damage_taken":[{"damage":5.0,"enemies":"Small Slimes","floor":1.0,"turns":3.0},{"damage":0.0,"enemies":"Cultist","floor":2.0,"turns":2.0},{"damage":4.0,"enemies":"2 Louse","floor":4.0,"turns":3.0},{"damage":18.0,"enemies":"Large Slime","floor":5.0,"turns":5.0},{"damage":25.0,"enemies":"3 Sentries","floor":7.0,"turns":6.0},{"damage":0.0,"enemies":"Exordium Wildlife","floor":10.0,"turns":2.0},{"damage":13.0,"enemies":"3 Sentries","floor":11.0,"turns":6.0},{"damage":0.0,"enemies":"3 Louse","floor":12.0,"turns":2.0},{"damage":11.0,"enemies":"Gremlin Nob","floor":13.0,"turns":3.0},{"damage":0.0,"enemies":"2 Fungi Beasts","floor":14.0,"turns":3.0},{"damage":0.0,"enemies":"The Guardian","floor":16.0,"turns":9.0},{"damage":5.0,"enemies":"2 Thieves","floor":18.0,"turns":3.0},{"damage":0.0,"enemies":"Shell Parasite","floor":19.0,"turns":5.0},{"damage":1.0,"enemies":"Book of Stabbing","floor":23.0,"turns":4.0},{"damage":0.0,"enemies":"Gremlin Leader","floor":25.0,"turns":5.0},{"damage":0.0,"enemies":"Chosen and Byrds","floor":27.0,"turns":4.0},{"damage":0.0,"enemies":"Book of Stabbing","floor":28.0,"turns":5.0},{"damage":0.0,"enemies":"Centurion and Healer","floor":29.0,"turns":3.0},{"damage":0.0,"enemies":"Slavers","floor":30.0,"turns":4.0},{"damage":0.0,"enemies":"Snake Plant","floor":31.0,"turns":3.0},{"damage":0.0,"enemies":"Champ","floor":33.0,"turns":8.0},{"damage":14.0,"enemies":"3 Shapes","floor":35.0,"turns":3.0},{"damage":0.0,"enemies":"2 Orb Walkers","floor":37.0,"turns":4.0},{"damage":0.0,"enemies":"3 Darklings","floor":39.0,"turns":4.0},{"damage":0.0,"enemies":"Reptomancer","floor":40.0,"turns":5.0},{"damage":0.0,"enemies":"Giant Head","floor":42.0,"turns":7.0},{"damage":2.0,"enemies":"Spire Growth","floor":45.0,"turns":4.0},{"damage":0.0,"enemies":"Reptomancer","floor":46.0,"turns":6.0},{"damage":0.0,"enemies":"Jaw Worm Horde","floor":47.0,"turns":3.0},{"damage":0.0,"enemies":"Time Eater","floor":50.0,"turns":18.0},{"damage":0,"enemies":"Shield and Spear","floor":54,"turns":8},{"damage":16,"enemies":"The Heart","floor":55,"turns":9}],"seed_played":"7597327253844713008","potions_obtained":[{"floor":2.0,"key":"SkillPotion"},{"floor":10.0,"key":"SkillPotion"},{"floor":11.0,"key":"Fire Potion"},{"floor":13.0,"key":"LiquidBronze"},{"floor":16.0,"key":"SkillPotion"},{"floor":23.0,"key":"Explosive Potion"},{"floor":30.0,"key":"FairyPotion"},{"floor":31.0,"key":"Block Potion"},{"floor":39.0,"key":"Swift Potion"},{"floor":40.0,"key":"GamblersBrew"},{"floor":45.0,"key":"Weak Potion"},{"floor":46.0,"key":"Energy Potion"}],"is_trial":false,"path_per_floor":["M","M","?","M","M","R","?","R","T","M","E","M","E","M","R","B",null,"M","M","?","$","?","E","R","E","T","M","E","M","E","M","R","B",null,"M","?","?","$","M","E","R","E","T","R","M","E","M","$","R","B",null,"R","$","E","B",null],"character_chosen":"DEFECT","items_purchased":["Coolheaded","ClockworkSouvenir","Runic Capacitor","Bronze Scales","Loop"],"campfire_rested":0,"item_purchase_floors":[21,21,38,38,48],"current_hp_per_floor":[70,70,70,66,55,55,37,37,37,44,31,31,27,27,27,34,75,75,75,75,75,75,75,75,75,75,75,75,75,75,75,75,75,75,68,58,65,65,72,75,75,75,75,75,75,75,75,75,75,75,75,75,75,75,66],"gold":74,"neow_bonus":"REMOVE_CARD","is_prod":false,"is_daily":false,"chose_seed":false,"campfire_upgraded":8,"win_rate":0,"timestamp":1562149523,"path_taken":["M","M","?","?","M","R","?","R","T","M","E","M","E","M","R","BOSS","M","M","?","$","?","E","R","E","T","M","E","M","E","M","R","BOSS","M","?","?","?","M","E","R","E","T","R","?","E","M","$","R","BOSS","R","$","E","BOSS"],"build_version":"2019-07-01","purchased_purges":2,"victory":true,"max_hp_per_floor":[75,75,75,75,75,75,75,75,75,75,75,75,75,75,75,75,75,75,75,75,75,75,75,75,75,75,75,75,75,75,75,75,75,75,75,75,75,75,75,75,75,75,75,75,75,75,75,75,75,75,75,75,75,75,75],"card_choices":[{"not_picked":["Leap","Hologram"],"picked":"Ball Lightning","floor":1.0},{"not_picked":["Darkness","Steam Power"],"picked":"Thunder Strike","floor":2.0},{"not_picked":["Fusion","Steam"],"picked":"Self Repair","floor":4.0},{"not_picked":["Redo","Stack"],"picked":"Defragment","floor":5.0},{"not_picked":["Compile Driver","Streamline"],"picked":"Leap","floor":7.0},{"not_picked":["Meteor Strike","Reprogram"],"picked":"Sweeping Beam","floor":10.0},{"not_picked":["Recycle","Fission","Rainbow"],"picked":"SKIP","floor":11.0},{"not_picked":["Sweeping Beam","Reinforced Body","Compile Driver"],"picked":"SKIP","floor":12.0},{"not_picked":["BootSequence","Double Energy"],"picked":"Hologram","floor":13.0},{"not_picked":["Consume","Recycle"],"picked":"Cold Snap","floor":14.0},{"not_picked":["Core Surge","Machine Learning"],"picked":"Biased Cognition","floor":16.0},{"not_picked":["Beam Cell+1"],"picked":"SKIP","floor":18.0},{"not_picked":["Tempest"],"picked":"SKIP","floor":19.0},{"not_picked":[],"picked":"Skim","floor":23.0},{"not_picked":[],"picked":"Defragment+1","floor":25.0},{"not_picked":["Stack+1"],"picked":"SKIP","floor":27.0},{"not_picked":["Consume+1"],"picked":"SKIP","floor":28.0},{"not_picked":["Static Discharge"],"picked":"SKIP","floor":29.0},{"not_picked":["Reprogram"],"picked":"SKIP","floor":30.0},{"not_picked":["Rebound"],"picked":"SKIP","floor":31.0},{"not_picked":["Streamline+1"],"picked":"SKIP","floor":35.0},{"not_picked":[],"picked":"Violence","floor":36.0},{"not_picked":[],"picked":"Dark Shackles","floor":36.0},{"not_picked":[],"picked":"Deep Breath","floor":36.0},{"not_picked":["Cold Snap"],"picked":"SKIP","floor":39.0},{"not_picked":[],"picked":"Conserve Battery+1","floor":40.0},{"not_picked":["Cold Snap"],"picked":"SKIP","floor":42.0},{"not_picked":["Stack+1"],"picked":"SKIP","floor":45.0},{"not_picked":["Compile Driver"],"picked":"SKIP","floor":46.0},{"not_picked":["Skim+1"],"picked":"SKIP","floor":47.0},{"not_picked":["Redo"],"picked":"SKIP","floor":54}],"player_experience":632304,"relics_obtained":[{"floor":7.0,"key":"Boot"},{"floor":9.0,"key":"Vajra"},{"floor":11.0,"key":"Mercury Hourglass"},{"floor":13.0,"key":"Thread and Needle"},{"floor":23.0,"key":"Dream Catcher"},{"floor":25.0,"key":"Omamori"},{"floor":26.0,"key":"Lantern"},{"floor":28.0,"key":"Centennial Puzzle"},{"floor":30.0,"key":"Happy Flower"},{"floor":37.0,"key":"Gambling Chip"},{"floor":40.0,"key":"War Paint"},{"floor":42.0,"key":"Oddly Smooth Stone"},{"floor":46.0,"key":"Peace Pipe"},{"floor":54,"key":"DataDisk"}],"event_choices":[{"cards_removed":["Defend_B"],"damage_healed":0.0,"max_hp_gain":0.0,"max_hp_loss":0.0,"gold_gain":0.0,"event_name":"NoteForYourself","player_choice":"Took Card","floor":3.0,"gold_loss":0.0,"damage_taken":0.0,"cards_obtained":["Defend_R"]},{"damage_healed":0.0,"max_hp_gain":0.0,"max_hp_loss":0.0,"gold_gain":0.0,"event_name":"Dead Adventurer","player_choice":"Searched \u00271\u0027 times","floor":7.0,"gold_loss":0.0,"damage_taken":0.0},{"damage_healed":0.0,"max_hp_gain":0.0,"max_hp_loss":0.0,"gold_gain":0.0,"event_name":"The Library","player_choice":"Read","floor":20.0,"gold_loss":0.0,"damage_taken":0.0,"cards_obtained":["Chill"]},{"damage_healed":0.0,"max_hp_gain":0.0,"max_hp_loss":0.0,"gold_gain":0.0,"event_name":"Addict","player_choice":"Obtained Relic","floor":22.0,"gold_loss":85.0,"damage_taken":0.0,"relics_obtained":["Ice Cream"]},{"damage_healed":0.0,"max_hp_gain":0.0,"max_hp_loss":0.0,"gold_gain":0.0,"event_name":"SensoryStone","player_choice":"Memory 3","floor":36.0,"gold_loss":0.0,"damage_taken":10.0},{"damage_healed":0.0,"max_hp_gain":0.0,"max_hp_loss":0.0,"gold_gain":0.0,"event_name":"Mysterious Sphere","player_choice":"Fight","floor":37.0,"gold_loss":0.0,"damage_taken":0.0}],"is_beta":false,"boss_relics":[{"not_picked":["White Beast Statue","Calling Bell"],"picked":"Busted Crown"},{"not_picked":["Cursed Key","Tiny House"],"picked":"Inserter"}],"items_purged_floors":[21,48],"is_endless":false,"potions_floor_spawned":[2,10,11,13,16,23,30,31,33,39,40,45,46,47],"ascension_level":1}