{"gold_per_floor":[209,228,239,89,39,65,65,99,125,125,125,155,165,191,191,191],"floor_reached":16,"playtime":574,"items_purged":["Strike_G"],"score":192,"play_id":"caeba4f7-dfc4-4ef9-800c-2660a1d28bf9","local_time":"20190607122146","is_ascension_mode":true,"campfire_choices":[{"floor":7,"key":"REST"},{"floor":10,"key":"REST"},{"floor":15,"key":"REST"}],"neow_cost":"NONE","seed_source_timestamp":22540352921636,"circlet_count":0,"master_deck":["AscendersBane","Defend_G","Defend_G","Defend_G","Defend_G","Defend_G","Strike_G","Strike_G","Strike_G","Survivor","Neutralize","Cloak And Dagger","Flying Knee","Dagger Spray","Riddle With Holes","Backflip","Skewer","Parasite","Deadly Poison","Backflip"],"relics":["Ring of the Snake","PreservedInsect","Smiling Mask","Snake Skull","Blood Vial","Darkstone Periapt"],"potions_floor_usage":[16,16],"damage_taken":[{"damage":7,"enemies":"2 Louse","floor":1,"turns":3},{"damage":0,"enemies":"Cultist","floor":2,"turns":4},{"damage":0,"enemies":"Small Slimes","floor":3,"turns":3},{"damage":55,"enemies":"Lagavulin","floor":6,"turns":10},{"damage":4,"enemies":"Gremlin Nob","floor":8,"turns":3},{"damage":32,"enemies":"Lagavulin","floor":12,"turns":6},{"damage":0,"enemies":"3 Louse","floor":13,"turns":2},{"damage":24,"enemies":"Gremlin Nob","floor":14,"turns":4},{"damage":37,"enemies":"Slime Boss","floor":16,"turns":5}],"seed_played":"6449441913445756754","potions_obtained":[{"floor":3,"key":"SmokeBomb"},{"floor":8,"key":"SpeedPotion"},{"floor":12,"key":"SpeedPotion"},{"floor":14,"key":"PowerPotion"}],"is_trial":false,"path_per_floor":["M","M","M","$","?","E","R","E","T","R","?","E","M","E","R","B"],"character_chosen":"THE_SILENT","items_purchased":["Riddle With Holes"],"campfire_rested":3,"item_purchase_floors":[4],"current_hp_per_floor":[56,56,56,56,56,1,22,18,18,39,56,24,26,4,25,0],"gold":191,"neow_bonus":"HUNDRED_GOLD","is_prod":false,"is_daily":false,"chose_seed":false,"campfire_upgraded":0,"win_rate":0,"timestamp":1559924506,"path_taken":["M","M","M","$","?","E","R","E","T","R","?","E","M","E","R","BOSS"],"build_version":"2019-01-23","purchased_purges":1,"victory":false,"max_hp_per_floor":[70,70,70,70,70,70,70,70,70,70,70,70,70,70,70,70],"card_choices":[{"not_picked":["Calculated Gamble","Sucker Punch"],"picked":"Cloak And Dagger","floor":1},{"not_picked":["Poisoned Stab","Outmaneuver"],"picked":"Flying Knee","floor":2},{"not_picked":["Backflip","Sucker Punch"],"picked":"Dagger Spray","floor":3},{"not_picked":["Sucker Punch","Terror"],"picked":"Backflip","floor":6},{"not_picked":["Reflex","Finisher"],"picked":"Skewer","floor":8},{"not_picked":["Dodge and Roll","Dagger Spray"],"picked":"Deadly Poison","floor":12},{"not_picked":["Heel Hook","Doppelganger"],"picked":"Backflip","floor":13},{"not_picked":["Quick Slash","Cloak And Dagger","Dagger Throw"],"picked":"SKIP","floor":14}],"player_experience":395099,"relics_obtained":[{"floor":6,"key":"PreservedInsect"},{"floor":8,"key":"Smiling Mask"},{"floor":9,"key":"Snake Skull"},{"floor":12,"key":"Blood Vial"},{"floor":14,"key":"Darkstone Periapt"}],"event_choices":[{"cards_removed":["Strike_G"],"damage_healed":0,"gold_gain":0,"player_choice":"Card Removal","damage_taken":0,"max_hp_gain":0,"max_hp_loss":0,"event_name":"The Cleric","floor":5,"gold_loss":50},{"damage_healed":17,"gold_gain":0,"player_choice":"Healed and dodged fight","damage_taken":0,"max_hp_gain":0,"max_hp_loss":0,"event_name":"Mushrooms","floor":11,"gold_loss":0,"cards_obtained":["Parasite"]}],"is_beta":false,"boss_relics":[],"items_purged_floors":[4],"is_endless":false,"potions_floor_spawned":[3,8,12,14],"killed_by":"Slime Boss","ascension_level":10}