{"gold_per_floor":[113,188,64,239,253,253,286,286,311,326,346,356,356,381,381,480,480,492,160,177,3,3,3],"floor_reached":23,"playtime":1494,"items_purged":["Strike_B","Normality","Pain"],"score":189,"play_id":"e34a9c41-7598-405e-8383-b576047a2a2c","local_time":"20180625183839","is_ascension_mode":false,"campfire_choices":[{"data":"Genetic Algorithm","floor":6,"key":"SMITH"},{"data":"Hologram","floor":8,"key":"SMITH"},{"floor":15,"key":"REST"}],"neow_cost":"CURSE","seed_source_timestamp":666185527085523,"circlet_count":0,"master_deck":["Strike_B","Defend_B","Defend_B","Defend_B","Defend_B","Zap","Dualcast","BootSequence","Genetic Algorithm+1","Hologram+1","Ball Lightning","Fission","Doom and Gloom","Darkness","Coolheaded","Chill","Reboot","Tempest+1","Coolheaded+1","Loop","Loop","Self Repair+1","Deep Breath+1"],"relics":["Cracked Core","Prayer Wheel","The Courier","Oddly Smooth Stone","Pen Nib","Astrolabe","Toxic Egg 2"],"potions_floor_usage":[7,16,16,23],"damage_taken":[{"damage":0,"enemies":"Small Slimes","floor":1,"turns":3},{"damage":6,"enemies":"2 Louse","floor":5,"turns":3},{"damage":24,"enemies":"3 Sentries","floor":7,"turns":6},{"damage":0,"enemies":"Jaw Worm","floor":10,"turns":3},{"damage":0,"enemies":"2 Fungi Beasts","floor":11,"turns":2},{"damage":8,"enemies":"Large Slime","floor":12,"turns":6},{"damage":28,"enemies":"Hexaghost","floor":16,"turns":11},{"damage":7,"enemies":"2 Thieves","floor":18,"turns":4},{"damage":10,"enemies":"Chosen","floor":20,"turns":6},{"damage":60,"enemies":"Book of Stabbing","floor":23,"turns":7}],"seed_played":"-2293220093942232542","potions_obtained":[{"floor":5,"key":"Fire Potion"},{"floor":7,"key":"Swift Potion"},{"floor":11,"key":"Fire Potion"},{"floor":12,"key":"Weak Potion"},{"floor":20,"key":"EssenceOfSteel"}],"is_trial":false,"path_per_floor":["M","?","$","?","M","R","E","R","T","M","M","M","?","T","R","B",null,"M","$","M","$","?"],"character_chosen":"DEFECT","items_purchased":["Hologram","Toxic Egg 2","Loop","Deep Breath+1"],"campfire_rested":1,"item_purchase_floors":[3,19,19,21],"current_hp_per_floor":[75,64,64,64,58,58,34,34,34,34,34,26,19,19,41,13,75,68,68,58,58,58,0],"gold":3,"neow_bonus":"ONE_RARE_RELIC","is_prod":false,"is_daily":false,"chose_seed":false,"campfire_upgraded":2,"win_rate":0,"timestamp":1529966319,"path_taken":["M","?","$","?","?","R","E","R","T","M","M","M","?","?","R","BOSS","M","$","M","$","?","E"],"build_version":"2018-06-21v2","purchased_purges":3,"victory":false,"max_hp_per_floor":[75,75,75,75,75,75,75,75,75,75,75,75,75,75,75,75,75,75,75,75,75,75,75],"card_choices":[{"not_picked":["Steam","Stack"],"picked":"BootSequence","floor":1},{"not_picked":["Barrage","Heatsinks"],"picked":"Genetic Algorithm","floor":1},{"not_picked":["Chill","Darkness"],"picked":"Ball Lightning","floor":5},{"not_picked":["Redo","Heatsinks","Streamline"],"picked":"SKIP","floor":5},{"not_picked":["Gash","Coolheaded"],"picked":"Fission","floor":7},{"not_picked":["Glacier","Scrape"],"picked":"Doom and Gloom","floor":10},{"not_picked":["Auto Shields","Streamline"],"picked":"Darkness","floor":10},{"not_picked":["Steam","Hologram"],"picked":"Coolheaded","floor":11},{"not_picked":["Double Energy","Streamline","FTL"],"picked":"SKIP","floor":11},{"not_picked":["Doom and Gloom","Hologram"],"picked":"Chill","floor":12},{"not_picked":["Scrape","Hologram","Reprogram"],"picked":"SKIP","floor":12},{"not_picked":["All For One","Machine Learning"],"picked":"Reboot","floor":16},{"not_picked":["Self Repair","Cold Snap"],"picked":"Coolheaded+1","floor":18},{"not_picked":["Stack","White Noise"],"picked":"Loop","floor":18},{"not_picked":["Leap+1","Melter"],"picked":"Self Repair+1","floor":20},{"not_picked":["Streamline","Auto Shields+1","Stack+1"],"picked":"SKIP","floor":20}],"player_experience":63679,"relics_obtained":[{"floor":7,"key":"The Courier"},{"floor":9,"key":"Oddly Smooth Stone"},{"floor":14,"key":"Pen Nib"}],"event_choices":[{"event_name":"World of Goop","player_choice":"Gather Gold","floor":2,"damage_taken":0},{"event_name":"Liars Game","player_choice":"agreed","floor":4,"damage_taken":0},{"event_name":"Golden Wing","player_choice":"Card Removal","floor":13,"damage_taken":0},{"event_name":"Drug Dealer","player_choice":"Ignored","floor":22,"damage_taken":0}],"boss_relics":[{"not_picked":["Tiny House","Lizard Tail"],"picked":"Astrolabe"}],"items_purged_floors":[3,19,21],"is_endless":false,"potions_floor_spawned":[5,7,11,12,20],"killed_by":"Book of Stabbing","ascension_level":0}