{"gold_per_floor":[113,130,140,140,159,159,184,184,253,270,270,167,167],"floor_reached":13,"playtime":447,"items_purged":["Strike_B"],"score":195,"play_id":"c417f0ac-bc81-43c4-9119-3de145d90afc","local_time":"20181127115417","is_ascension_mode":true,"campfire_choices":[{"data":"Sweeping Beam","floor":6,"key":"SMITH"},{"data":"Hologram","floor":8,"key":"SMITH"},{"floor":11,"key":"REST"}],"neow_cost":"NONE","seed_source_timestamp":168914474087578,"circlet_count":0,"master_deck":["AscendersBane","Strike_B","Strike_B","Strike_B","Defend_B","Defend_B","Defend_B","Defend_B","Zap+1","Dualcast","Sweeping Beam+1","Cold Snap","Coolheaded","Hologram+1","Meteor Strike","Turbo"],"relics":["Cracked Core","Mango","Sundial"],"potions_floor_usage":[7,13],"damage_taken":[{"damage":14,"enemies":"Jaw Worm","floor":1,"turns":4},{"damage":1,"enemies":"Cultist","floor":2,"turns":3},{"damage":1,"enemies":"2 Louse","floor":3,"turns":3},{"damage":2,"enemies":"2 Fungi Beasts","floor":5,"turns":3},{"damage":22,"enemies":"3 Sentries","floor":7,"turns":9},{"damage":29,"enemies":"Exordium Thugs","floor":10,"turns":4},{"damage":81,"enemies":"Gremlin Nob","floor":13,"turns":4}],"seed_played":"-3724991376397371504","potions_obtained":[{"floor":3,"key":"SkillPotion"},{"floor":5,"key":"Ancient Potion"},{"floor":7,"key":"Regen Potion"}],"is_trial":false,"path_per_floor":["M","M","M","?","M","R","E","R","T","M","R","$","E"],"character_chosen":"DEFECT","items_purchased":["Turbo"],"campfire_rested":1,"item_purchase_floors":[12],"current_hp_per_floor":[57,56,55,55,53,53,45,45,45,16,43,43,0],"gold":167,"neow_bonus":"TEN_PERCENT_HP_BONUS","is_prod":false,"is_daily":false,"chose_seed":false,"campfire_upgraded":2,"win_rate":0,"timestamp":1543337657,"path_taken":["M","M","M","?","M","R","E","R","T","?","R","$","E"],"build_version":"2018-11-15","purchased_purges":1,"victory":false,"max_hp_per_floor":[78,78,78,78,78,78,92,92,92,92,92,92,92],"card_choices":[{"not_picked":["Streamline","Leap"],"picked":"Sweeping Beam","floor":1},{"not_picked":["Steam","Redo"],"picked":"Cold Snap","floor":2},{"not_picked":["Recycle","Rebound"],"picked":"Coolheaded","floor":3},{"not_picked":["BootSequence","Leap"],"picked":"Hologram","floor":5},{"not_picked":["BootSequence","Skim","Reprogram"],"picked":"SKIP","floor":7},{"not_picked":["Go for the Eyes","White Noise"],"picked":"Meteor Strike","floor":10}],"player_experience":1163710,"relics_obtained":[{"floor":7,"key":"Mango"},{"floor":9,"key":"Sundial"}],"event_choices":[{"damage_healed":0,"gold_gain":0,"player_choice":"Upgraded","damage_taken":0,"max_hp_gain":0,"max_hp_loss":0,"event_name":"Upgrade Shrine","floor":4,"gold_loss":0,"cards_upgraded":["Zap"]}],"is_beta":false,"boss_relics":[],"items_purged_floors":[12],"is_endless":false,"potions_floor_spawned":[3,5,7],"killed_by":"Gremlin Nob","ascension_level":20}