{"gold_per_floor":[112,112,35,35,47,107,107,138,215,231,278,278,297,309,309,387,387,397,372,254,254,4,29,29,57,57,57,87,87,101,101],"floor_reached":31,"playtime":1576,"items_purged":["Strike_G","Strike_G"],"score":777,"play_id":"42abbcb0-ccc2-4611-a469-19797eae7eff","local_time":"20190713021622","is_ascension_mode":true,"campfire_choices":[{"data":"Deadly Poison","floor":7.0,"key":"SMITH"},{"data":"Neutralize","floor":12,"key":"SMITH"},{"floor":15,"key":"REST"},{"data":"Wraith Form v2","floor":24,"key":"SMITH"},{"data":"1","floor":27,"key":"LIFT"},{"data":"2","floor":29,"key":"LIFT"}],"neow_cost":"NONE","seed_source_timestamp":288248478584114,"circlet_count":0,"master_deck":["AscendersBane","Strike_G","Defend_G","Defend_G","Defend_G","Defend_G","Defend_G","Survivor","Neutralize+1","Quick Slash","After Image+1","Deadly Poison+1","Backflip","Dash","PiercingWail","Wraith Form v2+1","Backflip+1","Footwork","Crippling Poison","Predator","Terror","Night Terror","Leg Sweep","Footwork"],"special_seed":0,"relics":["Ring of the Snake","NeowsBlessing","Tiny Chest","Vajra","Pear","Odd Mushroom","Strawberry","Snecko Eye","Girya","Potion Belt","Bottled Lightning","Bag of Preparation"],"potions_floor_usage":[16,25,31],"damage_taken":[{"damage":0.0,"enemies":"Jaw Worm","floor":1.0,"turns":1.0},{"damage":0.0,"enemies":"Small Slimes","floor":5.0,"turns":1.0},{"damage":0.0,"enemies":"Lagavulin","floor":6.0,"turns":1.0},{"damage":71.0,"enemies":"Gremlin Nob","floor":8.0,"turns":6.0},{"damage":0.0,"enemies":"Cultist","floor":10.0,"turns":3.0},{"damage":9.0,"enemies":"The Mushroom Lair","floor":11.0,"turns":6.0},{"damage":9,"enemies":"Lots of Slimes","floor":13,"turns":5},{"damage":4,"enemies":"Large Slime","floor":14,"turns":6},{"damage":28,"enemies":"Hexaghost","floor":16,"turns":14},{"damage":22,"enemies":"Spheric Guardian","floor":18,"turns":7},{"damage":0,"enemies":"2 Thieves","floor":19,"turns":4},{"damage":0,"enemies":"Book of Stabbing","floor":23,"turns":6},{"damage":0,"enemies":"Gremlin Leader","floor":25,"turns":7},{"damage":6,"enemies":"Book of Stabbing","floor":28,"turns":7},{"damage":0,"enemies":"Snecko","floor":30,"turns":4},{"damage":43,"enemies":"Gremlin Leader","floor":31,"turns":7}],"seed_played":"-794319701466649305","potions_obtained":[{"floor":1.0,"key":"Regen Potion"},{"floor":5.0,"key":"Regen Potion"},{"floor":14,"key":"GamblersBrew"},{"floor":19,"key":"Fire Potion"},{"floor":25,"key":"Weak Potion"}],"is_trial":false,"path_per_floor":["M","?","$","?","M","E","R","E","T","M","?","R","M","M","R","B",null,"M","M","$","?","$","E","R","E","T","R","E","R","M","E"],"character_chosen":"THE_SILENT","items_purchased":["After Image","Crippling Poison","Night Terror"],"campfire_rested":1,"item_purchase_floors":[3,20,22],"current_hp_per_floor":[59,64,64,64,64,64,64,12,22,22,20,20,11,7,33,5,67,45,45,45,45,45,45,45,45,45,45,39,39,39,0],"gold":101,"neow_bonus":"THREE_ENEMY_KILL","is_prod":false,"is_daily":false,"chose_seed":false,"campfire_upgraded":3,"win_rate":0,"timestamp":1562998582,"path_taken":["M","?","$","?","M","E","R","E","T","M","?","R","M","?","R","BOSS","M","M","?","?","$","E","R","E","T","R","E","R","M","E"],"build_version":"2019-07-05","purchased_purges":2,"victory":false,"max_hp_per_floor":[66,71,71,71,71,71,71,71,81,81,88,88,88,88,88,88,88,88,88,88,88,88,88,88,88,88,88,88,88,88,88],"card_choices":[{"not_picked":["Bouncing Flask","Acrobatics"],"picked":"Quick Slash","floor":1.0},{"not_picked":["Blur","Bouncing Flask"],"picked":"Deadly Poison","floor":5.0},{"not_picked":["Bullet Time","Underhanded Strike"],"picked":"Backflip","floor":6.0},{"not_picked":["Flying Knee","Slice"],"picked":"Dash","floor":8.0},{"not_picked":["Outmaneuver","Reflex","Sucker Punch"],"picked":"SKIP","floor":10.0},{"not_picked":["Cloak And Dagger","Glass Knife"],"picked":"PiercingWail","floor":13},{"not_picked":["Slice","Predator","Dagger Throw"],"picked":"SKIP","floor":14},{"not_picked":["Doppelganger","Night Terror"],"picked":"Wraith Form v2","floor":16},{"not_picked":["Predator","Blade Dance"],"picked":"Backflip+1","floor":18},{"not_picked":["Slice","Acrobatics"],"picked":"Footwork","floor":19},{"not_picked":["Deflect","Bane","Slice"],"picked":"SKIP","floor":23},{"not_picked":["Dagger Spray","Heel Hook","Sucker Punch+1"],"picked":"SKIP","floor":25},{"not_picked":["Bouncing Flask","Dagger Spray"],"picked":"Leg Sweep","floor":28},{"not_picked":["Deflect","Cloak And Dagger"],"picked":"Footwork","floor":30}],"player_experience":1479804,"relics_obtained":[{"floor":6.0,"key":"Tiny Chest"},{"floor":8.0,"key":"Vajra"},{"floor":9.0,"key":"Pear"},{"floor":11,"key":"Odd Mushroom"},{"floor":11,"key":"Strawberry"},{"floor":23,"key":"Girya"},{"floor":25,"key":"Potion Belt"},{"floor":26,"key":"Bottled Lightning"},{"floor":28,"key":"Bag of Preparation"}],"event_choices":[{"damage_healed":0.0,"max_hp_gain":5.0,"max_hp_loss":0.0,"gold_gain":0.0,"event_name":"Big Fish","player_choice":"Donut","floor":2.0,"gold_loss":0.0,"damage_taken":0.0},{"damage_healed":0.0,"max_hp_gain":0.0,"max_hp_loss":0.0,"gold_gain":0.0,"event_name":"Living Wall","player_choice":"Grow","floor":4.0,"gold_loss":0.0,"damage_taken":0.0,"cards_upgraded":["After Image"]},{"damage_healed":0.0,"max_hp_gain":0.0,"max_hp_loss":0.0,"gold_gain":0.0,"event_name":"Mushrooms","player_choice":"Fought Mushrooms","floor":11.0,"gold_loss":0.0,"damage_taken":0.0},{"damage_healed":0,"gold_gain":0,"cards_transformed":["Strike_G","Strike_G"],"player_choice":"Became Test Subject","damage_taken":0,"max_hp_gain":0,"max_hp_loss":0,"event_name":"Drug Dealer","floor":21,"gold_loss":0,"cards_obtained":["Predator","Terror"]}],"is_beta":false,"boss_relics":[{"not_picked":["Ring of the Serpent","Orrery"],"picked":"Snecko Eye"}],"items_purged_floors":[20,22],"is_endless":false,"potions_floor_spawned":[1,5,14,19,25],"killed_by":"Gremlin Leader","ascension_level":20}