{"gold_per_floor":[119,137,35,54,54,83,83,138,161,193,219,68,68,68,68,170,170,187,33,50,50],"floor_reached":21,"playtime":1114,"items_purged":["Strike_G","Strike_G"],"score":215,"play_id":"b9c374ab-a69d-41b7-a39a-b5c4487c9b53","local_time":"20190716032716","is_ascension_mode":true,"campfire_choices":[{"floor":7,"key":"REST"},{"floor":13,"key":"REST"},{"floor":15,"key":"REST"}],"neow_cost":"NONE","seed_source_timestamp":13176863277832,"circlet_count":0,"master_deck":["Strike_G","Strike_G+1","Strike_G","Defend_G","Defend_G","Defend_G","Defend_G","Defend_G","Survivor","Neutralize+1","Noxious Fumes","Backflip","Noxious Fumes","Poisoned Stab","Envenom","Grand Finale","Blade Dance"],"relics":["Ring of the Snake","Ancient Tea Set","Tiny Chest","PreservedInsect","Whetstone","Pen Nib","WristBlade"],"potions_floor_usage":[18],"damage_taken":[{"damage":0,"enemies":"Cultist","floor":1,"turns":5},{"damage":0,"enemies":"2 Louse","floor":2,"turns":3},{"damage":4,"enemies":"Jaw Worm","floor":4,"turns":4},{"damage":28,"enemies":"3 Sentries","floor":6,"turns":6},{"damage":14,"enemies":"Gremlin Nob","floor":8,"turns":4},{"damage":22,"enemies":"Lagavulin","floor":10,"turns":6},{"damage":21,"enemies":"The Guardian","floor":16,"turns":10},{"damage":26,"enemies":"Spheric Guardian","floor":18,"turns":5},{"damage":18,"enemies":"Shell Parasite","floor":20,"turns":6},{"damage":19,"enemies":"Snake Plant","floor":21,"turns":2}],"seed_played":"7398397616181584315","potions_obtained":[{"floor":1,"key":"Regen Potion"},{"floor":4,"key":"FearPotion"},{"floor":8,"key":"Dexterity Potion"}],"is_trial":false,"path_per_floor":["M","M","$","M","$","E","R","E","T","E","T","$","R","?","R","B",null,"M","$","M","M"],"character_chosen":"THE_SILENT","items_purchased":["Noxious Fumes","Poisoned Stab","Envenom","Blade Dance"],"campfire_rested":3,"item_purchase_floors":[3,3,12,19],"current_hp_per_floor":[70,70,70,66,66,38,59,45,45,23,23,23,44,44,65,44,70,53,53,35,16],"gold":50,"neow_bonus":"THREE_CARDS","is_prod":false,"is_daily":false,"chose_seed":false,"campfire_upgraded":0,"win_rate":0,"timestamp":1563265636,"path_taken":["M","M","$","M","$","E","R","E","T","E","?","$","R","?","R","BOSS","M","$","M","M"],"build_version":"2019-07-05","purchased_purges":2,"victory":false,"max_hp_per_floor":[70,70,70,70,70,70,70,70,70,70,70,70,70,70,70,70,70,70,70,70,70],"card_choices":[{"not_picked":["Bane","Dodge and Roll"],"picked":"Noxious Fumes","floor":0},{"not_picked":["Deflect","Flechettes","Deadly Poison"],"picked":"SKIP","floor":1},{"not_picked":["Predator","Footwork"],"picked":"Backflip","floor":2},{"not_picked":["Deflect","Slice","Quick Slash"],"picked":"SKIP","floor":4},{"not_picked":["Caltrops","Backflip","Infinite Blades"],"picked":"SKIP","floor":6},{"not_picked":["Flying Knee","Terror","Cloak And Dagger"],"picked":"SKIP","floor":8},{"not_picked":["Distraction","Underhanded Strike","Backstab"],"picked":"SKIP","floor":10},{"not_picked":["Glass Knife","Die Die Die"],"picked":"Grand Finale","floor":16},{"not_picked":["Outmaneuver","Slice","Distraction"],"picked":"SKIP","floor":18},{"not_picked":["Finisher","Poisoned Stab","Terror"],"picked":"SKIP","floor":20}],"player_experience":94463,"relics_obtained":[{"floor":6,"key":"Ancient Tea Set"},{"floor":8,"key":"Tiny Chest"},{"floor":9,"key":"PreservedInsect"},{"floor":10,"key":"Whetstone"},{"floor":11,"key":"Pen Nib"}],"event_choices":[{"damage_healed":0,"gold_gain":0,"player_choice":"Ignored","damage_taken":0,"max_hp_gain":0,"max_hp_loss":0,"event_name":"Golden Wing","floor":14,"gold_loss":0}],"is_beta":false,"boss_relics":[{"not_picked":["Snecko Eye","Pandora\u0027s Box"],"picked":"WristBlade"}],"items_purged_floors":[12,19],"is_endless":false,"potions_floor_spawned":[1,4,8,10,16],"killed_by":"Snake Plant","ascension_level":2}