{"gold_per_floor":[116,191,201,40,40,70,70,103,103,119,119,152,168,168],"floor_reached":14,"playtime":623,"items_purged":["Strike_R"],"score":189,"play_id":"f426075c-da81-491f-aa71-bef11412a9fd","local_time":"20190716171300","is_ascension_mode":true,"campfire_choices":[{"data":"Bash","floor":11,"key":"SMITH"}],"neow_cost":"NONE","seed_source_timestamp":602229821391866,"circlet_count":0,"master_deck":["AscendersBane","Strike_R","Strike_R","Strike_R","Strike_R","Defend_R","Defend_R","Defend_R","Defend_R","Bash+1","Wild Strike","Sword Boomerang","Evolve","Shrug It Off","Shrug It Off","Offering","Inflame","Pommel Strike"],"relics":["Burning Blood","Dodecahedron","Strawberry","Gremlin Horn","The Courier"],"potions_floor_usage":[12,14,14],"damage_taken":[{"damage":6,"enemies":"2 Louse","floor":1,"turns":4},{"damage":7,"enemies":"Jaw Worm","floor":3,"turns":4},{"damage":21,"enemies":"3 Sentries","floor":6,"turns":12},{"damage":26,"enemies":"Lagavulin","floor":8,"turns":8},{"damage":1,"enemies":"Cultist","floor":10,"turns":4},{"damage":35,"enemies":"Gremlin Nob","floor":12,"turns":4},{"damage":6,"enemies":"3 Louse","floor":13,"turns":3},{"damage":23,"enemies":"Lots of Slimes","floor":14,"turns":2}],"seed_played":"6594798682798359830","potions_obtained":[{"floor":8,"key":"EssenceOfSteel"},{"floor":10,"key":"SneckoOil"},{"floor":13,"key":"Regen Potion"}],"is_trial":false,"path_per_floor":["M","?","M","$","?","E","?","E","T","M","R","E","M","M"],"character_chosen":"IRONCLAD","items_purchased":["Evolve","Shrug It Off"],"campfire_rested":0,"item_purchase_floors":[4,4],"current_hp_per_floor":[75,64,63,63,63,48,48,35,35,40,40,11,11,0],"gold":168,"neow_bonus":"TEN_PERCENT_HP_BONUS","is_prod":false,"is_daily":false,"chose_seed":false,"campfire_upgraded":1,"win_rate":0,"timestamp":1563311580,"path_taken":["M","?","M","$","?","E","?","E","T","M","R","E","M","M"],"build_version":"2019-07-05","purchased_purges":1,"victory":false,"max_hp_per_floor":[82,82,82,82,82,82,82,89,89,89,89,89,89,89],"card_choices":[{"not_picked":["Body Slam","Warcry"],"picked":"Wild Strike","floor":1},{"not_picked":["Twin Strike","Iron Wave"],"picked":"Sword Boomerang","floor":3},{"not_picked":["Second Wind","Juggernaut"],"picked":"Shrug It Off","floor":6},{"not_picked":["Feel No Pain","Warcry"],"picked":"Inflame","floor":8},{"not_picked":["Rage","Clash"],"picked":"Pommel Strike","floor":10},{"not_picked":["Body Slam","Second Wind","Bloodletting"],"picked":"SKIP","floor":12},{"not_picked":["Body Slam","Dual Wield","Whirlwind"],"picked":"SKIP","floor":13}],"player_experience":1506340,"relics_obtained":[{"floor":6,"key":"Dodecahedron"},{"floor":8,"key":"Strawberry"},{"floor":9,"key":"Gremlin Horn"},{"floor":12,"key":"The Courier"}],"event_choices":[{"damage_healed":0,"gold_gain":75,"player_choice":"Gather Gold","damage_taken":11,"max_hp_gain":0,"max_hp_loss":0,"event_name":"World of Goop","floor":2,"gold_loss":0},{"damage_healed":0,"gold_gain":0,"player_choice":"Leave","damage_taken":0,"max_hp_gain":0,"max_hp_loss":0,"event_name":"The Cleric","floor":5,"gold_loss":0},{"damage_healed":0,"gold_gain":0,"player_choice":"1 cards matched","damage_taken":0,"max_hp_gain":0,"max_hp_loss":0,"event_name":"Match and Keep!","floor":7,"gold_loss":0,"cards_obtained":["Offering"]}],"is_beta":false,"boss_relics":[],"items_purged_floors":[4],"is_endless":false,"potions_floor_spawned":[8,10,13],"killed_by":"Lots of Slimes","ascension_level":15}