{"gold_per_floor":[115,128,142,157,157,197,221,221],"floor_reached":8,"playtime":485,"items_purged":[],"score":63,"play_id":"e2e7b3de-3ebf-4b02-af77-08637305c11c","local_time":"20190711021838","is_ascension_mode":true,"campfire_choices":[],"neow_cost":"NONE","seed_source_timestamp":76989958854270,"circlet_count":0,"master_deck":["Strike_R","Strike_R","Strike_R","Strike_R","Strike_R","Defend_R","Defend_R","Defend_R","Defend_R","Bash","Cleave","Perfected Strike","Fire Breathing","Armaments","Spot Weakness"],"relics":["Burning Blood","Golden Idol","Letter Opener"],"potions_floor_usage":[4,8],"damage_taken":[{"damage":6,"enemies":"Jaw Worm","floor":1,"turns":3},{"damage":1,"enemies":"Cultist","floor":2,"turns":3},{"damage":6,"enemies":"2 Louse","floor":3,"turns":2},{"damage":16,"enemies":"Lots of Slimes","floor":4,"turns":3},{"damage":30,"enemies":"3 Sentries","floor":6,"turns":5},{"damage":12,"enemies":"Looter","floor":7,"turns":4},{"damage":38,"enemies":"Lagavulin","floor":8,"turns":5}],"seed_played":"1345004513117639200","potions_obtained":[{"floor":3,"key":"Strength Potion"},{"floor":7,"key":"SkillPotion"}],"is_trial":false,"path_per_floor":["M","M","M","M","?","E","M","E"],"character_chosen":"IRONCLAD","items_purchased":[],"campfire_rested":0,"item_purchase_floors":[],"current_hp_per_floor":[88,88,88,78,56,32,26,0],"gold":221,"neow_bonus":"TEN_PERCENT_HP_BONUS","is_prod":false,"is_daily":false,"chose_seed":false,"campfire_upgraded":0,"win_rate":0,"timestamp":1562836718,"path_taken":["M","M","M","M","?","E","M","E"],"build_version":"2019-07-05","purchased_purges":0,"victory":false,"max_hp_per_floor":[88,88,88,88,88,88,88,88],"card_choices":[{"not_picked":["Heavy Blade","Dual Wield"],"picked":"Cleave","floor":1},{"not_picked":["Havoc","Clash"],"picked":"Perfected Strike","floor":2},{"not_picked":["Rage","Flex","Clash"],"picked":"SKIP","floor":3},{"not_picked":["Thunderclap","Heavy Blade"],"picked":"Fire Breathing","floor":4},{"not_picked":["Shrug It Off","Anger"],"picked":"Armaments","floor":6},{"not_picked":["Battle Trance","Seeing Red"],"picked":"Spot Weakness","floor":7}],"player_experience":258844,"relics_obtained":[{"floor":6,"key":"Letter Opener"}],"event_choices":[{"damage_healed":0,"gold_gain":0,"player_choice":"Take Damage","damage_taken":22,"relics_obtained":["Golden Idol"],"max_hp_gain":0,"max_hp_loss":0,"event_name":"Golden Idol","floor":5,"gold_loss":0}],"is_beta":false,"boss_relics":[],"items_purged_floors":[],"is_endless":false,"potions_floor_spawned":[3,7],"killed_by":"Lagavulin","ascension_level":1}