{"gold_per_floor":[113,125,125,50,66,66,93,113,113,113,113,145,162,1,1,1],"floor_reached":16,"playtime":677,"items_purged":["Pain"],"score":220,"play_id":"c1b3f699-d763-4737-bbc3-d8b2923fb6ef","local_time":"20190205203009","is_ascension_mode":true,"campfire_choices":[{"data":"Fiend Fire","floor":6,"key":"SMITH"},{"floor":11,"key":"REST"},{"data":"Disarm","floor":15,"key":"SMITH"}],"neow_cost":"CURSE","seed_source_timestamp":535826606958896,"circlet_count":0,"master_deck":["AscendersBane","Strike_R","Strike_R","Strike_R","Strike_R","Strike_R","Defend_R","Defend_R","Defend_R","Defend_R","Bash+1","Feed","Disarm+1","Shrug It Off","Fiend Fire+1","Shrug It Off","Evolve","Headbutt"],"relics":["Burning Blood","Art of War","Incense Burner","Omamori"],"potions_floor_usage":[7,16],"damage_taken":[{"damage":14,"enemies":"Jaw Worm","floor":1,"turns":5},{"damage":14,"enemies":"Cultist","floor":2,"turns":4},{"damage":6,"enemies":"2 Louse","floor":5,"turns":4},{"damage":48,"enemies":"Lagavulin","floor":7,"turns":10},{"damage":13,"enemies":"Exordium Thugs","floor":8,"turns":5},{"damage":8,"enemies":"Gremlin Nob","floor":12,"turns":3},{"damage":15,"enemies":"Large Slime","floor":13,"turns":6},{"damage":38,"enemies":"The Guardian","floor":16,"turns":7}],"seed_played":"6364279056425466099","potions_obtained":[{"floor":5,"key":"GamblersBrew"},{"floor":13,"key":"AttackPotion"}],"is_trial":false,"path_per_floor":["M","M","?","$","M","R","E","M","T","?","R","E","M","$","R","B"],"character_chosen":"IRONCLAD","items_purchased":["Omamori"],"campfire_rested":1,"item_purchase_floors":[14],"current_hp_per_floor":[63,58,58,58,61,61,19,15,15,15,41,39,33,33,33,0],"gold":1,"neow_bonus":"THREE_RARE_CARDS","is_prod":false,"is_daily":false,"chose_seed":false,"campfire_upgraded":2,"win_rate":0,"timestamp":1549416609,"path_taken":["M","M","?","$","M","R","E","?","T","?","R","E","M","$","R","BOSS"],"build_version":"2019-01-23","purchased_purges":1,"victory":false,"max_hp_per_floor":[78,81,81,81,84,84,84,87,87,87,87,87,90,90,90,90],"card_choices":[{"not_picked":["Limit Break","Barricade"],"picked":"Feed","floor":0},{"not_picked":["Pommel Strike","Flex"],"picked":"Disarm","floor":1},{"not_picked":["Thunderclap","True Grit"],"picked":"Shrug It Off","floor":2},{"not_picked":["Cleave","Headbutt"],"picked":"Fiend Fire","floor":5},{"not_picked":["Clothesline","Pommel Strike"],"picked":"Shrug It Off","floor":7},{"not_picked":["Flex","Twin Strike"],"picked":"Evolve","floor":8},{"not_picked":["Clash","Perfected Strike","Iron Wave"],"picked":"SKIP","floor":12},{"not_picked":["Heavy Blade","Dropkick"],"picked":"Headbutt","floor":13}],"player_experience":1359075,"relics_obtained":[{"floor":7,"key":"Art of War"},{"floor":12,"key":"Incense Burner"}],"event_choices":[{"damage_healed":0,"gold_gain":0,"player_choice":"Upgraded","damage_taken":0,"max_hp_gain":0,"max_hp_loss":0,"event_name":"Upgrade Shrine","floor":3,"gold_loss":0,"cards_upgraded":["Bash"]},{"damage_healed":0,"gold_gain":0,"player_choice":"Ignored","damage_taken":0,"max_hp_gain":0,"max_hp_loss":0,"event_name":"Shining Light","floor":10,"gold_loss":0}],"is_beta":false,"boss_relics":[],"items_purged_floors":[4],"is_endless":false,"potions_floor_spawned":[5,13],"killed_by":"The Guardian","ascension_level":20}