{"gold_per_floor":[112,131,206,206,224,224,254,254,299,299,57,57,57,71,71,147,147,159,159,170,170,150,180,192,215,227,255,20,20,53,67,67,144,144,162,212,212,227,106,106,120,152,152,185,185,185,212,230,230,230,230,230,43,72,72],"floor_reached":55,"playtime":3116,"items_purged":["Strike_B","Doom and Gloom","Cold Snap","Hyperbeam"],"score":1344,"play_id":"f88c60e6-b0dc-470d-87b4-3e7e776360bb","local_time":"20190716143715","is_ascension_mode":true,"campfire_choices":[{"data":"Streamline","floor":6,"key":"SMITH"},{"data":"Coolheaded","floor":10,"key":"SMITH"},{"floor":12,"key":"REST"},{"data":"Coolheaded","floor":15,"key":"SMITH"},{"data":"Zap","floor":24,"key":"SMITH"},{"floor":29,"key":"REST"},{"data":"Dualcast","floor":32,"key":"SMITH"},{"floor":40,"key":"RECALL"},{"data":"Defragment","floor":46,"key":"SMITH"},{"data":"Echo Form","floor":49,"key":"SMITH"},{"data":"FTL","floor":52,"key":"SMITH"}],"neow_cost":"NONE","seed_source_timestamp":590390431488116,"circlet_count":0,"master_deck":["AscendersBane","Zap+1","Dualcast+1","Streamline+1","Doom and Gloom","Coolheaded+1","Coolheaded+1","Conserve Battery+1","All For One","Core Surge","Stack+1","Multi-Cast+1","Consume+1","Conserve Battery+1","Compile Driver","FTL+1","Self Repair+1","Recycle+1","Echo Form+1","Steam Power+1","Steam+1","Storm","Defragment+1","Steam+1","Echo Form","Stack+1"],"relics":["Cracked Core","Sundial","Oddly Smooth Stone","DataDisk","Toxic Egg 2","Pandora\u0027s Box","Smiling Mask","MawBank","Runic Capacitor","FossilizedHelix","Busted Crown","Gambling Chip","Vajra","Shuriken","Prayer Wheel","Potion Belt","Art of War"],"potions_floor_usage":[5,8,23,35,36,41,54,54],"damage_taken":[{"damage":5,"enemies":"Small Slimes","floor":1,"turns":4},{"damage":4,"enemies":"2 Louse","floor":2,"turns":3},{"damage":0,"enemies":"Jaw Worm","floor":5,"turns":3},{"damage":22,"enemies":"3 Sentries","floor":7,"turns":6},{"damage":0,"enemies":"Exordium Wildlife","floor":8,"turns":1},{"damage":4,"enemies":"Blue Slaver","floor":14,"turns":3},{"damage":9,"enemies":"Slime Boss","floor":16,"turns":6},{"damage":0,"enemies":"Spheric Guardian","floor":18,"turns":3},{"damage":22,"enemies":"3 Byrds","floor":20,"turns":6},{"damage":1,"enemies":"Gremlin Leader","floor":23,"turns":7},{"damage":6,"enemies":"3 Cultists","floor":25,"turns":5},{"damage":11,"enemies":"Snake Plant","floor":27,"turns":4},{"damage":14,"enemies":"Book of Stabbing","floor":30,"turns":6},{"damage":0,"enemies":"Snecko","floor":31,"turns":4},{"damage":8,"enemies":"Automaton","floor":33,"turns":11},{"damage":17,"enemies":"3 Shapes","floor":35,"turns":5},{"damage":0,"enemies":"2 Orb Walkers","floor":36,"turns":3},{"damage":0,"enemies":"3 Darklings","floor":38,"turns":4},{"damage":0,"enemies":"Transient","floor":41,"turns":5},{"damage":1,"enemies":"Giant Head","floor":42,"turns":8},{"damage":0,"enemies":"Reptomancer","floor":44,"turns":4},{"damage":52,"enemies":"Nemesis","floor":47,"turns":7},{"damage":0,"enemies":"Writhing Mass","floor":48,"turns":5},{"damage":10,"enemies":"Awakened One","floor":50,"turns":12},{"damage":82,"enemies":"Shield and Spear","floor":54,"turns":8},{"damage":18,"enemies":"The Heart","floor":55,"turns":2}],"seed_played":"-4443733920772444771","potions_obtained":[{"floor":2,"key":"Swift Potion"},{"floor":7,"key":"SmokeBomb"},{"floor":20,"key":"PowerPotion"},{"floor":22,"key":"FairyPotion"},{"floor":23,"key":"Strength Potion"},{"floor":35,"key":"Strength Potion"},{"floor":38,"key":"Poison Potion"},{"floor":47,"key":"Strength Potion"},{"floor":48,"key":"EssenceOfSteel"}],"is_trial":false,"path_per_floor":["M","M","?","?","M","R","E","M","T","R","$","R","T","M","R","B",null,"M","?","M","T","?","E","R","M","T","M","$","R","E","M","R","B",null,"M","?","?","M","$","R","M","E","T","E","?","R","E","M","R","B",null,"R","$","E","B"],"character_chosen":"DEFECT","items_purchased":["DataDisk","Coolheaded","Runic Capacitor","Defragment","Echo Form"],"campfire_rested":2,"item_purchase_floors":[11,11,28,39,53],"current_hp_per_floor":[66,62,51,28,28,28,6,6,6,6,6,29,29,25,25,16,63,63,63,41,41,41,40,40,34,34,23,23,46,32,42,42,44,70,63,73,73,74,74,74,74,74,74,74,74,74,42,62,62,72,74,74,74,17,0],"gold":72,"neow_bonus":"TEN_PERCENT_HP_BONUS","is_prod":false,"is_daily":false,"chose_seed":false,"campfire_upgraded":8,"win_rate":0,"timestamp":1563302235,"path_taken":["M","M","?","?","M","R","E","?","T","R","$","R","?","M","R","BOSS","M","?","M","?","?","E","R","M","T","?","$","R","E","M","R","BOSS","M","?","?","M","?","R","?","E","T","E","?","R","E","M","R","BOSS","R","$","E","BOSS"],"build_version":"2019-07-05","purchased_purges":4,"victory":false,"max_hp_per_floor":[78,78,78,78,78,78,78,78,78,78,78,78,78,78,78,78,78,78,78,78,78,78,78,78,78,78,78,78,78,78,78,78,78,78,78,78,74,74,74,74,74,74,74,74,74,74,74,74,74,74,74,74,74,74,74],"card_choices":[{"not_picked":["Barrage","Turbo"],"picked":"Streamline","floor":1},{"not_picked":["Streamline","Blizzard","Gash"],"picked":"SKIP","floor":2},{"not_picked":["Go for the Eyes","Turbo"],"picked":"Doom and Gloom","floor":5},{"not_picked":["Machine Learning","Tempest"],"picked":"Coolheaded","floor":7},{"not_picked":["Auto Shields+1","FTL"],"picked":"Conserve Battery+1","floor":14},{"not_picked":["Buffer","Meteor Strike"],"picked":"All For One","floor":16},{"not_picked":["Rebound","Stack+1"],"picked":"Consume+1","floor":18},{"not_picked":["Cold Snap","Steam+1"],"picked":"Conserve Battery+1","floor":20},{"not_picked":["BootSequence+1","Streamline"],"picked":"Compile Driver","floor":23},{"not_picked":["Barrage","Rip and Tear","Chill+1"],"picked":"SKIP","floor":25},{"not_picked":["Conserve Battery+1","FTL","Scrape"],"picked":"SKIP","floor":27},{"not_picked":["Conserve Battery+1","Scrape"],"picked":"FTL","floor":27},{"not_picked":["FTL","Darkness+1"],"picked":"Self Repair+1","floor":30},{"not_picked":["Consume+1","Auto Shields+1"],"picked":"Recycle+1","floor":31},{"not_picked":["Meteor Strike","Electrodynamics"],"picked":"Echo Form","floor":33},{"not_picked":[],"picked":"Steam Power+1","floor":35},{"not_picked":[],"picked":"Steam+1","floor":36},{"not_picked":[],"picked":"Storm","floor":38},{"not_picked":["Auto Shields+1"],"picked":"SKIP","floor":41},{"not_picked":["Gash"],"picked":"SKIP","floor":42},{"not_picked":["Cold Snap+1"],"picked":"SKIP","floor":44},{"not_picked":[],"picked":"Steam+1","floor":47},{"not_picked":["Auto Shields+1"],"picked":"SKIP","floor":48},{"not_picked":["Beam Cell"],"picked":"SKIP","floor":48},{"not_picked":[],"picked":"Stack+1","floor":54}],"player_experience":1503224,"relics_obtained":[{"floor":7,"key":"Sundial"},{"floor":9,"key":"Oddly Smooth Stone"},{"floor":13,"key":"Toxic Egg 2"},{"floor":21,"key":"Smiling Mask"},{"floor":23,"key":"MawBank"},{"floor":30,"key":"FossilizedHelix"},{"floor":36,"key":"Gambling Chip"},{"floor":42,"key":"Vajra"},{"floor":43,"key":"Shuriken"},{"floor":44,"key":"Prayer Wheel"},{"floor":47,"key":"Potion Belt"},{"floor":54,"key":"Art of War"}],"event_choices":[{"damage_healed":0,"gold_gain":75,"player_choice":"Gather Gold","damage_taken":11,"max_hp_gain":0,"max_hp_loss":0,"event_name":"World of Goop","floor":3,"gold_loss":0},{"damage_healed":0,"gold_gain":0,"player_choice":"Entered Light","damage_taken":23,"max_hp_gain":0,"max_hp_loss":0,"event_name":"Shining Light","floor":4,"gold_loss":0,"cards_upgraded":["Defend_B","Strike_B"]},{"damage_healed":0,"gold_gain":0,"player_choice":"Ignored","damage_taken":0,"max_hp_gain":0,"max_hp_loss":0,"event_name":"Vampires","floor":19,"gold_loss":0},{"damage_healed":0,"gold_gain":0,"player_choice":"Bought 1 Potion","damage_taken":0,"max_hp_gain":0,"max_hp_loss":0,"event_name":"The Woman in Blue","floor":22,"gold_loss":0},{"damage_healed":0,"gold_gain":0,"player_choice":"Fight","damage_taken":0,"max_hp_gain":0,"max_hp_loss":0,"event_name":"Mysterious Sphere","floor":36,"gold_loss":0},{"damage_healed":0,"gold_gain":0,"player_choice":"Max HP","damage_taken":0,"max_hp_gain":0,"max_hp_loss":4,"event_name":"Winding Halls","floor":37,"gold_loss":0},{"cards_removed":["Cold Snap"],"damage_healed":0,"gold_gain":0,"player_choice":"Removed Attack","damage_taken":0,"max_hp_gain":0,"max_hp_loss":0,"event_name":"Falling","floor":45,"gold_loss":0}],"is_beta":false,"boss_relics":[{"not_picked":["Inserter","Ectoplasm"],"picked":"Pandora\u0027s Box"},{"not_picked":["Tiny House","Eternal Feather"],"picked":"Busted Crown"}],"items_purged_floors":[11,28,39,53],"is_endless":false,"potions_floor_spawned":[2,7,8,20,23,27,30,31,35,38,47,48],"killed_by":"The Heart","ascension_level":15}