{"gold_per_floor":[109,128,147,147,222,222,235,235,282,282,313,313],"floor_reached":12,"playtime":290,"items_purged":[],"score":136,"play_id":"ca805a3b-b2c6-4a4f-a863-6220ebeac868","local_time":"20181024205730","is_ascension_mode":true,"campfire_choices":[{"data":"Zap","floor":6,"key":"SMITH"},{"data":"Static Discharge","floor":8,"key":"SMITH"},{"floor":10,"key":"REST"}],"neow_cost":"NONE","seed_source_timestamp":521720685451279,"circlet_count":0,"master_deck":["Strike_B","Strike_B","Strike_B","Strike_B","Defend_B","Defend_B","Defend_B","Defend_B","Zap+1","Dualcast","AscendersBane","Streamline","Compile Driver","Static Discharge+1","Coolheaded","Conserve Battery"],"relics":["Cracked Core","Golden Idol","Oddly Smooth Stone","Odd Mushroom"],"potions_floor_usage":[11],"damage_taken":[{"damage":1,"enemies":"Small Slimes","floor":1,"turns":3},{"damage":1,"enemies":"2 Louse","floor":2,"turns":3},{"damage":2,"enemies":"Jaw Worm","floor":3,"turns":3},{"damage":13,"enemies":"2 Fungi Beasts","floor":7,"turns":3},{"damage":19,"enemies":"The Mushroom Lair","floor":11,"turns":4},{"damage":33,"enemies":"Gremlin Nob","floor":12,"turns":3}],"seed_played":"-5582356958775651629","potions_obtained":[{"floor":7,"key":"Swift Potion"}],"is_trial":false,"path_per_floor":["M","M","M","?","?","R","M","R","T","R","?"],"character_chosen":"DEFECT","items_purchased":[],"campfire_rested":1,"item_purchase_floors":[],"current_hp_per_floor":[70,69,67,40,29,29,16,16,16,39,20,0],"gold":313,"neow_bonus":"TEN_PERCENT_HP_BONUS","is_prod":false,"is_daily":false,"chose_seed":false,"campfire_upgraded":2,"win_rate":0,"timestamp":1540429050,"path_taken":["M","M","M","?","?","R","?","R","T","R","?","E"],"build_version":"2018-10-18","purchased_purges":0,"victory":false,"max_hp_per_floor":[78,78,78,78,78,78,78,78,78,78,78,78],"card_choices":[{"not_picked":["Barrage","Hologram"],"picked":"Streamline","floor":1},{"not_picked":["Sweeping Beam","Darkness"],"picked":"Compile Driver","floor":2},{"not_picked":["Capacitor","Turbo"],"picked":"Static Discharge","floor":3},{"not_picked":["Rebound","Compile Driver"],"picked":"Coolheaded","floor":7},{"not_picked":["Turbo","Double Energy"],"picked":"Conserve Battery","floor":11}],"player_experience":972462,"relics_obtained":[{"floor":9,"key":"Oddly Smooth Stone"},{"floor":11,"key":"Odd Mushroom"}],"event_choices":[{"damage_healed":0,"gold_gain":0,"player_choice":"Take Damage","damage_taken":27,"relics_obtained":["Golden Idol"],"max_hp_gain":0,"max_hp_loss":0,"event_name":"Golden Idol","floor":4,"gold_loss":0},{"damage_healed":0,"gold_gain":75,"player_choice":"Gather Gold","damage_taken":11,"max_hp_gain":0,"max_hp_loss":0,"event_name":"World of Goop","floor":5,"gold_loss":0},{"damage_healed":0,"gold_gain":0,"player_choice":"Fought Mushrooms","damage_taken":0,"max_hp_gain":0,"max_hp_loss":0,"event_name":"Mushrooms","floor":11,"gold_loss":0}],"is_beta":false,"boss_relics":[],"items_purged_floors":[],"is_endless":false,"potions_floor_spawned":[7],"killed_by":"Gremlin Nob","ascension_level":20}