{"gold_per_floor":[110,126,0,13,13,13,28,39,111,111,137,137,163,211,211,284,284,300,319,319,319,319,319,354,354,354,366,386,386,386,400,400,400],"floor_reached":33,"playtime":1494,"items_purged":["Strike_R"],"score":454,"play_id":"7772f691-b3e5-414b-b1ca-2f7d6f669037","local_time":"20190704214330","is_ascension_mode":true,"campfire_choices":[{"data":"Sword Boomerang","floor":6,"key":"SMITH"},{"data":"Whirlwind","floor":10,"key":"SMITH"},{"data":"Shrug It Off","floor":12,"key":"SMITH"},{"floor":15,"key":"REST"},{"data":"RitualDagger","floor":23,"key":"SMITH"},{"floor":25,"key":"REST"},{"data":"True Grit","floor":29,"key":"SMITH"},{"floor":32,"key":"REST"}],"neow_cost":"NONE","seed_source_timestamp":182916595565,"circlet_count":0,"master_deck":["AscendersBane","Strike_R+1","Strike_R+1","Strike_R+1","Defend_R+1","Defend_R+1","Defend_R+1","Defend_R+1","Bash","Clash","Sword Boomerang+1","Shrug It Off+1","Clothesline","Whirlwind+1","Headbutt","True Grit+1","Berserk","RitualDagger+1","Feed"],"relics":["Burning Blood","Bag of Preparation","Bottled Lightning","Turnip","Anchor","Smiling Mask","Mark of Pain","Charon\u0027s Ashes","Red Skull"],"potions_floor_usage":[16,19,24,33,33],"damage_taken":[{"damage":13,"enemies":"Jaw Worm","floor":1,"turns":4},{"damage":0,"enemies":"Cultist","floor":2,"turns":2},{"damage":0,"enemies":"2 Louse","floor":4,"turns":3},{"damage":6,"enemies":"Large Slime","floor":7,"turns":8},{"damage":7,"enemies":"2 Fungi Beasts","floor":8,"turns":3},{"damage":20,"enemies":"Gremlin Nob","floor":11,"turns":4},{"damage":35,"enemies":"Lagavulin","floor":13,"turns":6},{"damage":27,"enemies":"Slime Boss","floor":16,"turns":15},{"damage":11,"enemies":"Spheric Guardian","floor":18,"turns":3},{"damage":8,"enemies":"2 Thieves","floor":19,"turns":4},{"damage":42,"enemies":"Book of Stabbing","floor":24,"turns":5},{"damage":25,"enemies":"Snake Plant","floor":27,"turns":4},{"damage":0,"enemies":"Chosen and Byrds","floor":28,"turns":6},{"damage":19,"enemies":"Colosseum Slavers","floor":30,"turns":4},{"damage":19,"enemies":"Centurion and Healer","floor":31,"turns":8},{"damage":81,"enemies":"Champ","floor":33,"turns":10}],"seed_played":"3203079123817787336","potions_obtained":[{"floor":7,"key":"Ancient Potion"},{"floor":8,"key":"LiquidBronze"},{"floor":16,"key":"Regen Potion"},{"floor":19,"key":"FearPotion"},{"floor":27,"key":"BloodPotion"}],"is_trial":false,"path_per_floor":["M","M","$","M","?","R","M","M","T","R","E","R","E","T","R","B",null,"M","M","?","?","?","R","E","R","T","M","M","R","?","M","R","B"],"character_chosen":"IRONCLAD","items_purchased":["Shrug It Off"],"campfire_rested":3,"item_purchase_floors":[3],"current_hp_per_floor":[65,71,71,77,77,77,77,76,76,76,62,62,33,33,57,36,69,64,74,68,68,68,68,32,56,56,37,46,46,36,26,52,0],"gold":400,"neow_bonus":"RANDOM_COMMON_RELIC","is_prod":false,"is_daily":false,"chose_seed":false,"campfire_upgraded":5,"win_rate":0,"timestamp":1562291010,"path_taken":["M","M","$","M","?","R","?","M","T","R","E","R","E","?","R","BOSS","M","M","?","?","?","R","E","R","T","M","M","R","?","?","R","BOSS"],"build_version":"2019-07-01","purchased_purges":1,"victory":false,"max_hp_per_floor":[80,80,80,80,80,80,80,80,80,80,80,80,80,80,80,80,80,80,80,80,80,80,80,80,80,80,80,83,83,86,89,89,89],"card_choices":[{"not_picked":["Cleave","Wild Strike"],"picked":"Clash","floor":1},{"not_picked":["Dropkick","Metallicize"],"picked":"Sword Boomerang","floor":2},{"not_picked":["Body Slam","Headbutt"],"picked":"Clothesline","floor":4},{"not_picked":["Pummel","Seeing Red"],"picked":"Whirlwind","floor":7},{"not_picked":["Evolve","Clothesline"],"picked":"Headbutt","floor":8},{"not_picked":["Immolate","Reckless Charge","Carnage"],"picked":"SKIP","floor":11},{"not_picked":["Reckless Charge","Twin Strike"],"picked":"True Grit","floor":13},{"not_picked":["Fiend Fire","Brutality"],"picked":"Berserk","floor":16},{"not_picked":["Flex","Wild Strike","Rage"],"picked":"SKIP","floor":18},{"not_picked":["Flex","Wild Strike","Rage"],"picked":"SKIP","floor":18},{"not_picked":["Hemokinesis","Sword Boomerang","Wild Strike"],"picked":"SKIP","floor":19},{"not_picked":["Shrug It Off","Dual Wield+1"],"picked":"Feed","floor":24},{"not_picked":["Cleave","Warcry","Power Through+1"],"picked":"SKIP","floor":27},{"not_picked":["Iron Wave","Dropkick","Fire Breathing"],"picked":"SKIP","floor":28},{"not_picked":["Havoc","Heavy Blade","Combust"],"picked":"SKIP","floor":31}],"player_experience":441808,"relics_obtained":[{"floor":9,"key":"Bottled Lightning"},{"floor":11,"key":"Turnip"},{"floor":13,"key":"Anchor"},{"floor":14,"key":"Smiling Mask"},{"floor":24,"key":"Charon\u0027s Ashes"},{"floor":26,"key":"Red Skull"}],"event_choices":[{"cards_removed":["Strike_R"],"damage_healed":0,"gold_gain":0,"player_choice":"Purged","damage_taken":0,"max_hp_gain":0,"max_hp_loss":0,"event_name":"Purifier","floor":5,"gold_loss":0},{"damage_healed":0,"gold_gain":0,"player_choice":"Joined the Cult","damage_taken":6,"max_hp_gain":0,"max_hp_loss":0,"event_name":"Nest","floor":20,"gold_loss":0,"cards_obtained":["RitualDagger"]},{"damage_healed":0,"gold_gain":0,"player_choice":"Simplicity","damage_taken":0,"max_hp_gain":0,"max_hp_loss":0,"event_name":"Back to Basics","floor":21,"gold_loss":0,"cards_upgraded":["Strike_R","Strike_R","Strike_R","Defend_R","Defend_R","Defend_R","Defend_R"]},{"damage_healed":0,"gold_gain":0,"player_choice":"Ignored","damage_taken":0,"max_hp_gain":0,"max_hp_loss":0,"event_name":"Vampires","floor":22,"gold_loss":0},{"damage_healed":0,"gold_gain":0,"player_choice":"Fight","damage_taken":0,"max_hp_gain":0,"max_hp_loss":0,"event_name":"Colosseum","floor":30,"gold_loss":0},{"damage_healed":0,"gold_gain":0,"player_choice":"Fled From Nobs","damage_taken":0,"max_hp_gain":0,"max_hp_loss":0,"event_name":"Colosseum","floor":30,"gold_loss":0}],"is_beta":false,"boss_relics":[{"not_picked":["Coffee Dripper","Tiny House"],"picked":"Mark of Pain"}],"items_purged_floors":[3],"is_endless":false,"potions_floor_spawned":[7,8,16,18,19,27,31],"killed_by":"Champ","ascension_level":13}