{"gold_per_floor":[217,18,28,38,53,87,102,82,152,186,198,198,55,82,82,179,179,196,196,215,226,226,226],"floor_reached":23,"playtime":1744,"items_purged":[],"score":345,"play_id":"35f5a50d-7f2d-43a5-ac3d-cbd8b57c9f32","local_time":"20190512192104","is_ascension_mode":true,"campfire_choices":[{"floor":12,"key":"REST"},{"floor":15,"key":"REST"}],"neow_cost":"NONE","seed_source_timestamp":19209886737607,"circlet_count":0,"master_deck":["AscendersBane","Strike_B","Strike_B","Strike_B","Defend_B","Defend_B","Defend_B","Defend_B","Zap","Dualcast","Conserve Battery","Sweeping Beam","Cold Snap","FTL","Gash","Self Repair","Defragment","Glacier","Reboot","FTL"],"relics":["Cracked Core","Blood Vial","Pear","Question Card","Turnip","Orichalcum","Anchor","Inserter","Strawberry"],"potions_floor_usage":[5,10,11,18],"damage_taken":[{"damage":0,"enemies":"Cultist","floor":1,"turns":3},{"damage":0,"enemies":"Jaw Worm","floor":3,"turns":4},{"damage":2,"enemies":"2 Louse","floor":4,"turns":2},{"damage":6,"enemies":"Gremlin Gang","floor":5,"turns":4},{"damage":39,"enemies":"Lagavulin","floor":6,"turns":7},{"damage":4,"enemies":"Looter","floor":7,"turns":3},{"damage":15,"enemies":"3 Sentries","floor":10,"turns":8},{"damage":20,"enemies":"Exordium Thugs","floor":11,"turns":6},{"damage":24,"enemies":"Lagavulin","floor":14,"turns":9},{"damage":32,"enemies":"The Guardian","floor":16,"turns":15},{"damage":21,"enemies":"Chosen","floor":18,"turns":6},{"damage":9,"enemies":"Spheric Guardian","floor":20,"turns":8},{"damage":24,"enemies":"Cultist and Chosen","floor":21,"turns":9},{"damage":60,"enemies":"Slavers","floor":23,"turns":3}],"seed_played":"60261192056829162","potions_obtained":[{"floor":4,"key":"Explosive Potion"},{"floor":6,"key":"SpeedPotion"},{"floor":7,"key":"Energy Potion"},{"floor":16,"key":"GamblersBrew"},{"floor":21,"key":"Strength Potion"}],"is_trial":false,"path_per_floor":["M","$","M","M","M","E","M","?","T","E","M","R","$","E","R","B",null,"M","?","M","M","?","E"],"character_chosen":"DEFECT","items_purchased":["Blood Vial","Sweeping Beam","Orichalcum"],"campfire_rested":2,"item_purchase_floors":[2,2,13],"current_hp_per_floor":[68,68,70,70,66,39,37,37,37,31,20,45,45,30,55,32,72,60,60,60,45,52,0],"gold":226,"neow_bonus":"HUNDRED_GOLD","is_prod":false,"is_daily":false,"chose_seed":false,"campfire_upgraded":0,"win_rate":0,"timestamp":1557703264,"path_taken":["M","$","M","?","M","E","M","?","T","E","M","R","$","E","R","BOSS","M","?","?","M","?","E"],"build_version":"2019-01-23","purchased_purges":0,"victory":false,"max_hp_per_floor":[75,75,75,75,75,85,85,85,85,85,85,85,85,85,85,85,85,85,85,85,85,92,92],"card_choices":[{"not_picked":["Leap","Coolheaded"],"picked":"Conserve Battery","floor":1},{"not_picked":["Coolheaded","Creative AI"],"picked":"Cold Snap","floor":3},{"not_picked":["Sweeping Beam","Stack"],"picked":"FTL","floor":4},{"not_picked":["Go for the Eyes","Chaos"],"picked":"Gash","floor":5},{"not_picked":["Cold Snap","Sunder","Barrage"],"picked":"SKIP","floor":6},{"not_picked":["Rebound","Conserve Battery"],"picked":"Self Repair","floor":7},{"not_picked":["Skim","Genetic Algorithm","Redo","Compile Driver"],"picked":"SKIP","floor":10},{"not_picked":["Capacitor","Reprogram","Rip and Tear"],"picked":"Defragment","floor":11},{"not_picked":["Sweeping Beam","Steam","Ball Lightning"],"picked":"Glacier","floor":14},{"not_picked":["Fission","Biased Cognition","Amplify"],"picked":"Reboot","floor":16},{"not_picked":["Genetic Algorithm","Rip and Tear+1","Lockon","Force Field+1"],"picked":"SKIP","floor":18},{"not_picked":["Steam Power","Self Repair","Redo"],"picked":"FTL","floor":20},{"not_picked":["Cold Snap","Static Discharge+1","Hello World","Stack"],"picked":"SKIP","floor":21}],"player_experience":306962,"relics_obtained":[{"floor":6,"key":"Pear"},{"floor":9,"key":"Question Card"},{"floor":10,"key":"Turnip"},{"floor":14,"key":"Anchor"}],"event_choices":[{"damage_healed":0,"gold_gain":0,"player_choice":"Left Gold","damage_taken":0,"max_hp_gain":0,"max_hp_loss":0,"event_name":"World of Goop","floor":8,"gold_loss":20},{"cards_removed":["Strike_B"],"damage_healed":0,"gold_gain":0,"player_choice":"Card Removal","damage_taken":0,"max_hp_gain":0,"max_hp_loss":0,"event_name":"Wheel of Change","floor":19,"gold_loss":0},{"damage_healed":0,"gold_gain":0,"player_choice":"Gave Potion","damage_taken":0,"relics_obtained":["Strawberry"],"max_hp_gain":0,"max_hp_loss":0,"event_name":"WeMeetAgain","floor":22,"gold_loss":0}],"is_beta":false,"boss_relics":[{"not_picked":["Philosopher\u0027s Stone","Black Star"],"picked":"Inserter"}],"items_purged_floors":[],"is_endless":false,"potions_floor_spawned":[4,6,7,16,21],"killed_by":"Slavers","ascension_level":10}