{"gold_per_floor":[20,39,52,67,67,67,97,109,109,123,153,51,51,30,30,135,135,125,140,230,82,95,95,107,134,134,144,144,144,178,277,277,374,374,384,437,437,449,469,469,500,71,71,91,91,1,15,43,43,43],"floor_reached":51,"playtime":7734,"items_purged":["Strike_R","Strike_R"],"score":821,"play_id":"2dc7039f-4459-4a12-ad1c-92f5f8cae534","local_time":"20190104194117","is_ascension_mode":true,"campfire_choices":[{"data":"Double Tap","floor":6.0,"key":"SMITH"},{"data":"Inflame","floor":13.0,"key":"SMITH"},{"data":"Flame Barrier","floor":15.0,"key":"SMITH"},{"data":"Barricade","floor":23.0,"key":"SMITH"},{"data":"Demon Form","floor":29.0,"key":"SMITH"},{"data":"Havoc","floor":32.0,"key":"SMITH"},{"data":"Warcry","floor":40,"key":"SMITH"},{"data":"Seeing Red","floor":45,"key":"SMITH"},{"data":"Impervious","floor":49,"key":"SMITH"}],"neow_cost":"NO_GOLD","seed_source_timestamp":0,"circlet_count":0,"master_deck":["Defend_R","Defend_R","Bash","Headbutt+1","Clothesline","Double Tap+1","Inflame+1","Shrug It Off","Flame Barrier+1","Shrug It Off","Barricade+1","Warcry+1","Havoc+1","Swift Strike","PanicButton","Demon Form+1","Ghostly Armor","Impervious+1","Whirlwind+1","Shrug It Off+1","Finesse","Mayhem+1","Seeing Red+1","Disarm+1","Feel No Pain+1","Reaper"],"special_seed":0,"relics":["Burning Blood","Art of War","Dead Branch","Mercury Hourglass","Empty Cage","Blood Vial","Pocketwatch","Frozen Egg 2","Oddly Smooth Stone","Mark of Pain","Gambling Chip","Bag of Marbles","Orichalcum","Centennial Puzzle","Charon\u0027s Ashes","Dodecahedron"],"potions_floor_usage":[48,50,50,50],"damage_taken":[{"damage":6.0,"enemies":"Jaw Worm","floor":1.0,"turns":3.0},{"damage":6.0,"enemies":"Cultist","floor":2.0,"turns":3.0},{"damage":7.0,"enemies":"Small Slimes","floor":3.0,"turns":3.0},{"damage":9.0,"enemies":"2 Fungi Beasts","floor":4.0,"turns":4.0},{"damage":40.0,"enemies":"3 Sentries","floor":7.0,"turns":8.0},{"damage":21.0,"enemies":"Exordium Thugs","floor":8.0,"turns":4.0},{"damage":5.0,"enemies":"Looter","floor":10.0,"turns":3.0},{"damage":4.0,"enemies":"Lagavulin","floor":11.0,"turns":6.0},{"damage":18.0,"enemies":"Hexaghost","floor":16.0,"turns":9.0},{"damage":8.0,"enemies":"2 Thieves","floor":18.0,"turns":4.0},{"damage":2.0,"enemies":"Spheric Guardian","floor":19.0,"turns":5.0},{"damage":4.0,"enemies":"Snecko","floor":22.0,"turns":5.0},{"damage":8.0,"enemies":"Sentry and Sphere","floor":24.0,"turns":6.0},{"damage":32.0,"enemies":"Book of Stabbing","floor":25.0,"turns":5.0},{"damage":12.0,"enemies":"Cultist and Chosen","floor":27.0,"turns":7.0},{"damage":15.0,"enemies":"Slavers","floor":30.0,"turns":4.0},{"damage":0.0,"enemies":"Champ","floor":33.0,"turns":8.0},{"damage":0,"enemies":"3 Shapes","floor":35,"turns":3},{"damage":8,"enemies":"2 Orb Walkers","floor":36,"turns":5},{"damage":0,"enemies":"Orb Walker","floor":38,"turns":4},{"damage":0,"enemies":"Sphere and 2 Shapes","floor":39,"turns":7},{"damage":7,"enemies":"Reptomancer","floor":41,"turns":7},{"damage":0,"enemies":"Jaw Worm Horde","floor":44,"turns":1},{"damage":2,"enemies":"3 Darklings","floor":47,"turns":4},{"damage":9,"enemies":"Nemesis","floor":48,"turns":7},{"damage":21,"enemies":"Donu and Deca","floor":50,"turns":7}],"seed_played":"5535420826240748528","potions_obtained":[{"floor":2.0,"key":"EssenceOfSteel"},{"floor":4.0,"key":"Explosive Potion"},{"floor":11.0,"key":"SteroidPotion"},{"floor":18.0,"key":"SmokeBomb"},{"floor":19.0,"key":"Regen Potion"},{"floor":30.0,"key":"BloodPotion"},{"floor":33.0,"key":"Block Potion"},{"floor":35,"key":"Block Potion"},{"floor":47,"key":"LiquidBronze"},{"floor":48,"key":"Block Potion"}],"is_trial":false,"path_per_floor":["M","M","M","M","?","R","E","M","T","M","E","$","R","?","R","B",null,"M","M","?","$","M","R","M","E","T","M","?","R","E","?","R","B",null,"M","?","?","M","M","R","E","$","T","M","R","?","M","E","R","B",null],"character_chosen":"IRONCLAD","items_purchased":["Shrug It Off","Blood Vial","Feel No Pain+1","Orichalcum","Centennial Puzzle"],"campfire_rested":0,"item_purchase_floors":[12,21,42,42,42],"current_hp_per_floor":[80,80,79,76,68,68,34,19,19,20,22,22,22,22,22,10,80,78,80,48,48,52,52,52,42,42,38,38,38,31,31,31,39,80,80,78,68,76,80,80,79,79,79,80,80,80,80,77,77,80],"gold":43,"neow_bonus":"REMOVE_TWO","is_prod":false,"is_daily":false,"chose_seed":false,"campfire_upgraded":9,"win_rate":0,"timestamp":1546591277,"path_taken":["M","M","M","M","?","R","E","?","T","M","E","$","R","?","R","BOSS","M","M","?","?","?","R","M","E","T","M","?","R","E","?","R","BOSS","M","?","?","M","M","R","E","$","T","M","R","?","?","E","R","BOSS"],"build_version":"2019-01-03v3","purchased_purges":2,"victory":true,"max_hp_per_floor":[80,80,80,80,80,80,80,80,80,80,80,80,80,80,80,80,80,80,80,80,80,80,80,80,80,80,80,80,80,80,80,80,80,80,80,80,80,80,80,80,80,80,80,80,80,80,80,80,80,80],"card_choices":[{"not_picked":["Clash","Clothesline"],"picked":"Headbutt","floor":1.0},{"not_picked":["Searing Blow","Perfected Strike"],"picked":"Clothesline","floor":2.0},{"not_picked":["Dual Wield","Entrench","Anger"],"picked":"SKIP","floor":3.0},{"not_picked":["Sword Boomerang","Searing Blow"],"picked":"Double Tap","floor":4.0},{"not_picked":["Warcry","Dual Wield"],"picked":"Inflame","floor":7.0},{"not_picked":["Pommel Strike","Rampage"],"picked":"Shrug It Off","floor":8.0},{"not_picked":["Clothesline","Armaments"],"picked":"Flame Barrier","floor":10.0},{"not_picked":["True Grit","Pommel Strike","Burning Pact"],"picked":"SKIP","floor":11.0},{"not_picked":["Dark Embrace","Juggernaut"],"picked":"Barricade","floor":16.0},{"not_picked":["Twin Strike","Flex"],"picked":"Warcry","floor":18.0},{"not_picked":["Iron Wave","Fire Breathing"],"picked":"Havoc","floor":19.0},{"not_picked":["Havoc","True Grit","Clash"],"picked":"SKIP","floor":22.0},{"not_picked":["Fire Breathing+1","Cleave"],"picked":"Demon Form","floor":24.0},{"not_picked":["Heavy Blade","Sword Boomerang","Twin Strike"],"picked":"SKIP","floor":25.0},{"not_picked":["Sword Boomerang","Iron Wave"],"picked":"Ghostly Armor","floor":27.0},{"not_picked":["Seeing Red","Uppercut"],"picked":"Impervious","floor":30.0},{"not_picked":["Bloodletting","Shrug It Off"],"picked":"Whirlwind+1","floor":35},{"not_picked":["Blood for Blood+1","Bloodletting+1"],"picked":"Shrug It Off+1","floor":36},{"not_picked":["Forethought","The Bomb"],"picked":"Finesse","floor":37},{"not_picked":["Trip","Mind Blast"],"picked":"Mayhem+1","floor":37},{"not_picked":["Perfected Strike","Sword Boomerang+1"],"picked":"Seeing Red","floor":38},{"not_picked":["Sever Soul+1","Warcry","Anger"],"picked":"SKIP","floor":39},{"not_picked":["Sword Boomerang+1","Dual Wield"],"picked":"Disarm+1","floor":41},{"not_picked":["Ghostly Armor+1","Sentinel+1","Body Slam"],"picked":"SKIP","floor":44},{"not_picked":["Clothesline+1","Warcry+1","Flex"],"picked":"SKIP","floor":47},{"not_picked":["Clash","Feel No Pain+1"],"picked":"Reaper","floor":48}],"player_experience":586930,"relics_obtained":[{"floor":7.0,"key":"Art of War"},{"floor":9.0,"key":"Dead Branch"},{"floor":11.0,"key":"Mercury Hourglass"},{"floor":25.0,"key":"Pocketwatch"},{"floor":30.0,"key":"Oddly Smooth Stone"},{"floor":36,"key":"Gambling Chip"},{"floor":41,"key":"Bag of Marbles"},{"floor":43,"key":"Charon\u0027s Ashes"},{"floor":48,"key":"Dodecahedron"}],"event_choices":[{"damage_healed":0.0,"max_hp_gain":0.0,"max_hp_loss":0.0,"gold_gain":0.0,"event_name":"Wheel of Change","player_choice":"Damaged","floor":5.0,"gold_loss":0.0,"damage_taken":8.0},{"damage_healed":0.0,"max_hp_gain":0.0,"max_hp_loss":0.0,"gold_gain":0.0,"event_name":"World of Goop","player_choice":"Left Gold","floor":14.0,"gold_loss":21.0,"damage_taken":0.0},{"damage_healed":0.0,"max_hp_gain":0.0,"max_hp_loss":0.0,"gold_gain":90.0,"event_name":"Knowing Skull","player_choice":"CARD CARD GOLD ","floor":20.0,"potions_obtained":[],"gold_loss":0.0,"damage_taken":32.0,"cards_obtained":["Swift Strike","PanicButton"]},{"damage_healed":0.0,"max_hp_gain":0.0,"max_hp_loss":0.0,"gold_gain":90.0,"event_name":"Knowing Skull","player_choice":"CARD CARD GOLD ","floor":20.0,"potions_obtained":[],"gold_loss":0.0,"damage_taken":32.0,"cards_obtained":["Swift Strike","PanicButton"]},{"damage_healed":0.0,"max_hp_gain":0.0,"max_hp_loss":0.0,"gold_gain":0.0,"event_name":"The Mausoleum","player_choice":"Opened","floor":28.0,"gold_loss":0.0,"damage_taken":0.0,"relics_obtained":["Frozen Egg 2"]},{"damage_healed":0.0,"max_hp_gain":0.0,"max_hp_loss":0.0,"gold_gain":99.0,"event_name":"Nest","player_choice":"Stole From Cult","floor":31.0,"gold_loss":0.0,"damage_taken":0.0},{"damage_healed":0,"gold_gain":0,"player_choice":"Fight","damage_taken":0,"max_hp_gain":0,"max_hp_loss":0,"event_name":"Mysterious Sphere","floor":36,"gold_loss":0},{"damage_healed":0,"gold_gain":0,"player_choice":"Memory 3","damage_taken":10,"max_hp_gain":0,"max_hp_loss":0,"event_name":"SensoryStone","floor":37,"gold_loss":0},{"cards_removed":["Defend_R"],"damage_healed":0,"gold_gain":0,"player_choice":"Upgrade and Remove","damage_taken":0,"max_hp_gain":0,"max_hp_loss":0,"event_name":"Designer","floor":46,"gold_loss":90,"cards_upgraded":["Headbutt"]}],"is_beta":false,"boss_relics":[{"not_picked":["Orrery","Black Blood"],"picked":"Empty Cage"},{"not_picked":["Runic Pyramid","Eternal Feather"],"picked":"Mark of Pain"}],"items_purged_floors":[12,42],"is_endless":false,"potions_floor_spawned":[2,4,11,18,19,30,33,35,47,48],"ascension_level":1}