{"gold_per_floor":[112,122,272,290,305,305,331,38,38,38,55,55,55],"floor_reached":13,"playtime":526,"items_purged":["Doubt"],"score":170,"play_id":"19f66e31-bdf8-4346-a9bb-87344ce2b933","local_time":"20181118190448","is_ascension_mode":true,"campfire_choices":[{"data":"Neutralize","floor":6,"key":"SMITH"},{"data":"Dash","floor":10,"key":"SMITH"},{"data":"Cloak And Dagger","floor":12,"key":"SMITH"}],"neow_cost":"NONE","seed_source_timestamp":371295573813548,"circlet_count":0,"master_deck":["AscendersBane","Defend_G","Defend_G","Defend_G","Defend_G","Defend_G","Strike_G","Strike_G","Strike_G","Strike_G","Strike_G","Survivor","Neutralize+1","Dash+1","Dagger Throw","Deflect","Backstab","Cloak And Dagger+1"],"relics":["Ring of the Snake","Blood Vial","Chemical X","Sundial"],"potions_floor_usage":[7,7,13],"damage_taken":[{"damage":2,"enemies":"2 Louse","floor":1,"turns":5},{"damage":0,"enemies":"Cultist","floor":2,"turns":4},{"damage":7,"enemies":"Jaw Worm","floor":4,"turns":7},{"damage":0,"enemies":"2 Fungi Beasts","floor":5,"turns":4},{"damage":48,"enemies":"Gremlin Nob","floor":7,"turns":6},{"damage":0,"enemies":"Looter","floor":11,"turns":3},{"damage":50,"enemies":"Lagavulin","floor":13,"turns":13}],"seed_played":"4191637860544004740","potions_obtained":[{"floor":1,"key":"Regen Potion"},{"floor":5,"key":"Regen Potion"},{"floor":11,"key":"EssenceOfSteel"}],"is_trial":false,"path_per_floor":["M","M","?","M","M","R","E","$","T","R","M","R","E"],"character_chosen":"THE_SILENT","items_purchased":["Chemical X"],"campfire_rested":0,"item_purchase_floors":[8],"current_hp_per_floor":[63,63,63,56,56,56,37,37,37,37,39,39,0],"gold":55,"neow_bonus":"TEN_PERCENT_HP_BONUS","is_prod":false,"is_daily":false,"chose_seed":false,"campfire_upgraded":3,"win_rate":0,"timestamp":1542585888,"path_taken":["M","M","?","M","M","R","E","$","T","R","M","R","E"],"build_version":"2018-11-15","purchased_purges":1,"victory":false,"max_hp_per_floor":[72,72,72,72,72,72,72,72,72,72,72,72,72],"card_choices":[{"not_picked":["Sucker Punch","Well Laid Plans"],"picked":"Dash","floor":1},{"not_picked":["Dagger Throw","Blade Dance","Prepared"],"picked":"SKIP","floor":2},{"not_picked":["Acrobatics","Underhanded Strike"],"picked":"Dagger Throw","floor":4},{"not_picked":["Catalyst","Flying Knee"],"picked":"Deflect","floor":5},{"not_picked":["Backflip","Masterful Stab"],"picked":"Backstab","floor":7},{"not_picked":["Finisher","Tactician"],"picked":"Cloak And Dagger","floor":11}],"player_experience":1099832,"relics_obtained":[{"floor":7,"key":"Blood Vial"},{"floor":9,"key":"Sundial"}],"event_choices":[{"damage_healed":0,"gold_gain":150,"player_choice":"AGREE","damage_taken":0,"max_hp_gain":0,"max_hp_loss":0,"event_name":"Liars Game","floor":3,"gold_loss":0,"cards_obtained":["Doubt"]}],"is_beta":false,"boss_relics":[],"items_purged_floors":[8],"is_endless":false,"potions_floor_spawned":[1,5,11],"killed_by":"Lagavulin","ascension_level":20}