{"gold_per_floor":[19,29,29,29,41,41,52,82,82,102,115,115,144,163,163,163],"floor_reached":16,"playtime":917,"items_purged":[],"score":200,"play_id":"5a5309e9-6368-47ae-a51d-15467e8c6c08","local_time":"20181018104702","is_ascension_mode":true,"campfire_choices":[{"data":"Neutralize","floor":6,"key":"SMITH"},{"data":"Prepared","floor":12,"key":"SMITH"},{"data":"Leg Sweep","floor":15,"key":"SMITH"}],"neow_cost":"NO_GOLD","seed_source_timestamp":674975233684420,"circlet_count":0,"master_deck":["Defend_G","Defend_G","Defend_G","Defend_G","Defend_G","Strike_G","Strike_G","Strike_G","Strike_G","Strike_G","Survivor","Neutralize+1","AscendersBane","Dash","Deflect","Dagger Spray","Slice","Prepared+1","Slice","Leg Sweep+1","Backstab","Deflect"],"relics":["Ring of the Snake","Unceasing Top","Question Card","Torii","Girya"],"potions_floor_usage":[7,7,8,16],"damage_taken":[{"damage":7,"enemies":"Jaw Worm","floor":1,"turns":9},{"damage":0,"enemies":"2 Louse","floor":2,"turns":3},{"damage":0,"enemies":"Cultist","floor":5,"turns":4},{"damage":10,"enemies":"Exordium Wildlife","floor":7,"turns":8},{"damage":14,"enemies":"Gremlin Nob","floor":8,"turns":6},{"damage":8,"enemies":"Lots of Slimes","floor":10,"turns":4},{"damage":2,"enemies":"Looter","floor":11,"turns":3},{"damage":4,"enemies":"3 Sentries","floor":13,"turns":10},{"damage":1,"enemies":"Gremlin Gang","floor":14,"turns":5},{"damage":25,"enemies":"The Guardian","floor":16,"turns":13}],"seed_played":"8084840496244575135","potions_obtained":[{"floor":1,"key":"SpeedPotion"},{"floor":2,"key":"AttackPotion"},{"floor":7,"key":"Block Potion"},{"floor":11,"key":"EssenceOfSteel"}],"is_trial":false,"path_per_floor":["M","M","?","$","M","R","M","E","T","M","M","R","E","M","R"],"character_chosen":"THE_SILENT","items_purchased":[],"campfire_rested":0,"item_purchase_floors":[],"current_hp_per_floor":[52,52,57,57,57,57,47,33,33,25,23,23,19,18,18,0],"gold":163,"neow_bonus":"ONE_RARE_RELIC","is_prod":false,"is_daily":false,"chose_seed":false,"campfire_upgraded":3,"win_rate":0,"timestamp":1539874022,"path_taken":["M","M","?","$","M","R","M","E","T","?","M","R","E","M","R","BOSS"],"build_version":"2018-10-11","purchased_purges":0,"victory":false,"max_hp_per_floor":[66,66,71,71,71,71,71,71,71,71,71,71,71,71,71,71],"card_choices":[{"not_picked":["Calculated Gamble","Leg Sweep"],"picked":"Dash","floor":1},{"not_picked":["Backflip","Acrobatics"],"picked":"Deflect","floor":2},{"not_picked":["Choke","Expertise"],"picked":"Dagger Spray","floor":5},{"not_picked":["Endless Agony","Catalyst"],"picked":"Slice","floor":7},{"not_picked":["Dagger Spray","Sucker Punch"],"picked":"Prepared","floor":8},{"not_picked":["Underhanded Strike","Sucker Punch","PiercingWail"],"picked":"Slice","floor":10},{"not_picked":["PiercingWail","Cloak And Dagger","Flying Knee"],"picked":"Leg Sweep","floor":11},{"not_picked":["Bullet Time","Flechettes","Quick Slash"],"picked":"Backstab","floor":13},{"not_picked":["Acrobatics","Underhanded Strike","Deadly Poison"],"picked":"Deflect","floor":14}],"player_experience":912519,"relics_obtained":[{"floor":8,"key":"Question Card"},{"floor":9,"key":"Torii"},{"floor":13,"key":"Girya"}],"event_choices":[{"event_name":"Big Fish","player_choice":"Donut","floor":3,"damage_taken":0}],"is_beta":false,"boss_relics":[],"items_purged_floors":[],"is_endless":false,"potions_floor_spawned":[1,2,7,11],"killed_by":"The Guardian","ascension_level":15}