{"gold_per_floor":[109,21,21,21,42,42,57,83,109,109,128,128,171,196,196,325,325,340,190,190,215,235,235,275,288,337,337,337,18,18,31,31,161,161,186,0,0,23,44,44,58,83,83,98,98,123,456,42,42,42],"floor_reached":51,"playtime":3831,"items_purged":["Strike_G","Writhe","Accuracy"],"score":769,"play_id":"bdaecc8e-4114-4f57-baba-134538bf2bfc","local_time":"20190722215735","is_ascension_mode":false,"campfire_choices":[{"data":"Noxious Fumes","floor":6,"key":"SMITH"},{"data":"Footwork","floor":10,"key":"SMITH"},{"data":"Neutralize","floor":12,"key":"SMITH"},{"data":"Bane","floor":15,"key":"SMITH"},{"data":"Wraith Form v2","floor":23,"key":"SMITH"},{"data":"Footwork","floor":27,"key":"SMITH"},{"data":"Noxious Fumes","floor":30,"key":"SMITH"},{"data":"Caltrops","floor":32,"key":"SMITH"},{"data":"Malaise","floor":40,"key":"SMITH"},{"floor":49,"key":"REST"}],"neow_cost":"TEN_PERCENT_HP_LOSS","seed_source_timestamp":1024736491798076,"circlet_count":0,"master_deck":["Defend_G","Defend_G","Defend_G","Defend_G+1","Defend_G+1","Survivor","Neutralize+1","Footwork+1","Deflect","Noxious Fumes+1","Backflip","Backflip","Dagger Spray","Dodge and Roll","Bane+1","Wraith Form v2+1","Footwork+1","Dodge and Roll+1","Dodge and Roll","Noxious Fumes+1","Caltrops+1","Malaise+1","Bouncing Flask","Footwork","Caltrops+1","Footwork+1","Crippling Poison"],"relics":["Ring of the Snake","Odd Mushroom","Pen Nib","PreservedInsect","Velvet Choker","Lantern","Tough Bandages","Anchor","War Paint","White Beast Statue","Red Mask","Dead Branch","Frozen Eye"],"potions_floor_usage":[8,21,35,42,44,46,50,50,50],"damage_taken":[{"damage":0,"enemies":"Small Slimes","floor":1,"turns":6},{"damage":0,"enemies":"Jaw Worm","floor":5,"turns":5},{"damage":0,"enemies":"2 Louse","floor":7,"turns":3},{"damage":0,"enemies":"The Mushroom Lair","floor":8,"turns":4},{"damage":4,"enemies":"Large Slime","floor":11,"turns":8},{"damage":0,"enemies":"Lagavulin","floor":13,"turns":7},{"damage":6,"enemies":"Exordium Wildlife","floor":14,"turns":4},{"damage":10,"enemies":"The Guardian","floor":16,"turns":10},{"damage":7,"enemies":"3 Byrds","floor":18,"turns":4},{"damage":5,"enemies":"2 Thieves","floor":21,"turns":5},{"damage":1,"enemies":"Snecko","floor":22,"turns":6},{"damage":0,"enemies":"Book of Stabbing","floor":24,"turns":6},{"damage":0,"enemies":"Sentry and Sphere","floor":25,"turns":8},{"damage":0,"enemies":"Cultist and Chosen","floor":31,"turns":7},{"damage":9,"enemies":"Champ","floor":33,"turns":17},{"damage":11,"enemies":"3 Darklings","floor":35,"turns":6},{"damage":0,"enemies":"Orb Walker","floor":38,"turns":5},{"damage":0,"enemies":"Jaw Worm Horde","floor":39,"turns":6},{"damage":0,"enemies":"Writhing Mass","floor":41,"turns":8},{"damage":0,"enemies":"Sphere and 2 Shapes","floor":42,"turns":6},{"damage":7,"enemies":"4 Shapes","floor":44,"turns":7},{"damage":6,"enemies":"Spire Growth","floor":46,"turns":6},{"damage":0,"enemies":"Donu and Deca","floor":50,"turns":9}],"seed_played":"-7722555790197968057","potions_obtained":[{"floor":5,"key":"SkillPotion"},{"floor":11,"key":"SteroidPotion"},{"floor":13,"key":"SneckoOil"},{"floor":18,"key":"Dexterity Potion"},{"floor":21,"key":"Dexterity Potion"},{"floor":33,"key":"Strength Potion"},{"floor":35,"key":"GhostInAJar"},{"floor":42,"key":"Fire Potion"},{"floor":44,"key":"Block Potion"},{"floor":46,"key":"Poison Potion"}],"is_trial":false,"path_per_floor":["M","$","?","?","M","R","M","?","T","R","M","R","E","M","R","B",null,"M","$","?","M","M","R","E","M","T","R","?","$","R","M","R","B",null,"M","?","?","M","M","R","M","M","T","M","?","M","?","$","R","B",null],"character_chosen":"THE_SILENT","items_purchased":["Noxious Fumes","Backflip","Footwork","War Paint","Noxious Fumes","Crippling Poison","Frozen Eye"],"campfire_rested":1,"item_purchase_floors":[2,2,19,29,29,48,48],"current_hp_per_floor":[63,63,68,51,51,51,51,51,51,51,47,47,47,41,41,31,68,61,61,61,56,55,55,55,55,55,55,55,55,55,55,55,46,68,57,57,57,57,57,57,57,57,57,50,50,44,44,44,64,64],"gold":42,"neow_bonus":"TRANSFORM_TWO_CARDS","is_prod":false,"is_daily":false,"chose_seed":false,"campfire_upgraded":9,"win_rate":0,"timestamp":1563847055,"path_taken":["M","$","?","?","M","R","M","?","T","R","M","R","E","M","R","BOSS","M","$","?","M","M","R","E","M","T","R","?","$","R","M","R","BOSS","M","?","?","M","?","R","M","M","T","M","?","M","?","$","R","BOSS"],"build_version":"2019-07-17","purchased_purges":3,"victory":true,"max_hp_per_floor":[63,63,68,68,68,68,68,68,68,68,68,68,68,68,68,68,68,68,68,68,68,68,68,68,68,68,68,68,68,68,68,68,68,68,68,68,68,68,68,68,68,68,68,68,68,68,68,68,68,68],"card_choices":[{"not_picked":["Deflect","Concentrate"],"picked":"Slice","floor":1},{"not_picked":["Poisoned Stab","Underhanded Strike"],"picked":"Backflip","floor":5},{"not_picked":["Endless Agony","Riddle With Holes"],"picked":"Dagger Spray","floor":7},{"not_picked":["Quick Slash","Unload"],"picked":"Dodge and Roll","floor":11},{"not_picked":["Accuracy","Skewer","Heel Hook"],"picked":"SKIP","floor":13},{"not_picked":["Quick Slash","Flying Knee"],"picked":"Bane","floor":14},{"not_picked":["Envenom","Grand Finale"],"picked":"Wraith Form v2","floor":16},{"not_picked":["Quick Slash","Dagger Spray","Reflex"],"picked":"SKIP","floor":18},{"not_picked":["Masterful Stab","Poisoned Stab","Outmaneuver"],"picked":"SKIP","floor":21},{"not_picked":["Choke","Deadly Poison","Blade Dance"],"picked":"SKIP","floor":22},{"not_picked":["Slice+1","Choke"],"picked":"Dodge and Roll+1","floor":24},{"not_picked":["All Out Attack","Riddle With Holes","Setup"],"picked":"SKIP","floor":25},{"not_picked":["Setup","Deadly Poison"],"picked":"Caltrops","floor":31},{"not_picked":["After Image","Night Terror"],"picked":"Malaise","floor":33},{"not_picked":["Escape Plan+1","Acrobatics","Quick Slash"],"picked":"SKIP","floor":35},{"not_picked":["Acrobatics","Dagger Spray","Backstab"],"picked":"SKIP","floor":38},{"not_picked":["Quick Slash","Poisoned Stab"],"picked":"Bouncing Flask","floor":39},{"not_picked":["Backflip+1","Calculated Gamble"],"picked":"Footwork","floor":41},{"not_picked":["Sucker Punch","Cloak And Dagger+1"],"picked":"Caltrops+1","floor":42},{"not_picked":["Adrenaline","Flechettes","Underhanded Strike"],"picked":"SKIP","floor":44},{"not_picked":["Eviscerate","Backflip+1"],"picked":"Footwork+1","floor":46}],"player_experience":4080018,"relics_obtained":[{"floor":8,"key":"Odd Mushroom"},{"floor":9,"key":"Pen Nib"},{"floor":13,"key":"PreservedInsect"},{"floor":24,"key":"Tough Bandages"},{"floor":26,"key":"Anchor"},{"floor":43,"key":"Dead Branch"}],"event_choices":[{"damage_healed":0,"gold_gain":0,"player_choice":"Donut","damage_taken":0,"max_hp_gain":5,"max_hp_loss":0,"event_name":"Big Fish","floor":3,"gold_loss":0},{"damage_healed":0,"gold_gain":0,"player_choice":"Take Damage","damage_taken":17,"relics_obtained":["Golden Idol"],"max_hp_gain":0,"max_hp_loss":0,"event_name":"Golden Idol","floor":4,"gold_loss":0},{"damage_healed":0,"gold_gain":0,"player_choice":"Fought Mushrooms","damage_taken":0,"max_hp_gain":0,"max_hp_loss":0,"event_name":"Mushrooms","floor":8,"gold_loss":0},{"damage_healed":0,"gold_gain":0,"player_choice":"Opened","damage_taken":0,"relics_obtained":["Lantern"],"max_hp_gain":0,"max_hp_loss":0,"event_name":"The Mausoleum","floor":20,"gold_loss":0,"cards_obtained":["Writhe"]},{"damage_healed":0,"gold_gain":0,"cards_transformed":["Strike_G","Strike_G"],"player_choice":"Became Test Subject","damage_taken":0,"max_hp_gain":0,"max_hp_loss":0,"event_name":"Drug Dealer","floor":28,"gold_loss":0,"cards_obtained":["Accuracy","Dodge and Roll"]},{"damage_healed":0,"gold_gain":0,"player_choice":"Paid","damage_taken":0,"relics_obtained":["Red Mask"],"max_hp_gain":0,"max_hp_loss":0,"event_name":"Tomb of Lord Red Mask","floor":36,"gold_loss":186},{"cards_removed":["Slice"],"damage_healed":0,"gold_gain":0,"player_choice":"Removed Attack","damage_taken":0,"max_hp_gain":0,"max_hp_loss":0,"event_name":"Falling","floor":37,"gold_loss":0},{"damage_healed":0,"gold_gain":0,"player_choice":"Memory 1","damage_taken":0,"max_hp_gain":0,"max_hp_loss":0,"event_name":"SensoryStone","floor":45,"gold_loss":0},{"damage_healed":0,"gold_gain":333,"player_choice":"Gave Idol","damage_taken":0,"max_hp_gain":0,"max_hp_loss":0,"event_name":"The Moai Head","floor":47,"relics_lost":["Golden Idol"],"gold_loss":0}],"is_beta":false,"boss_relics":[{"not_picked":["Runic Dome","Coffee Dripper"],"picked":"Velvet Choker"},{"not_picked":["Ring of the Serpent","Philosopher\u0027s Stone"],"picked":"White Beast Statue"}],"items_purged_floors":[19,29,48],"is_endless":false,"potions_floor_spawned":[5,11,13,18,21,25,33,35,38,39,41,42,44,46],"ascension_level":0}