{"gold_per_floor":[17,32,43,43,53,53,72,92,144,69,87,87,99,114,114,210,210,225,242,242,242,142,142],"floor_reached":23,"playtime":982,"items_purged":["Strike_R","Strike_R"],"score":231,"play_id":"93221b8a-2690-41cf-a068-fea49af8e6e3","local_time":"20190627143747","is_ascension_mode":true,"campfire_choices":[{"data":"Bash","floor":6,"key":"SMITH"},{"data":"Dropkick","floor":15,"key":"SMITH"}],"neow_cost":"NO_GOLD","seed_source_timestamp":679697154060503,"circlet_count":0,"master_deck":["Strike_R","Strike_R","Defend_R+1","Defend_R+1","Defend_R+1","Defend_R+1","Bash+1","Dropkick+1","Dropkick"],"relics":["Burning Blood","War Paint","Runic Cube"],"potions_floor_usage":[5,8,14,16,18,23],"damage_taken":[{"damage":5,"enemies":"Cultist","floor":1,"turns":5},{"damage":2,"enemies":"Jaw Worm","floor":2,"turns":3},{"damage":5,"enemies":"Small Slimes","floor":3,"turns":3},{"damage":0,"enemies":"Gremlin Gang","floor":5,"turns":2},{"damage":0,"enemies":"Large Slime","floor":7,"turns":4},{"damage":0,"enemies":"Looter","floor":8,"turns":3},{"damage":1,"enemies":"Red Slaver","floor":11,"turns":3},{"damage":32,"enemies":"Large Slime","floor":13,"turns":7},{"damage":0,"enemies":"Looter","floor":14,"turns":3},{"damage":20,"enemies":"The Guardian","floor":16,"turns":11},{"damage":17,"enemies":"2 Thieves","floor":18,"turns":3},{"damage":33,"enemies":"Shell Parasite","floor":19,"turns":11},{"damage":62,"enemies":"Book of Stabbing","floor":23,"turns":8}],"seed_played":"-5336383255247681962","potions_obtained":[{"floor":2,"key":"Energy Potion"},{"floor":3,"key":"Explosive Potion"},{"floor":5,"key":"SteroidPotion"},{"floor":13,"key":"Swift Potion"},{"floor":14,"key":"Fire Potion"},{"floor":19,"key":"Block Potion"}],"is_trial":false,"path_per_floor":["M","M","M","?","M","R","M","M","T","$","M","?","M","M","R","B",null,"M","M","?","?","$","E"],"character_chosen":"IRONCLAD","items_purchased":[],"campfire_rested":0,"item_purchase_floors":[],"current_hp_per_floor":[96,96,96,77,83,83,89,95,95,95,96,96,70,76,76,62,96,85,58,58,58,58,0],"gold":142,"neow_bonus":"TWENTY_PERCENT_HP_BONUS","is_prod":false,"is_daily":false,"chose_seed":false,"campfire_upgraded":2,"win_rate":0,"timestamp":1561639067,"path_taken":["M","?","M","?","M","R","M","M","T","$","M","?","?","?","R","BOSS","M","M","?","?","$","E"],"build_version":"2019-01-23","purchased_purges":2,"victory":false,"max_hp_per_floor":[96,96,96,96,96,96,96,96,96,96,96,96,96,96,96,96,96,96,96,96,96,96,96],"card_choices":[{"not_picked":["Sword Boomerang","Headbutt"],"picked":"Dropkick","floor":1},{"not_picked":["Rampage","Body Slam","Perfected Strike"],"picked":"SKIP","floor":2},{"not_picked":["Clothesline","Twin Strike"],"picked":"Dropkick","floor":3},{"not_picked":["Anger","True Grit","Cleave"],"picked":"SKIP","floor":5},{"not_picked":["Shockwave","Clash","Sever Soul"],"picked":"SKIP","floor":7},{"not_picked":["Second Wind","Body Slam","Anger"],"picked":"SKIP","floor":8},{"not_picked":["Havoc","Cleave","Double Tap"],"picked":"SKIP","floor":11},{"not_picked":["Body Slam","Metallicize","Cleave"],"picked":"SKIP","floor":13},{"not_picked":["Heavy Blade","Anger","Flame Barrier"],"picked":"SKIP","floor":14},{"not_picked":["Armaments+1","Feel No Pain","Inflame"],"picked":"SKIP","floor":18},{"not_picked":["True Grit","Rupture","Second Wind+1"],"picked":"SKIP","floor":19}],"player_experience":148284,"relics_obtained":[{"floor":9,"key":"War Paint"}],"event_choices":[{"damage_healed":0,"gold_gain":0,"player_choice":"Entered Light","damage_taken":19,"max_hp_gain":0,"max_hp_loss":0,"event_name":"Shining Light","floor":4,"gold_loss":0,"cards_upgraded":["Defend_R","Defend_R"]},{"cards_removed":["Strike_R"],"damage_healed":0,"gold_gain":0,"player_choice":"Offered Basic","damage_taken":0,"max_hp_gain":0,"max_hp_loss":0,"event_name":"Bonfire Elementals","floor":12,"gold_loss":0},{"damage_healed":0,"gold_gain":0,"player_choice":"Ignored","damage_taken":0,"max_hp_gain":0,"max_hp_loss":0,"event_name":"The Mausoleum","floor":20,"gold_loss":0},{"damage_healed":0,"gold_gain":0,"player_choice":"Ignored","damage_taken":0,"max_hp_gain":0,"max_hp_loss":0,"event_name":"Ghosts","floor":21,"gold_loss":0}],"is_beta":false,"boss_relics":[{"not_picked":["Eternal Feather","Calling Bell"],"picked":"Runic Cube"}],"items_purged_floors":[10,22],"is_endless":false,"potions_floor_spawned":[2,3,5,13,14,19],"killed_by":"Book of Stabbing","ascension_level":2}