{"gold_per_floor":[115,115,82,93,18,45,45,20,20,20,20,48,48,48,48,143,143,157,157,171,187,198,198,198,233,233,193,212,212],"floor_reached":29,"playtime":949,"items_purged":["Strike_G"],"score":274,"play_id":"09fe455d-98d3-4ad9-b19f-821ba607ddbc","local_time":"20190717200113","is_ascension_mode":true,"campfire_choices":[{"data":"Glass Knife","floor":7,"key":"SMITH"},{"floor":10,"key":"REST"},{"floor":13,"key":"REST"},{"data":"Accuracy","floor":15,"key":"SMITH"},{"data":"Cloak And Dagger","floor":23,"key":"SMITH"}],"neow_cost":"NONE","seed_source_timestamp":99172657898592,"circlet_count":0,"master_deck":["Strike_G","Strike_G","Defend_G","Defend_G","Defend_G","Defend_G","Defend_G","Survivor","Neutralize","Cloak And Dagger+1","Accuracy+1","Glass Knife+1","Blade Dance+1","Acrobatics","Unload","RitualDagger","All Out Attack+1"],"relics":["Ring of the Snake","Boot","Centennial Puzzle","Bronze Scales","Mummified Hand","WristBlade","PreservedInsect","Vajra"],"potions_floor_usage":[6,6,25,25],"damage_taken":[{"damage":5,"enemies":"2 Louse","floor":1,"turns":2},{"damage":1,"enemies":"Jaw Worm","floor":4,"turns":4},{"damage":14,"enemies":"Gremlin Nob","floor":6,"turns":4},{"damage":16,"enemies":"Lagavulin","floor":12,"turns":6},{"damage":22,"enemies":"Slime Boss","floor":16,"turns":9},{"damage":4,"enemies":"Shell Parasite","floor":18,"turns":3},{"damage":12,"enemies":"Spheric Guardian","floor":20,"turns":4},{"damage":10,"enemies":"Centurion and Healer","floor":21,"turns":4},{"damage":7,"enemies":"Cultist and Chosen","floor":22,"turns":4},{"damage":18,"enemies":"Gremlin Leader","floor":25,"turns":6},{"damage":14,"enemies":"Snake Plant","floor":28,"turns":3},{"damage":9,"enemies":"Colosseum Slavers","floor":29,"turns":1}],"seed_played":"-8604730502777216199","potions_obtained":[{"floor":1,"key":"FearPotion"},{"floor":4,"key":"SteroidPotion"},{"floor":6,"key":"LiquidBronze"},{"floor":19,"key":"FairyPotion"},{"floor":19,"key":"Dexterity Potion"}],"is_trial":false,"path_per_floor":["M","?","?","M","$","E","R","$","T","R","$","E","R","?","R","B",null,"M","?","M","M","M","R","?","E","T","?","M","?"],"character_chosen":"THE_SILENT","items_purchased":["Blade Dance"],"campfire_rested":2,"item_purchase_floors":[8],"current_hp_per_floor":[65,65,65,64,64,50,50,50,50,70,70,54,70,70,70,48,70,66,66,54,44,37,37,31,13,13,13,7,0],"gold":212,"neow_bonus":"RANDOM_COMMON_RELIC","is_prod":false,"is_daily":false,"chose_seed":false,"campfire_upgraded":3,"win_rate":0,"timestamp":1563411673,"path_taken":["M","?","?","M","?","E","R","$","T","R","$","E","R","?","R","BOSS","M","?","M","M","?","R","?","E","T","?","?","?"],"build_version":"2019-07-05","purchased_purges":1,"victory":false,"max_hp_per_floor":[70,70,70,70,70,70,70,70,70,70,70,70,70,70,70,70,70,70,70,70,70,70,70,70,70,70,70,70,70],"card_choices":[{"not_picked":["Backstab","Blade Dance"],"picked":"Cloak And Dagger","floor":1},{"not_picked":["Riddle With Holes","Escape Plan"],"picked":"Accuracy","floor":4},{"not_picked":["Bouncing Flask","Masterful Stab"],"picked":"Glass Knife","floor":6},{"not_picked":["Calculated Gamble","Poisoned Stab"],"picked":"Acrobatics","floor":12},{"not_picked":["Night Terror","Doppelganger"],"picked":"Unload","floor":16},{"not_picked":["Tactician","Acrobatics+1","Dagger Spray"],"picked":"SKIP","floor":18},{"not_picked":["Bane","Calculated Gamble","Outmaneuver"],"picked":"SKIP","floor":20},{"not_picked":["Envenom","Quick Slash","Outmaneuver+1"],"picked":"SKIP","floor":21},{"not_picked":["Dagger Throw","Underhanded Strike+1","Deadly Poison"],"picked":"SKIP","floor":22},{"not_picked":["Caltrops","Underhanded Strike","Slice"],"picked":"SKIP","floor":25},{"not_picked":["Deflect","Flying Knee+1"],"picked":"All Out Attack+1","floor":28}],"player_experience":132113,"relics_obtained":[{"floor":6,"key":"Centennial Puzzle"},{"floor":9,"key":"Bronze Scales"},{"floor":12,"key":"Mummified Hand"},{"floor":25,"key":"PreservedInsect"},{"floor":26,"key":"Vajra"}],"event_choices":[{"cards_removed":["Strike_G"],"damage_healed":0,"gold_gain":0,"player_choice":"Forget","damage_taken":0,"max_hp_gain":0,"max_hp_loss":0,"event_name":"Living Wall","floor":2,"gold_loss":0},{"damage_healed":0,"gold_gain":0,"player_choice":"Left Gold","damage_taken":0,"max_hp_gain":0,"max_hp_loss":0,"event_name":"World of Goop","floor":3,"gold_loss":33},{"cards_removed":["Strike_G"],"damage_healed":0,"gold_gain":0,"player_choice":"Purged","damage_taken":0,"max_hp_gain":0,"max_hp_loss":0,"event_name":"Purifier","floor":14,"gold_loss":0},{"damage_healed":0,"gold_gain":0,"player_choice":"Got Potions","damage_taken":0,"max_hp_gain":0,"max_hp_loss":0,"event_name":"Lab","floor":19,"gold_loss":0},{"damage_healed":0,"gold_gain":0,"player_choice":"Joined the Cult","damage_taken":6,"max_hp_gain":0,"max_hp_loss":0,"event_name":"Nest","floor":24,"gold_loss":0,"cards_obtained":["RitualDagger"]},{"damage_healed":0,"gold_gain":0,"player_choice":"Upgrade","damage_taken":0,"max_hp_gain":0,"max_hp_loss":0,"event_name":"Designer","floor":27,"gold_loss":40,"cards_upgraded":["Blade Dance"]},{"damage_healed":0,"gold_gain":0,"player_choice":"Fight","damage_taken":0,"max_hp_gain":0,"max_hp_loss":0,"event_name":"Colosseum","floor":29,"gold_loss":0}],"is_beta":false,"boss_relics":[{"not_picked":["Empty Cage","Eternal Feather"],"picked":"WristBlade"}],"items_purged_floors":[5],"is_endless":false,"potions_floor_spawned":[1,4,6,20,21],"killed_by":"Colosseum Slavers","ascension_level":2}