{"gold_per_floor":[118,134,59,70,37,37,70,245,245,121,121,121,121,131,131,131],"floor_reached":16,"playtime":541,"items_purged":["Strike_R","Doubt"],"score":157,"play_id":"25756b46-bfc5-4299-aa25-eaa1e29ee7d4","local_time":"20190704192033","is_ascension_mode":true,"campfire_choices":[{"floor":6,"key":"REST"},{"floor":13,"key":"REST"},{"floor":15,"key":"RECALL"}],"neow_cost":"NONE","seed_source_timestamp":138811352771669,"circlet_count":0,"master_deck":["AscendersBane","Strike_R","Strike_R","Strike_R","Strike_R","Defend_R+1","Defend_R","Defend_R","Defend_R","Bash","Pummel","Shrug It Off+1","Shrug It Off","Impervious","Shrug It Off+1","Havoc+1"],"relics":["Fusion Hammer","Matryoshka","Toxic Egg 2","Dodecahedron","Bag of Preparation"],"potions_floor_usage":[7],"damage_taken":[{"damage":5,"enemies":"Cultist","floor":1,"turns":5},{"damage":3,"enemies":"Small Slimes","floor":2,"turns":3},{"damage":0,"enemies":"Jaw Worm","floor":4,"turns":4},{"damage":22,"enemies":"Gremlin Nob","floor":7,"turns":4},{"damage":2,"enemies":"Large Slime","floor":14,"turns":7},{"damage":67,"enemies":"Slime Boss","floor":16,"turns":14}],"seed_played":"-576092196160182482","potions_obtained":[{"floor":1,"key":"Fire Potion"},{"floor":14,"key":"SmokeBomb"}],"is_trial":false,"path_per_floor":["M","M","$","M","?","R","E","?","T","$","?","?","R","M","R","B"],"character_chosen":"IRONCLAD","items_purchased":["Shrug It Off+1"],"campfire_rested":2,"item_purchase_floors":[10],"current_hp_per_floor":[67,64,64,64,64,80,58,58,58,58,42,39,63,61,61,0],"gold":131,"neow_bonus":"BOSS_RELIC","is_prod":false,"is_daily":false,"chose_seed":false,"campfire_upgraded":0,"win_rate":0,"timestamp":1562282433,"path_taken":["M","M","$","M","?","R","E","?","T","?","?","?","R","M","R","BOSS"],"build_version":"2019-07-01","purchased_purges":2,"victory":false,"max_hp_per_floor":[80,80,80,80,80,80,80,80,80,80,80,80,80,80,80,80],"card_choices":[{"not_picked":["Intimidate","Anger"],"picked":"Pummel","floor":1},{"not_picked":["Armaments","Carnage"],"picked":"Shrug It Off","floor":2},{"not_picked":["Dropkick","Seeing Red"],"picked":"Shrug It Off","floor":4},{"not_picked":["Sever Soul","Sentinel"],"picked":"Impervious","floor":7},{"not_picked":["Evolve","Clash"],"picked":"Havoc+1","floor":14}],"player_experience":436655,"relics_obtained":[{"floor":7,"key":"Matryoshka"},{"floor":9,"key":"Toxic Egg 2"},{"floor":9,"key":"Dodecahedron"}],"event_choices":[{"damage_healed":0,"gold_gain":0,"player_choice":"Left Gold","damage_taken":0,"max_hp_gain":0,"max_hp_loss":0,"event_name":"World of Goop","floor":5,"gold_loss":33},{"damage_healed":0,"gold_gain":175,"player_choice":"AGREE","damage_taken":0,"max_hp_gain":0,"max_hp_loss":0,"event_name":"Liars Game","floor":8,"gold_loss":0,"cards_obtained":["Doubt"]},{"damage_healed":0,"gold_gain":0,"player_choice":"Entered Light","damage_taken":16,"max_hp_gain":0,"max_hp_loss":0,"event_name":"Shining Light","floor":11,"gold_loss":0,"cards_upgraded":["Defend_R","Shrug It Off"]},{"damage_healed":0,"gold_gain":0,"player_choice":"Success","damage_taken":3,"relics_obtained":["Bag of Preparation"],"max_hp_gain":0,"max_hp_loss":0,"event_name":"Scrap Ooze","floor":12,"gold_loss":0}],"is_beta":false,"boss_relics":[],"items_purged_floors":[3,10],"is_endless":false,"potions_floor_spawned":[1,14],"killed_by":"Slime Boss","ascension_level":12}