{"gold_per_floor":[110,122,122,135,147,147,173,173,219,219,16,45,45,77,77,175,175,186,73,91,11,11,11,30,57,57,57,83,96,111,141,141,240,240,257,270,322,333,348,348,360,360,360,376,401,401],"floor_reached":46,"playtime":3624,"items_purged":["Strike_R"],"score":791,"play_id":"8fdedce9-4bb1-4034-881b-ca27055de268","local_time":"20180804133053","is_ascension_mode":true,"campfire_choices":[{"data":"Bash","floor":6,"key":"SMITH"},{"data":"True Grit","floor":8,"key":"SMITH"},{"floor":10,"key":"REST"},{"data":"Barricade","floor":15,"key":"SMITH"},{"data":"Feel No Pain","floor":23,"key":"SMITH"},{"data":"Feel No Pain","floor":27,"key":"SMITH"},{"floor":32,"key":"REST"},{"floor":40,"key":"REST"},{"floor":42,"key":"REST"}],"neow_cost":"CURSE","seed_source_timestamp":258828335887189,"circlet_count":0,"master_deck":["Strike_R","Defend_R","Defend_R","Defend_R","Defend_R","Bash+1","Feel No Pain+1","Feel No Pain+1","Clothesline","Clothesline","True Grit+1","Anger","Seeing Red+1","Barricade+1","Fiend Fire","Intimidate","Havoc+1","Battle Trance","Shrug It Off","Body Slam+1","True Grit+1","Thunderclap+1","Spot Weakness","Bludgeon","Headbutt+1","Offering","Combust+1","Headbutt+1","Whirlwind+1","Warcry","Entrench+1","Headbutt+1","Feel No Pain+1","Shockwave+1","Armaments+1","Impervious","Second Wind"],"relics":["Burning Blood","Spirit Poop","Singing Bowl","Dream Catcher","Strange Spoon","Anchor","Matryoshka","Velvet Choker","Lantern","Potion Belt","Paper Frog","Bag of Preparation","Strawberry","Astrolabe","Bird Faced Urn","Orichalcum","Pantograph","Juzu Bracelet"],"potions_floor_usage":[16,16,20,24,24,25,25,25,33,39,41,41,46],"damage_taken":[{"damage":13,"enemies":"Jaw Worm","floor":1,"turns":5},{"damage":1,"enemies":"Cultist","floor":2,"turns":4},{"damage":8,"enemies":"Small Slimes","floor":4,"turns":7},{"damage":15,"enemies":"Looter","floor":5,"turns":4},{"damage":15,"enemies":"Gremlin Nob","floor":7,"turns":4},{"damage":13,"enemies":"3 Sentries","floor":12,"turns":9},{"damage":19,"enemies":"Lagavulin","floor":14,"turns":9},{"damage":26,"enemies":"Slime Boss","floor":16,"turns":13},{"damage":6,"enemies":"Chosen","floor":18,"turns":6},{"damage":15,"enemies":"3 Byrds","floor":20,"turns":8},{"damage":0,"enemies":"Centurion and Healer","floor":24,"turns":7},{"damage":17,"enemies":"Slavers","floor":25,"turns":9},{"damage":39,"enemies":"Gremlin Leader","floor":28,"turns":7},{"damage":22,"enemies":"Sentry and Sphere","floor":29,"turns":6},{"damage":0,"enemies":"Snecko","floor":30,"turns":5},{"damage":20,"enemies":"Slavers","floor":31,"turns":8},{"damage":41,"enemies":"Automaton","floor":33,"turns":9},{"damage":16,"enemies":"Flame Bruiser 1 Orb","floor":35,"turns":4},{"damage":11,"enemies":"3 Shapes","floor":36,"turns":5},{"damage":38,"floor":37,"turns":5},{"damage":5,"enemies":"Sphere and 2 Shapes","floor":38,"turns":5},{"damage":26,"enemies":"4 Shapes","floor":39,"turns":10},{"damage":34,"enemies":"Spire Growth","floor":41,"turns":5},{"damage":39,"enemies":"Flame Bruiser 2 Orb","floor":44,"turns":6},{"damage":59,"enemies":"2 Orb Walkers","floor":45,"turns":8},{"damage":16,"enemies":"3 Darklings","floor":46,"turns":2}],"seed_played":"275085777808457534","potions_obtained":[{"floor":4,"key":"BloodPotion"},{"floor":5,"key":"GamblersBrew"},{"floor":14,"key":"Explosive Potion"},{"floor":18,"key":"EntropicBrew"},{"floor":24,"key":"Fire Potion"},{"floor":25,"key":"Strength Potion"},{"floor":37,"key":"Swift Potion"},{"floor":38,"key":"Weak Potion"},{"floor":39,"key":"Fire Potion"},{"floor":45,"key":"Energy Potion"}],"is_trial":false,"path_per_floor":["M","M","?","M","M","R","E","R","T","R","$","E","?","E","R","B",null,"M","$","M","$","?","R","M","E","T","R","E","M","M","E","R","B",null,"M","M","?","M","M","R","M","R","T","M","E"],"character_chosen":"IRONCLAD","items_purchased":["Strange Spoon","Intimidate","Battle Trance"],"campfire_rested":4,"item_purchase_floors":[11,19,21],"current_hp_per_floor":[81,86,86,84,75,75,66,66,66,93,93,86,86,73,73,53,83,85,85,85,85,85,85,91,89,89,89,56,40,46,39,69,34,85,75,72,40,47,35,66,46,77,77,54,11,0],"gold":401,"neow_bonus":"TWENTY_PERCENT_HP_BONUS","is_prod":false,"is_daily":false,"chose_seed":false,"campfire_upgraded":5,"win_rate":0,"timestamp":1533403853,"path_taken":["M","M","?","M","M","R","E","R","T","R","$","E","?","E","R","BOSS","M","$","?","?","?","R","M","E","T","R","E","M","M","E","R","BOSS","M","M","?","?","M","R","M","R","T","M","E","M"],"build_version":"2018-08-02","purchased_purges":1,"victory":false,"max_hp_per_floor":[96,96,93,93,93,93,93,93,93,93,93,93,93,93,93,93,93,95,95,95,95,95,95,95,95,95,95,95,95,95,102,102,102,102,102,104,104,104,104,104,106,106,106,106,106,106],"card_choices":[{"not_picked":["Havoc","Iron Wave"],"picked":"Feel No Pain","floor":1},{"not_picked":["Fire Breathing","Headbutt"],"picked":"Feel No Pain","floor":2},{"not_picked":["Corruption","Clash"],"picked":"Clothesline","floor":4},{"not_picked":["Flex","Infernal Blade"],"picked":"Clothesline","floor":5},{"not_picked":["Rampage","Infernal Blade"],"picked":"True Grit","floor":7},{"not_picked":["Uppercut","Flex"],"picked":"Anger","floor":10},{"not_picked":["True Grit","Second Wind"],"picked":"Seeing Red","floor":12},{"not_picked":["Juggernaut","Whirlwind"],"picked":"Barricade","floor":14},{"not_picked":["Immolate","Double Tap"],"picked":"Fiend Fire","floor":16},{"not_picked":["Rampage","Heavy Blade","Blood for Blood"],"picked":"Singing Bowl","floor":18},{"not_picked":["Infernal Blade","Sword Boomerang"],"picked":"Havoc+1","floor":20},{"not_picked":["Entrench","Battle Trance"],"picked":"Shrug It Off","floor":24},{"not_picked":["Armaments+1","Warcry"],"picked":"Body Slam+1","floor":25},{"not_picked":["Power Through+1","Heavy Blade"],"picked":"True Grit+1","floor":28},{"not_picked":["Blood for Blood","Iron Wave"],"picked":"Thunderclap+1","floor":29},{"not_picked":["Clash+1","Headbutt"],"picked":"Spot Weakness","floor":30},{"not_picked":["Anger","Heavy Blade"],"picked":"Bludgeon","floor":31},{"not_picked":["Body Slam","Clash"],"picked":"Headbutt+1","floor":32},{"not_picked":["Berserk","Bludgeon"],"picked":"Offering","floor":33},{"not_picked":["Carnage","Twin Strike"],"picked":"Warcry","floor":35},{"not_picked":["Flex+1","Clash","Twin Strike+1"],"picked":"Singing Bowl","floor":36},{"not_picked":["Headbutt","Impervious"],"picked":"Entrench+1","floor":37},{"not_picked":["Wild Strike","Searing Blow+1"],"picked":"Headbutt+1","floor":38},{"not_picked":["Iron Wave+1","Flex+1"],"picked":"Feel No Pain+1","floor":39},{"not_picked":["Thunderclap","Flex"],"picked":"Shockwave+1","floor":40},{"not_picked":["Thunderclap","Intimidate","Infernal Blade"],"picked":"Singing Bowl","floor":41},{"not_picked":["Twin Strike","Heavy Blade+1"],"picked":"Armaments+1","floor":42},{"not_picked":["Wild Strike","Body Slam+1"],"picked":"Impervious","floor":44},{"not_picked":["Clothesline","Blood for Blood"],"picked":"Second Wind","floor":45}],"player_experience":438877,"relics_obtained":[{"floor":7,"key":"Singing Bowl"},{"floor":9,"key":"Dream Catcher"},{"floor":12,"key":"Anchor"},{"floor":14,"key":"Matryoshka"},{"floor":25,"key":"Lantern"},{"floor":26,"key":"Potion Belt"},{"floor":26,"key":"Paper Frog"},{"floor":28,"key":"Bag of Preparation"},{"floor":31,"key":"Strawberry"},{"floor":37,"key":"Bird Faced Urn"},{"floor":43,"key":"Orichalcum"},{"floor":43,"key":"Pantograph"},{"floor":45,"key":"Juzu Bracelet"}],"event_choices":[{"event_name":"Bonfire Elementals","player_choice":"CURSE","floor":3,"damage_taken":0},{"event_name":"Upgrade Shrine","player_choice":"Upgraded","floor":13,"damage_taken":0},{"event_name":"Ghosts","player_choice":"Ignored","floor":22,"damage_taken":0},{"event_name":"Mysterious Sphere","player_choice":"Fight","floor":37,"damage_taken":0}],"is_beta":false,"boss_relics":[{"not_picked":["Calling Bell","Empty Cage"],"picked":"Velvet Choker"},{"not_picked":["Runic Pyramid","Orrery"],"picked":"Astrolabe"}],"items_purged_floors":[19],"is_endless":false,"potions_floor_spawned":[4,5,14,18,24,25,37,38,39,45],"killed_by":"3 Darklings","ascension_level":8}