{"gold_per_floor":[118,118,118,118,137,178,17,17,17,32,32,76,23,53,53,178,178,191,191,207,225,250,284,284,305,305,329,409,409,39,54,54,180,180,199,222,243,257,257],"floor_reached":39,"playtime":2424,"items_purged":["Injury","Strike_G"],"score":667,"play_id":"31413a53-eeff-4e7f-b966-2bc01d0c7ee2","local_time":"20190602174658","is_ascension_mode":true,"campfire_choices":[{"data":"1","floor":8,"key":"LIFT"},{"data":"2","floor":11,"key":"LIFT"},{"data":"3","floor":15,"key":"LIFT"},{"floor":24,"key":"REST"},{"floor":29,"key":"REST"},{"floor":32,"key":"REST"}],"neow_cost":"NONE","seed_source_timestamp":114007659461128,"circlet_count":0,"master_deck":["Defend_G","Defend_G","Defend_G","Defend_G","Defend_G","Strike_G","Strike_G","Strike_G","Strike_G","Survivor","Neutralize","Dagger Spray+1","Noxious Fumes","Envenom","Bandage Up","Deflect","Riddle With Holes","Cloak And Dagger","Corpse Explosion","PiercingWail","RitualDagger","Slice","Backflip","Leg Sweep","Endless Agony+1","Escape Plan","Backstab","PiercingWail+1","Predator+1","Slice+1","Terror","Footwork"],"relics":["Ring of the Serpent","NeowsBlessing","Girya","Golden Idol","Happy Flower","Dream Catcher","Pear","Tiny Chest","Fusion Hammer","Blood Vial","Bottled Flame","Sling"],"potions_floor_usage":[12,12,12,16,31,33,33,39,39,39],"damage_taken":[{"damage":0,"enemies":"Small Slimes","floor":1,"turns":1},{"damage":0,"enemies":"Jaw Worm","floor":5,"turns":1},{"damage":0,"enemies":"3 Sentries","floor":6,"turns":1},{"damage":8,"enemies":"2 Louse","floor":10,"turns":2},{"damage":21,"enemies":"Lagavulin","floor":12,"turns":6},{"damage":0,"enemies":"Slime Boss","floor":16,"turns":9},{"damage":10,"enemies":"2 Thieves","floor":18,"turns":2},{"damage":7,"enemies":"Shell Parasite","floor":20,"turns":4},{"damage":9,"enemies":"Centurion and Healer","floor":21,"turns":5},{"damage":0,"enemies":"3 Cultists","floor":22,"turns":5},{"damage":24,"enemies":"Book of Stabbing","floor":23,"turns":6},{"damage":12,"enemies":"Shelled Parasite and Fungi","floor":25,"turns":3},{"damage":36,"enemies":"Snake Plant","floor":27,"turns":6},{"damage":14,"enemies":"Sentry and Sphere","floor":31,"turns":6},{"damage":56,"enemies":"Collector","floor":33,"turns":7},{"damage":8,"enemies":"3 Darklings","floor":35,"turns":5},{"damage":12,"enemies":"3 Shapes","floor":36,"turns":5},{"damage":0,"enemies":"Sphere and 2 Shapes","floor":37,"turns":5},{"damage":41,"enemies":"Maw","floor":38,"turns":8},{"damage":38,"enemies":"Transient","floor":39,"turns":5}],"seed_played":"4135761799538066096","potions_obtained":[{"floor":1,"key":"EntropicBrew"},{"floor":6,"key":"AttackPotion"},{"floor":12,"key":"PowerPotion"},{"floor":18,"key":"PowerPotion"},{"floor":31,"key":"Poison Potion"},{"floor":33,"key":"FearPotion"},{"floor":38,"key":"Explosive Potion"}],"is_trial":false,"path_per_floor":["M","?","T","?","M","E","$","R","T","M","R","E","$","?","R","B",null,"M","?","M","M","M","E","R","M","T","M","T","R","$","M","R","B",null,"M","M","M","M","M"],"character_chosen":"THE_SILENT","items_purchased":["Bandage Up","Cloak And Dagger","Sling","Backstab"],"campfire_rested":3,"item_purchase_floors":[7,13,30,30],"current_hp_per_floor":[63,63,63,63,63,63,63,63,63,59,59,64,64,61,61,65,76,70,64,61,56,60,40,64,58,58,28,28,52,52,44,68,18,65,63,57,63,28,0],"gold":257,"neow_bonus":"THREE_ENEMY_KILL","is_prod":false,"is_daily":false,"chose_seed":false,"campfire_upgraded":0,"win_rate":0,"timestamp":1559512018,"path_taken":["M","?","?","?","M","E","$","R","T","M","R","E","$","?","R","BOSS","M","?","M","M","M","E","R","M","T","M","?","R","?","M","R","BOSS","M","M","?","M","M"],"build_version":"2019-01-23","purchased_purges":2,"victory":false,"max_hp_per_floor":[70,70,70,70,70,70,70,70,70,70,70,80,80,80,80,80,80,80,80,80,80,80,80,80,80,80,80,80,80,80,80,80,80,80,80,80,80,80,80],"card_choices":[{"not_picked":["Flechettes","Outmaneuver"],"picked":"Dagger Spray","floor":1},{"not_picked":["Acrobatics","Eviscerate"],"picked":"Noxious Fumes","floor":5},{"not_picked":["Cloak And Dagger","Infinite Blades"],"picked":"Envenom","floor":6},{"not_picked":["Outmaneuver","Blade Dance"],"picked":"Deflect","floor":10},{"not_picked":["Outmaneuver","Quick Slash"],"picked":"Riddle With Holes","floor":12},{"not_picked":["Night Terror","Envenom"],"picked":"Corpse Explosion","floor":16},{"not_picked":["Slice+1","Poisoned Stab"],"picked":"PiercingWail","floor":18},{"not_picked":["Blade Dance","Poisoned Stab"],"picked":"Slice","floor":20},{"not_picked":["Bullet Time","Outmaneuver"],"picked":"Backflip","floor":21},{"not_picked":["Blade Dance","Dagger Throw"],"picked":"Leg Sweep","floor":22},{"not_picked":["Dagger Throw","Wraith Form v2"],"picked":"Endless Agony+1","floor":23},{"not_picked":["Blade Dance","Sucker Punch+1","Tactician"],"picked":"SKIP","floor":25},{"not_picked":["Leg Sweep","Sucker Punch"],"picked":"Escape Plan","floor":27},{"not_picked":["Slice+1","All Out Attack"],"picked":"PiercingWail+1","floor":31},{"not_picked":["Outmaneuver+1","Infinite Blades"],"picked":"Predator+1","floor":32},{"not_picked":["Bane+1","Underhanded Strike","Deflect"],"picked":"SKIP","floor":35},{"not_picked":["PiercingWail+1","Masterful Stab+1"],"picked":"Slice+1","floor":36},{"not_picked":["Choke+1","Grand Finale"],"picked":"Terror","floor":37},{"not_picked":["Poisoned Stab","Blade Dance"],"picked":"Footwork","floor":38}],"player_experience":361013,"relics_obtained":[{"floor":3,"key":"Girya"},{"floor":6,"key":"Happy Flower"},{"floor":9,"key":"Dream Catcher"},{"floor":12,"key":"Pear"},{"floor":23,"key":"Blood Vial"},{"floor":28,"key":"Bottled Flame"}],"event_choices":[{"damage_healed":0,"gold_gain":0,"player_choice":"Grow","damage_taken":0,"max_hp_gain":0,"max_hp_loss":0,"event_name":"Living Wall","floor":2,"gold_loss":0,"cards_upgraded":["Dagger Spray"]},{"damage_healed":0,"gold_gain":0,"player_choice":"Take Wound","damage_taken":0,"relics_obtained":["Golden Idol"],"max_hp_gain":0,"max_hp_loss":0,"event_name":"Golden Idol","floor":4,"gold_loss":0,"cards_obtained":["Injury"]},{"damage_healed":0,"gold_gain":0,"player_choice":"Success","damage_taken":3,"relics_obtained":["Tiny Chest"],"max_hp_gain":0,"max_hp_loss":0,"event_name":"Scrap Ooze","floor":14,"gold_loss":0},{"damage_healed":0,"gold_gain":0,"player_choice":"Joined the Cult","damage_taken":6,"max_hp_gain":0,"max_hp_loss":0,"event_name":"Nest","floor":19,"gold_loss":0,"cards_obtained":["RitualDagger"]}],"is_beta":false,"boss_relics":[{"not_picked":["Cursed Key","Empty Cage"],"picked":"Fusion Hammer"},{"not_picked":["Lizard Tail","Black Star"],"picked":"Ring of the Serpent"}],"items_purged_floors":[7,30],"is_endless":false,"potions_floor_spawned":[1,6,12,18,20,31,33,38],"killed_by":"Transient","ascension_level":6}