{"gold_per_floor":[119,130,130,130,149,176,176,209,209,268,268,286,286,286,286,286],"floor_reached":16,"playtime":494,"items_purged":[],"score":236,"play_id":"d36dd487-52ec-4c93-8366-2bc223dff6a9","local_time":"20190713225853","is_ascension_mode":true,"campfire_choices":[{"data":"Berserk","floor":7,"key":"SMITH"},{"floor":11,"key":"REST"},{"data":"Clothesline","floor":15,"key":"SMITH"}],"neow_cost":"NONE","seed_source_timestamp":363904152058096,"circlet_count":0,"master_deck":["AscendersBane","Strike_R+1","Strike_R","Strike_R","Strike_R","Strike_R","Defend_R","Defend_R","Defend_R","Defend_R","Bash","Rampage","Metallicize","Berserk+1","Injury","Clothesline+1","Barricade","Inflame+1","Second Wind+1"],"relics":["Burning Blood","Lantern","Centennial Puzzle","Toxic Egg 2","Regal Pillow","Tiny Chest","Bag of Marbles"],"potions_floor_usage":[6,8],"damage_taken":[{"damage":6,"enemies":"Jaw Worm","floor":1,"turns":6},{"damage":7,"enemies":"Small Slimes","floor":2,"turns":3},{"damage":0,"enemies":"Cultist","floor":5,"turns":4},{"damage":35,"enemies":"Gremlin Nob","floor":6,"turns":5},{"damage":22,"enemies":"Lagavulin","floor":8,"turns":8},{"damage":18,"enemies":"Gremlin Nob","floor":10,"turns":4},{"damage":16,"enemies":"3 Louse","floor":12,"turns":5},{"damage":33,"enemies":"The Guardian","floor":16,"turns":2}],"seed_played":"6529489957773710834","potions_obtained":[{"floor":1,"key":"SteroidPotion"},{"floor":6,"key":"Swift Potion"},{"floor":8,"key":"SpeedPotion"},{"floor":12,"key":"Dexterity Potion"}],"is_trial":false,"path_per_floor":["M","M","?","?","M","E","R","E","T","E","R","M","?","T","R","B"],"character_chosen":"IRONCLAD","items_purchased":[],"campfire_rested":1,"item_purchase_floors":[],"current_hp_per_floor":[68,67,72,72,78,49,49,33,33,21,60,50,26,26,26,0],"gold":286,"neow_bonus":"RANDOM_COMMON_RELIC","is_prod":false,"is_daily":false,"chose_seed":false,"campfire_upgraded":2,"win_rate":0,"timestamp":1563073133,"path_taken":["M","M","?","?","?","E","R","E","T","E","R","M","?","?","R","BOSS"],"build_version":"2019-07-05","purchased_purges":0,"victory":false,"max_hp_per_floor":[75,75,80,80,80,80,80,80,80,80,80,80,80,80,80,80],"card_choices":[{"not_picked":["Metallicize","Thunderclap"],"picked":"Rampage","floor":1},{"not_picked":["Twin Strike","Searing Blow"],"picked":"Metallicize","floor":2},{"not_picked":["Bloodletting","Headbutt"],"picked":"Clothesline","floor":5},{"not_picked":["Dropkick","Anger","Clothesline"],"picked":"SKIP","floor":6},{"not_picked":["Iron Wave","Headbutt"],"picked":"Barricade","floor":8},{"not_picked":["Bludgeon","Pommel Strike"],"picked":"Inflame","floor":10},{"not_picked":["Pommel Strike","Perfected Strike"],"picked":"Second Wind+1","floor":12}],"player_experience":1486819,"relics_obtained":[{"floor":6,"key":"Centennial Puzzle"},{"floor":8,"key":"Toxic Egg 2"},{"floor":9,"key":"Regal Pillow"},{"floor":10,"key":"Tiny Chest"},{"floor":14,"key":"Bag of Marbles"}],"event_choices":[{"damage_healed":0,"gold_gain":0,"player_choice":"Donut","damage_taken":0,"max_hp_gain":5,"max_hp_loss":0,"event_name":"Big Fish","floor":3,"gold_loss":0},{"damage_healed":0,"gold_gain":0,"player_choice":"2 cards matched","damage_taken":0,"max_hp_gain":0,"max_hp_loss":0,"event_name":"Match and Keep!","floor":4,"gold_loss":0,"cards_obtained":["Berserk","Injury"]},{"damage_healed":0,"gold_gain":0,"player_choice":"Entered Light","damage_taken":24,"max_hp_gain":0,"max_hp_loss":0,"event_name":"Shining Light","floor":13,"gold_loss":0,"cards_upgraded":["Strike_R","Inflame"]}],"is_beta":false,"boss_relics":[],"items_purged_floors":[],"is_endless":false,"potions_floor_spawned":[1,6,8,12],"killed_by":"The Guardian","ascension_level":20}