{"gold_per_floor":[115,115,132,132,143,143,168,181,228,228,259,279,279,298,298,375,375,358,373,12,62,62,62,91,15,40,40,60,60,86,86,86,165,165,177,177,192,209,13,41,55,55,55,89,99,10,10,44,44,44],"floor_reached":51,"playtime":3294,"items_purged":[],"score":1489,"play_id":"82c5ff44-7bd0-4cc8-b79c-c36310bc5e06","local_time":"20181012213110","is_ascension_mode":true,"campfire_choices":[{"data":"Footwork","floor":6,"key":"SMITH"},{"data":"Bouncing Flask","floor":10,"key":"SMITH"},{"data":"Cloak And Dagger","floor":13,"key":"SMITH"},{"data":"Deadly Poison","floor":15,"key":"SMITH"},{"data":"Malaise","floor":23,"key":"SMITH"},{"data":"Noxious Fumes","floor":29,"key":"SMITH"},{"floor":32,"key":"REST"},{"floor":49,"key":"REST"}],"neow_cost":"TEN_PERCENT_HP_LOSS","seed_source_timestamp":192794834257283,"circlet_count":0,"master_deck":["Defend_G+1","Defend_G+1","Defend_G+1","Defend_G+1","Defend_G+1","Survivor","Neutralize+1","AscendersBane","Footwork+1","PiercingWail","Bouncing Flask+1","Endless Agony","Dagger Spray","Dodge and Roll+1","Cloak And Dagger+1","Deadly Poison+1","Malaise+1","Infinite Blades","Dodge and Roll+1","Noxious Fumes+1","Escape Plan+1","Catalyst","Bite","Bite","Bite","Bite","Bite","Malaise","Footwork","Backflip","Deflect","Flechettes+1","Leg Sweep","Blur+1","Backstab","Flying Knee","Infinite Blades","Panacea","Secret Weapon","Dark Shackles","Distraction+1"],"relics":["Ring of the Serpent","Thread and Needle","Singing Bowl","Happy Flower","Ancient Tea Set","Prayer Wheel","Gambling Chip","Regal Pillow","War Paint","Fusion Hammer","Membership Card","Mango","Dead Branch","Bird Faced Urn","Unceasing Top"],"potions_floor_usage":[7,12,18,24,33,50,50],"damage_taken":[{"damage":0,"enemies":"Jaw Worm","floor":1,"turns":5},{"damage":0,"enemies":"Small Slimes","floor":3,"turns":7},{"damage":0,"enemies":"2 Louse","floor":5,"turns":3},{"damage":0,"enemies":"Lagavulin","floor":7,"turns":8},{"damage":4,"enemies":"Gremlin Gang","floor":8,"turns":7},{"damage":51,"enemies":"Gremlin Nob","floor":11,"turns":5},{"damage":0,"enemies":"Blue Slaver","floor":12,"turns":4},{"damage":0,"enemies":"Large Slime","floor":14,"turns":6},{"damage":7,"enemies":"Hexaghost","floor":16,"turns":9},{"damage":13,"enemies":"2 Thieves","floor":18,"turns":4},{"damage":7,"enemies":"3 Byrds","floor":19,"turns":5},{"damage":0,"enemies":"Book of Stabbing","floor":24,"turns":6},{"damage":2,"enemies":"Shelled Parasite and Fungi","floor":28,"turns":8},{"damage":32,"enemies":"Gremlin Leader","floor":30,"turns":8},{"damage":24,"enemies":"Collector","floor":33,"turns":13},{"damage":0,"enemies":"3 Shapes","floor":35,"turns":5},{"damage":9,"enemies":"3 Darklings","floor":37,"turns":6},{"damage":20,"enemies":"Reptomancer","floor":38,"turns":12},{"damage":17,"enemies":"Giant Head","floor":40,"turns":11},{"damage":11,"enemies":"Transient","floor":41,"turns":5},{"damage":36,"enemies":"Nemesis","floor":44,"turns":9},{"damage":0,"enemies":"Spire Growth","floor":45,"turns":9},{"damage":0,"enemies":"Giant Head","floor":48,"turns":8},{"damage":40,"enemies":"Awakened One","floor":50,"turns":20}],"seed_played":"2775969385106952534","potions_obtained":[{"floor":1,"key":"Dexterity Potion"},{"floor":3,"key":"FearPotion"},{"floor":5,"key":"Regen Potion"},{"floor":16,"key":"Poison Potion"},{"floor":18,"key":"Poison Potion"},{"floor":30,"key":"Dexterity Potion"},{"floor":33,"key":"LiquidBronze"},{"floor":38,"key":"Weak Potion"}],"is_trial":false,"path_per_floor":["M","?","M","?","M","R","E","M","T","R","E","M","R","M","R","B",null,"M","M","$","?","?","R","E","$","T","$","M","R","E","?","R","B",null,"M","?","M","M","$","E","M","?","T","E","M","$","?","E","R","B"],"character_chosen":"THE_SILENT","items_purchased":["Prayer Wheel","Dodge and Roll","Noxious Fumes","Membership Card","Backstab","Flying Knee","Infinite Blades"],"campfire_rested":2,"item_purchase_floors":[20,20,25,39,46,46,46],"current_hp_per_floor":[59,59,59,64,64,64,64,60,60,60,9,23,23,23,23,16,53,42,35,35,35,35,35,37,37,37,37,37,37,5,5,34,38,46,49,49,51,49,49,64,66,66,66,40,62,62,52,73,73,73],"gold":44,"neow_bonus":"ONE_RARE_RELIC","is_prod":false,"is_daily":false,"chose_seed":false,"campfire_upgraded":6,"win_rate":0,"timestamp":1539394270,"path_taken":["M","?","?","?","M","R","E","M","T","R","E","M","R","M","R","BOSS","M","M","$","?","?","R","E","?","T","?","M","R","E","?","R","BOSS","M","?","M","M","$","E","?","?","T","E","M","$","?","E","R","BOSS"],"build_version":"2018-10-11","purchased_purges":0,"victory":true,"max_hp_per_floor":[60,60,60,65,65,65,65,65,65,65,65,65,65,65,65,65,65,67,67,67,67,67,67,69,69,69,69,71,71,71,49,49,49,49,49,49,51,51,51,65,67,67,67,69,73,73,73,73,73,73],"card_choices":[{"not_picked":["Deflect","Leg Sweep"],"picked":"Footwork","floor":1},{"not_picked":["Slice","Deflect"],"picked":"PiercingWail","floor":3},{"not_picked":["Venomology","PiercingWail"],"picked":"Bouncing Flask","floor":5},{"not_picked":["Skewer","Underhanded Strike"],"picked":"Endless Agony","floor":7},{"not_picked":["Poisoned Stab","Slice"],"picked":"Dagger Spray","floor":8},{"not_picked":["Outmaneuver","Endless Agony"],"picked":"Dodge and Roll","floor":11},{"not_picked":["Dagger Throw","Deflect"],"picked":"Cloak And Dagger","floor":12},{"not_picked":["Blade Dance","Underhanded Strike"],"picked":"Deadly Poison","floor":14},{"not_picked":["Die Die Die","Doppelganger"],"picked":"Malaise","floor":16},{"not_picked":["Dagger Throw","Eviscerate","Slice"],"picked":"Singing Bowl","floor":18},{"not_picked":["Dodge and Roll","Underhanded Strike"],"picked":"Infinite Blades","floor":19},{"not_picked":["Caltrops","Accuracy","Acrobatics"],"picked":"Singing Bowl","floor":24},{"not_picked":["Finisher","Dodge and Roll+1"],"picked":"Escape Plan+1","floor":28},{"not_picked":["Dagger Spray","Heel Hook","Bane"],"picked":"Singing Bowl","floor":28},{"not_picked":["Slice","Unload"],"picked":"Catalyst","floor":30},{"not_picked":["Venomology","Bullet Time"],"picked":"Malaise","floor":33},{"not_picked":["Dagger Throw","Backstab"],"picked":"Footwork","floor":35},{"not_picked":["Flechettes","Bane+1"],"picked":"Backflip","floor":35},{"not_picked":["Slice","Skewer+1"],"picked":"Deflect","floor":37},{"not_picked":["Dodge and Roll","All Out Attack","Dagger Throw"],"picked":"Singing Bowl","floor":37},{"not_picked":["Dagger Throw+1","Slice"],"picked":"Noxious Fumes","floor":38},{"not_picked":["Poisoned Stab+1","Acrobatics"],"picked":"Flechettes+1","floor":38},{"not_picked":["Die Die Die","Accuracy"],"picked":"Leg Sweep","floor":40},{"not_picked":["Heel Hook+1","Eviscerate"],"picked":"Blur+1","floor":41},{"not_picked":["Bane+1","Underhanded Strike","PiercingWail"],"picked":"Singing Bowl","floor":41},{"not_picked":["Eviscerate","Quick Slash+1","Dodge and Roll"],"picked":"Singing Bowl","floor":44},{"not_picked":["Acrobatics","Expertise","Dash"],"picked":"Singing Bowl","floor":45},{"not_picked":["Dagger Spray","Bane+1","Quick Slash+1"],"picked":"Singing Bowl","floor":45},{"not_picked":["Flash of Steel","Madness"],"picked":"Panacea","floor":47},{"not_picked":["Good Instincts","Swift Strike"],"picked":"Secret Weapon","floor":47},{"not_picked":["Finesse","Discovery"],"picked":"Dark Shackles","floor":47},{"not_picked":["Dagger Spray","Infinite Blades"],"picked":"Distraction+1","floor":48}],"player_experience":872215,"relics_obtained":[{"floor":7,"key":"Singing Bowl"},{"floor":9,"key":"Happy Flower"},{"floor":11,"key":"Ancient Tea Set"},{"floor":24,"key":"Gambling Chip"},{"floor":26,"key":"Regal Pillow"},{"floor":30,"key":"War Paint"},{"floor":40,"key":"Mango"},{"floor":43,"key":"Dead Branch"},{"floor":44,"key":"Bird Faced Urn"},{"floor":48,"key":"Unceasing Top"}],"event_choices":[{"event_name":"Living Wall","player_choice":"Grow","floor":2,"damage_taken":0},{"event_name":"Big Fish","player_choice":"Donut","floor":4,"damage_taken":0},{"event_name":"Nest","player_choice":"Stole From Cult","floor":21,"damage_taken":0},{"event_name":"Back to Basics","player_choice":"Simplicity","floor":22,"damage_taken":0},{"event_name":"Vampires","player_choice":"Became a vampire","floor":31,"damage_taken":0},{"event_name":"Tomb of Lord Red Mask","player_choice":"Ignored","floor":36,"damage_taken":0},{"event_name":"Falling","player_choice":"Removed Power","floor":42,"damage_taken":0},{"event_name":"SensoryStone","player_choice":"Memory 3","floor":47,"damage_taken":0}],"is_beta":false,"boss_relics":[{"not_picked":["WristBlade","Tiny House"],"picked":"Ring of the Serpent"},{"not_picked":["Runic Dome","White Beast Statue"],"picked":"Fusion Hammer"}],"items_purged_floors":[],"is_endless":false,"potions_floor_spawned":[1,3,5,16,18,30,33,38,44,48],"ascension_level":15}