{"gold_per_floor":[110,126,52,2,21,46,46,75,75,85,115,135,148,148,148,250,250,236,106,21,21,120,120,133,133,157,188,188,215,175,187,187,290,290,304,304,304,185,197,230,22,37,37,37,52,52,85,85,85,85,85,85,35,69,69],"floor_reached":55,"playtime":3351,"items_purged":["Strike_B","Hyperbeam","Turbo"],"score":1178,"play_id":"5efc211d-be1f-47c6-83c1-b826ecb27407","local_time":"20190511160832","is_ascension_mode":true,"campfire_choices":[{"floor":7,"key":"REST"},{"floor":15,"key":"REST"},{"data":"Machine Learning","floor":23,"key":"SMITH"},{"data":"Defragment","floor":25,"key":"SMITH"},{"data":"Heatsinks","floor":28,"key":"SMITH"},{"data":"Defragment","floor":32,"key":"SMITH"},{"floor":44,"key":"RECALL"},{"data":"Storm","floor":46,"key":"SMITH"},{"data":"Machine Learning","floor":49,"key":"SMITH"},{"data":"Static Discharge","floor":52,"key":"SMITH"}],"neow_cost":"NONE","seed_source_timestamp":67247888594655,"circlet_count":0,"master_deck":["Zap","Dualcast+1","Coolheaded+1","Sunder","Self Repair","Capacitor","Defragment+1","Reboot+1","BootSequence","Buffer","Redo+1","Heatsinks+1","Machine Learning+1","Echo Form","Sunder+1","Defragment+1","Seek","Tempest","Electrodynamics","Hyperbeam","Thunder Strike","Thunder Strike","Reboot","Storm+1","Static Discharge+1","Turbo+1","Machine Learning+1","Conserve Battery+1"],"relics":["Nuclear Battery","War Paint","Gambling Chip","Mummified Hand","Smiling Mask","Snecko Eye","Kunai","Whetstone","Oddly Smooth Stone","PreservedInsect","Pandora\u0027s Box","Du-Vu Doll","Runic Capacitor","Dream Catcher","Anchor"],"potions_floor_usage":[8,16,18,33,42,55,55,55],"damage_taken":[{"damage":2,"enemies":"Jaw Worm","floor":1,"turns":3},{"damage":0,"enemies":"Small Slimes","floor":2,"turns":3},{"damage":4,"enemies":"Cultist","floor":5,"turns":4},{"damage":48,"enemies":"Lagavulin","floor":6,"turns":9},{"damage":30,"enemies":"Gremlin Nob","floor":8,"turns":5},{"damage":0,"enemies":"Large Slime","floor":10,"turns":5},{"damage":18,"enemies":"3 Sentries","floor":11,"turns":8},{"damage":6,"enemies":"Blue Slaver","floor":12,"turns":3},{"damage":9,"enemies":"Exordium Thugs","floor":13,"turns":5},{"damage":0,"enemies":"Slime Boss","floor":16,"turns":8},{"damage":22,"enemies":"2 Thieves","floor":18,"turns":4},{"damage":2,"enemies":"Chosen","floor":24,"turns":4},{"damage":0,"enemies":"Gremlin Leader","floor":27,"turns":3},{"damage":8,"enemies":"Book of Stabbing","floor":29,"turns":4},{"damage":0,"enemies":"Sentry and Sphere","floor":31,"turns":2},{"damage":0,"enemies":"Collector","floor":33,"turns":5},{"damage":12,"enemies":"3 Darklings","floor":35,"turns":2},{"damage":0,"enemies":"Orb Walker","floor":39,"turns":1},{"damage":0,"enemies":"Nemesis","floor":40,"turns":1},{"damage":12,"enemies":"3 Darklings","floor":42,"turns":3},{"damage":16,"enemies":"Writhing Mass","floor":45,"turns":2},{"damage":0,"enemies":"Giant Head","floor":47,"turns":2},{"damage":24,"enemies":"Time Eater","floor":50,"turns":3},{"damage":31,"enemies":"Shield and Spear","floor":54,"turns":2},{"damage":75,"enemies":"The Heart","floor":55,"turns":3}],"seed_played":"-169227160196598236","potions_obtained":[{"floor":6,"key":"PowerPotion"},{"floor":8,"key":"PowerPotion"},{"floor":10,"key":"Strength Potion"},{"floor":13,"key":"Energy Potion"},{"floor":24,"key":"Energy Potion"},{"floor":29,"key":"Fire Potion"},{"floor":35,"key":"Ancient Potion"},{"floor":39,"key":"Block Potion"},{"floor":45,"key":"Explosive Potion"}],"is_trial":false,"path_per_floor":["M","M","$","?","M","E","R","E","T","M","E","M","M","?","R","B",null,"M","$","?","?","?","R","M","R","T","E","R","E","?","M","R","B",null,"M","?","?","$","M","E","$","M","T","R","M","R","E","?","R","B",null,"R","$","E","B"],"character_chosen":"DEFECT","items_purchased":["Self Repair","Defragment","Storm","Runic Capacitor"],"campfire_rested":2,"item_purchase_floors":[3,19,38,41],"current_hp_per_floor":[66,66,66,66,69,28,50,27,27,34,23,24,22,22,44,51,69,54,54,54,54,54,54,59,59,59,66,66,65,65,72,72,75,75,70,70,70,70,70,70,70,65,65,65,56,56,63,63,63,46,65,65,65,41,0],"gold":69,"neow_bonus":"BOSS_RELIC","is_prod":false,"is_daily":false,"chose_seed":false,"campfire_upgraded":7,"win_rate":0,"timestamp":1557605312,"path_taken":["M","M","$","?","M","E","R","E","T","M","E","M","M","?","R","BOSS","M","$","?","?","?","R","M","R","T","E","R","E","?","?","R","BOSS","M","?","?","$","M","E","$","M","T","R","M","R","E","?","R","BOSS","R","$","E","BOSS"],"build_version":"2019-01-23","purchased_purges":3,"victory":false,"max_hp_per_floor":[75,75,75,75,75,75,75,75,75,75,75,75,75,75,75,75,75,75,75,75,75,75,75,75,75,75,75,75,75,75,75,75,75,75,75,75,75,75,75,75,75,75,75,75,75,75,75,71,71,71,71,71,71,71,71],"card_choices":[{"not_picked":["Auto Shields","Sweeping Beam"],"picked":"Coolheaded","floor":1},{"not_picked":["Steam","Tempest"],"picked":"Sunder","floor":2},{"not_picked":["Thunder Strike","Recycle"],"picked":"Capacitor","floor":5},{"not_picked":["Heatsinks","Hologram"],"picked":"Defragment","floor":6},{"not_picked":["Gash","Steam Power"],"picked":"Reboot","floor":8},{"not_picked":["Leap","Streamline"],"picked":"BootSequence","floor":10},{"not_picked":["Go for the Eyes","Sunder"],"picked":"Buffer","floor":11},{"not_picked":["Chaos","BootSequence"],"picked":"Redo","floor":12},{"not_picked":["Coolheaded","Redo"],"picked":"Heatsinks","floor":13},{"not_picked":["Thunder Strike","Fission"],"picked":"Echo Form","floor":16},{"not_picked":["Ball Lightning","Hello World"],"picked":"Sunder","floor":18},{"not_picked":["Go for the Eyes","Leap","Rebound+1"],"picked":"SKIP","floor":24},{"not_picked":["Hello World","Undo"],"picked":"Seek","floor":27},{"not_picked":["All For One","Auto Shields"],"picked":"Tempest","floor":29},{"not_picked":["Stack","Barrage","Sweeping Beam"],"picked":"SKIP","floor":31},{"not_picked":["Thunder Strike","Biased Cognition"],"picked":"Electrodynamics","floor":33},{"not_picked":["Sweeping Beam+1","Gash"],"picked":"Auto Shields","floor":35},{"not_picked":["Conserve Battery+1","Doom and Gloom"],"picked":"Static Discharge","floor":39},{"not_picked":["Coolheaded","Rebound","Steam"],"picked":"SKIP","floor":40},{"not_picked":["Cold Snap","Ball Lightning+1"],"picked":"Turbo","floor":42},{"not_picked":["Aggregate","Doom and Gloom"],"picked":"Turbo+1","floor":45},{"not_picked":["BootSequence+1","Stack+1"],"picked":"Machine Learning","floor":47},{"not_picked":["Go for the Eyes+1","Chaos"],"picked":"Conserve Battery+1","floor":54}],"player_experience":276313,"relics_obtained":[{"floor":6,"key":"War Paint"},{"floor":8,"key":"Gambling Chip"},{"floor":9,"key":"Mummified Hand"},{"floor":11,"key":"Smiling Mask"},{"floor":26,"key":"Whetstone"},{"floor":27,"key":"Oddly Smooth Stone"},{"floor":29,"key":"PreservedInsect"},{"floor":40,"key":"Du-Vu Doll"},{"floor":47,"key":"Dream Catcher"},{"floor":54,"key":"Anchor"}],"event_choices":[{"cards_removed":["Strike_B"],"damage_healed":0,"gold_gain":0,"player_choice":"Card Removal","damage_taken":0,"max_hp_gain":0,"max_hp_loss":0,"event_name":"The Cleric","floor":4,"gold_loss":50},{"damage_healed":0,"gold_gain":0,"cards_transformed":["Strike_B"],"player_choice":"Transformed","damage_taken":0,"max_hp_gain":0,"max_hp_loss":0,"event_name":"Transmorgrifier","floor":14,"gold_loss":0,"cards_obtained":["Machine Learning"]},{"damage_healed":0,"gold_gain":0,"player_choice":"Obtained Relic","damage_taken":0,"relics_obtained":["Kunai"],"max_hp_gain":0,"max_hp_loss":0,"event_name":"Addict","floor":20,"gold_loss":85},{"damage_healed":0,"gold_gain":0,"player_choice":"Ignored","damage_taken":0,"max_hp_gain":0,"max_hp_loss":0,"event_name":"Vampires","floor":21,"gold_loss":0},{"damage_healed":0,"gold_gain":99,"player_choice":"Stole From Cult","damage_taken":0,"max_hp_gain":0,"max_hp_loss":0,"event_name":"Nest","floor":22,"gold_loss":0},{"damage_healed":0,"gold_gain":0,"player_choice":"Upgraded Two","damage_taken":0,"max_hp_gain":0,"max_hp_loss":0,"event_name":"Designer","floor":30,"gold_loss":40,"cards_upgraded":["Redo","Reboot"]},{"cards_removed":["Auto Shields"],"damage_healed":0,"gold_gain":0,"player_choice":"Removed Skill","damage_taken":0,"max_hp_gain":0,"max_hp_loss":0,"event_name":"Falling","floor":36,"gold_loss":0},{"damage_healed":0,"gold_gain":0,"player_choice":"Memory 1","damage_taken":0,"max_hp_gain":0,"max_hp_loss":0,"event_name":"SensoryStone","floor":37,"gold_loss":0},{"damage_healed":0,"gold_gain":0,"player_choice":"Max HP","damage_taken":0,"max_hp_gain":0,"max_hp_loss":4,"event_name":"Winding Halls","floor":48,"gold_loss":0}],"is_beta":false,"boss_relics":[{"not_picked":["Runic Pyramid","Orrery"],"picked":"Snecko Eye"},{"not_picked":["Runic Dome","Fusion Hammer"],"picked":"Pandora\u0027s Box"}],"items_purged_floors":[19,38,53],"is_endless":false,"potions_floor_spawned":[6,8,10,13,24,29,35,39,45],"killed_by":"The Heart","ascension_level":6}