{"gold_per_floor":[113,131,281,281,281,281,310,322,334,358,370,411,14,34,34,112,112,130,130,130,147,158,158,36,36],"floor_reached":25,"playtime":1546,"items_purged":[],"score":418,"play_id":"25faf010-83ab-43bf-abea-83523ad37caa","local_time":"20181226161503","is_ascension_mode":true,"campfire_choices":[{"data":"Neutralize","floor":6.0,"key":"SMITH"},{"data":"Survivor","floor":8.0,"key":"SMITH"},{"data":"Backstab","floor":11.0,"key":"SMITH"},{"data":"Wraith Form v2","floor":15.0,"key":"SMITH"},{"floor":23.0,"key":"REST"}],"neow_cost":"NONE","seed_source_timestamp":4624061848998,"circlet_count":0,"master_deck":["AscendersBane","Defend_G","Defend_G","Defend_G","Defend_G","Defend_G","Strike_G","Strike_G","Survivor+1","Neutralize+1","Infinite Blades","Backstab+1","PiercingWail","Adrenaline+1","Wraith Form v2+1","Dodge and Roll+1","Dodge and Roll+1","Leg Sweep+1","Doppelganger+1","Prepared+1","A Thousand Cuts","Finisher","Concentrate+1","Footwork","Footwork"],"special_seed":0,"relics":["Ring of the Snake","MawBank","Toxic Egg 2","The Courier","Bag of Preparation","Singing Bowl","Runic Pyramid"],"potions_floor_usage":[25,25],"damage_taken":[{"damage":1.0,"enemies":"2 Louse","floor":1.0,"turns":3.0},{"damage":1.0,"enemies":"Cultist","floor":2.0,"turns":4.0},{"damage":19.0,"enemies":"Gremlin Nob","floor":7.0,"turns":4.0},{"damage":1.0,"enemies":"Jaw Worm","floor":10.0,"turns":3.0},{"damage":22.0,"enemies":"3 Sentries","floor":12.0,"turns":13.0},{"damage":0.0,"enemies":"2 Fungi Beasts","floor":14.0,"turns":4.0},{"damage":15.0,"enemies":"The Guardian","floor":16.0,"turns":31.0},{"damage":14.0,"enemies":"3 Byrds","floor":18.0,"turns":11.0},{"damage":2.0,"enemies":"Spheric Guardian","floor":21.0,"turns":5.0},{"damage":4.0,"enemies":"Snake Plant","floor":22.0,"turns":6.0},{"damage":66,"enemies":"Slavers","floor":25,"turns":10}],"seed_played":"-8040945843150668376","potions_obtained":[{"floor":1.0,"key":"Fire Potion"},{"floor":10.0,"key":"GhostInAJar"},{"floor":12.0,"key":"EssenceOfSteel"},{"floor":16.0,"key":"Fire Potion"},{"floor":18.0,"key":"Fire Potion"}],"is_trial":false,"path_per_floor":["M","M","?","?","?","R","E","R","T","M","R","E","$","M","R","B",null,"M","?","?","M","M","R","$","E"],"character_chosen":"THE_SILENT","items_purchased":["Dodge and Roll+1","Dodge and Roll+1","Bag of Preparation","Singing Bowl","Footwork","Footwork"],"campfire_rested":1,"item_purchase_floors":[13,13,13,13,24,24],"current_hp_per_floor":[64,63,63,63,63,63,44,44,44,43,43,21,21,21,21,6,56,42,42,42,42,38,60,60,0],"gold":36,"neow_bonus":"TEN_PERCENT_HP_BONUS","is_prod":false,"is_daily":false,"chose_seed":false,"campfire_upgraded":4,"win_rate":0,"timestamp":1545858903,"path_taken":["M","M","?","?","?","R","E","R","T","M","R","E","$","?","R","BOSS","M","?","?","M","M","R","$","E"],"build_version":"2018-12-20","purchased_purges":0,"victory":false,"max_hp_per_floor":[72,72,72,72,72,72,72,72,72,72,72,72,72,72,72,72,72,72,72,72,74,74,74,74,74],"card_choices":[{"not_picked":["Underhanded Strike","Cloak And Dagger"],"picked":"Infinite Blades","floor":1.0},{"not_picked":["Heel Hook","Poisoned Stab"],"picked":"Backstab","floor":2.0},{"not_picked":["Backflip","Flying Knee"],"picked":"PiercingWail","floor":7.0},{"not_picked":["Endless Agony","Accuracy"],"picked":"Adrenaline+1","floor":10.0},{"not_picked":["Glass Knife","Skewer"],"picked":"Wraith Form v2","floor":12.0},{"not_picked":["Deadly Poison+1","Bouncing Flask+1"],"picked":"Leg Sweep+1","floor":14.0},{"not_picked":["Storm of Steel+1","Glass Knife"],"picked":"Doppelganger+1","floor":16.0},{"not_picked":["Sucker Punch","Quick Slash"],"picked":"Prepared+1","floor":18.0},{"not_picked":["Slice","Eviscerate","Predator"],"picked":"Singing Bowl","floor":21.0},{"not_picked":["Dagger Spray","Poisoned Stab"],"picked":"Concentrate+1","floor":22.0}],"player_experience":1302678,"relics_obtained":[{"floor":7.0,"key":"MawBank"},{"floor":9.0,"key":"Toxic Egg 2"},{"floor":12.0,"key":"The Courier"}],"event_choices":[{"damage_healed":0.0,"max_hp_gain":0.0,"max_hp_loss":0.0,"gold_gain":150.0,"event_name":"Liars Game","player_choice":"AGREE","floor":3.0,"gold_loss":0.0,"damage_taken":0.0,"cards_obtained":["Doubt"]},{"cards_removed":["Doubt"],"damage_healed":0.0,"max_hp_gain":0.0,"max_hp_loss":0.0,"gold_gain":0.0,"event_name":"Living Wall","player_choice":"Forget","floor":4.0,"gold_loss":0.0,"damage_taken":0.0},{"cards_removed":["Strike_G"],"damage_healed":0.0,"max_hp_gain":0.0,"max_hp_loss":0.0,"gold_gain":0.0,"event_name":"Purifier","player_choice":"Purged","floor":5.0,"gold_loss":0.0,"damage_taken":0.0},{"damage_healed":0.0,"max_hp_gain":0.0,"max_hp_loss":0.0,"gold_gain":0.0,"event_name":"The Mausoleum","player_choice":"Ignored","floor":19.0,"gold_loss":0.0,"damage_taken":0.0},{"damage_healed":0.0,"max_hp_gain":0.0,"max_hp_loss":0.0,"gold_gain":0.0,"cards_transformed":["Strike_G","Strike_G"],"event_name":"Drug Dealer","player_choice":"Became Test Subject","floor":20.0,"gold_loss":0.0,"damage_taken":0.0,"cards_obtained":["A Thousand Cuts","Finisher"]}],"is_beta":false,"boss_relics":[{"not_picked":["WristBlade","Lizard Tail"],"picked":"Runic Pyramid"}],"items_purged_floors":[],"is_endless":false,"potions_floor_spawned":[1,10,12,16,18,22],"killed_by":"Slavers","ascension_level":20}