{"gold_per_floor":[20,37,56,67,17,17,46,46,70,70,87,12,22,22,22,22],"floor_reached":16,"playtime":807,"items_purged":["Strike_R"],"score":112,"play_id":"01ea1049-6f63-4674-a12f-141f5eb585fe","local_time":"20190627122845","is_ascension_mode":true,"campfire_choices":[{"data":"Searing Blow","floor":6,"key":"SMITH"},{"data":"Searing Blow+1","floor":8,"key":"SMITH"},{"floor":15,"key":"REST"}],"neow_cost":"NO_GOLD","seed_source_timestamp":672130577130310,"circlet_count":0,"master_deck":["Strike_R","Strike_R","Strike_R","Defend_R+1","Defend_R+1","Defend_R","Defend_R","Bash","Evolve","Pommel Strike","Searing Blow+2","Thunderclap","Power Through"],"relics":["Burning Blood","Turnip","Vajra","Ancient Tea Set"],"potions_floor_usage":[2,11,16],"damage_taken":[{"damage":1,"enemies":"Cultist","floor":1,"turns":3},{"damage":2,"enemies":"2 Louse","floor":2,"turns":4},{"damage":2,"enemies":"Jaw Worm","floor":3,"turns":3},{"damage":16,"enemies":"Blue Slaver","floor":4,"turns":4},{"damage":30,"enemies":"3 Sentries","floor":7,"turns":8},{"damage":2,"enemies":"Looter","floor":11,"turns":4},{"damage":19,"enemies":"Exordium Wildlife","floor":13,"turns":6},{"damage":50,"enemies":"Hexaghost","floor":16,"turns":11}],"seed_played":"1177884834415496066","potions_obtained":[{"floor":1,"key":"SkillPotion"},{"floor":4,"key":"FearPotion"},{"floor":13,"key":"Explosive Potion"}],"is_trial":false,"path_per_floor":["M","M","M","M","?","R","E","R","T","?","M","$","M","$","R","B"],"character_chosen":"IRONCLAD","items_purchased":[],"campfire_rested":1,"item_purchase_floors":[],"current_hp_per_floor":[80,80,80,70,70,70,46,46,46,30,34,34,21,21,45,0],"gold":22,"neow_bonus":"ONE_RARE_RELIC","is_prod":false,"is_daily":false,"chose_seed":false,"campfire_upgraded":2,"win_rate":0,"timestamp":1561631325,"path_taken":["M","M","?","M","?","R","E","R","T","?","M","$","M","?","R","BOSS"],"build_version":"2019-01-23","purchased_purges":1,"victory":false,"max_hp_per_floor":[80,80,80,80,80,80,80,80,80,80,80,80,80,80,80,80],"card_choices":[{"not_picked":["Body Slam","Havoc"],"picked":"Evolve","floor":1},{"not_picked":["Twin Strike","Flex"],"picked":"Pommel Strike","floor":2},{"not_picked":["Twin Strike","Thunderclap"],"picked":"Searing Blow","floor":3},{"not_picked":["Dark Embrace","Flex"],"picked":"Thunderclap","floor":4},{"not_picked":["Shrug It Off","Thunderclap","Inflame"],"picked":"SKIP","floor":7},{"not_picked":["Body Slam","Anger"],"picked":"Power Through","floor":11},{"not_picked":["Armaments","Inflame","Limit Break"],"picked":"SKIP","floor":13}],"player_experience":140946,"relics_obtained":[{"floor":7,"key":"Vajra"},{"floor":9,"key":"Ancient Tea Set"}],"event_choices":[{"cards_removed":["Strike_R"],"damage_healed":0,"gold_gain":0,"player_choice":"Card Removal","damage_taken":0,"max_hp_gain":0,"max_hp_loss":0,"event_name":"The Cleric","floor":5,"gold_loss":50},{"damage_healed":0,"gold_gain":0,"player_choice":"Entered Light","damage_taken":16,"max_hp_gain":0,"max_hp_loss":0,"event_name":"Shining Light","floor":10,"gold_loss":0,"cards_upgraded":["Defend_R","Defend_R"]}],"is_beta":false,"boss_relics":[],"items_purged_floors":[12],"is_endless":false,"potions_floor_spawned":[1,4,13],"killed_by":"Hexaghost","ascension_level":2}