{"gold_per_floor":[116,0,0,0,175,175,189,189,189,246,266,277,277],"floor_reached":13,"playtime":759,"items_purged":["Strike_G"],"score":91,"play_id":"0eff83ad-4daf-4352-ba35-04b34fedad11","local_time":"20180701145259","is_ascension_mode":true,"campfire_choices":[{"data":"Infinite Blades","floor":6,"key":"SMITH"},{"data":"Prepared","floor":8,"key":"SMITH"}],"neow_cost":"NONE","seed_source_timestamp":162613007196831,"circlet_count":0,"master_deck":["Defend_G","Defend_G","Defend_G","Defend_G","Defend_G","Strike_G","Strike_G","Strike_G","Strike_G","Survivor","Neutralize","Prepared+1","Infinite Blades+1","Doubt","Backflip","Reflex","Blade Dance"],"relics":["Eternal Feather","Dream Catcher","Sundial","Tiny Chest"],"potions_floor_usage":[10,10,10,12,13],"damage_taken":[{"damage":4,"enemies":"Small Slimes","floor":1,"turns":4},{"damage":5,"enemies":"Cultist","floor":7,"turns":5},{"damage":27,"enemies":"Gremlin Nob","floor":10,"turns":5},{"damage":2,"enemies":"2 Louse","floor":11,"turns":4},{"damage":5,"enemies":"2 Fungi Beasts","floor":12,"turns":4},{"damage":38,"enemies":"Lagavulin","floor":13,"turns":9}],"seed_played":"-4674937916552037392","potions_obtained":[{"floor":7,"key":"EntropicBrew"},{"floor":11,"key":"FearPotion"}],"is_trial":false,"path_per_floor":["M","$","?","?","?","R","M","R","T","E","M","M"],"character_chosen":"THE_SILENT","items_purchased":["Infinite Blades"],"campfire_rested":0,"item_purchase_floors":[2],"current_hp_per_floor":[66,66,66,59,59,63,58,64,64,37,35,30,0],"gold":277,"neow_bonus":"BOSS_RELIC","is_prod":false,"is_daily":false,"chose_seed":false,"campfire_upgraded":2,"win_rate":0,"timestamp":1530474779,"path_taken":["M","$","?","?","?","R","M","R","T","E","?","M","E"],"build_version":"2018-06-28","purchased_purges":1,"victory":false,"max_hp_per_floor":[70,70,70,70,70,70,70,70,70,70,70,70,70],"card_choices":[{"not_picked":["Underhanded Strike","Infinite Blades"],"picked":"Prepared","floor":1},{"not_picked":["Dagger Throw","Outmaneuver"],"picked":"Backflip","floor":7},{"not_picked":["Flying Knee","All Out Attack","Prepared"],"picked":"SKIP","floor":10},{"not_picked":["Bullet Time","Flechettes"],"picked":"Reflex","floor":11},{"not_picked":["Backflip","Sucker Punch"],"picked":"Blade Dance","floor":12}],"player_experience":119769,"relics_obtained":[{"floor":9,"key":"Sundial"},{"floor":10,"key":"Tiny Chest"}],"event_choices":[{"event_name":"Big Fish","player_choice":"Box","floor":3,"damage_taken":0},{"event_name":"Golden Wing","player_choice":"Card Removal","floor":4,"damage_taken":0},{"event_name":"Liars Game","player_choice":"agreed","floor":5,"damage_taken":0}],"boss_relics":[],"items_purged_floors":[2],"is_endless":false,"potions_floor_spawned":[7,11],"killed_by":"Lagavulin","ascension_level":2}