{"gold_per_floor":[111,121,0,0,14,45,45,79,79,98,115,129,129,158,158,254,254,268,65,65,84,99,131,51,77,77,92,92,108,141,141,141,245,245,255,97,97,0,15,15,35,61,61,61],"floor_reached":44,"playtime":7218,"items_purged":["Strike_B","Strike_B"],"score":649,"play_id":"892847c8-f762-461c-8bb7-4674bb8aef4f","local_time":"20190702191450","is_ascension_mode":true,"campfire_choices":[{"data":"Zap","floor":7.0,"key":"SMITH"},{"data":"Redo","floor":13.0,"key":"SMITH"},{"data":"Dualcast","floor":15.0,"key":"SMITH"},{"data":"Thunder Strike","floor":28.0,"key":"SMITH"},{"data":"Go for the Eyes","floor":32.0,"key":"SMITH"},{"data":"Hologram","floor":40.0,"key":"SMITH"}],"neow_cost":"NONE","seed_source_timestamp":0,"circlet_count":0,"master_deck":["Strike_B","Strike_B","Defend_B","Defend_B","Defend_B","Defend_B","Zap+1","Dualcast+1","Thunder Strike+1","Conserve Battery","Redo+1","Ball Lightning","Cold Snap","Leap","Hologram+1","BootSequence","Lockon","Electrodynamics+1","Glacier","Genetic Algorithm+1","Coolheaded+1","All For One","Go for the Eyes+1","Electrodynamics+1","Reinforced Body+1","Steam+1","Mayhem+1","Madness","Madness","Capacitor+1","BootSequence+1","FTL","Compile Driver+1"],"special_seed":0,"relics":["Cracked Core","Kunai","Pen Nib","The Courier","Blood Vial","Coffee Dripper","Frozen Egg 2","Ancient Tea Set","Du-Vu Doll","Emotion Chip","Prayer Wheel","Inserter","Red Mask","Happy Flower"],"potions_floor_usage":[44],"damage_taken":[{"damage":0.0,"enemies":"Cultist","floor":1.0,"turns":4.0},{"damage":0.0,"enemies":"Small Slimes","floor":2.0,"turns":3.0},{"damage":0.0,"enemies":"2 Louse","floor":5.0,"turns":2.0},{"damage":22.0,"enemies":"3 Sentries","floor":6.0,"turns":8.0},{"damage":15.0,"enemies":"Gremlin Nob","floor":8.0,"turns":4.0},{"damage":0.0,"enemies":"Looter","floor":10.0,"turns":3.0},{"damage":7.0,"enemies":"Blue Slaver","floor":11.0,"turns":2.0},{"damage":12.0,"enemies":"Exordium Thugs","floor":12.0,"turns":3.0},{"damage":0.0,"enemies":"Lagavulin","floor":14.0,"turns":5.0},{"damage":0.0,"enemies":"Slime Boss","floor":16.0,"turns":5.0},{"damage":3.0,"enemies":"Spheric Guardian","floor":18.0,"turns":4.0},{"damage":0.0,"enemies":"Shell Parasite","floor":21.0,"turns":3.0},{"damage":0.0,"enemies":"Cultist and Chosen","floor":22.0,"turns":3.0},{"damage":6.0,"enemies":"Slavers","floor":23.0,"turns":4.0},{"damage":11.0,"enemies":"Book of Stabbing","floor":25.0,"turns":6.0},{"damage":3.0,"enemies":"Centurion and Healer","floor":27.0,"turns":4.0},{"damage":0.0,"enemies":"Sentry and Sphere","floor":29.0,"turns":3.0},{"damage":0.0,"enemies":"Slavers","floor":30.0,"turns":2.0},{"damage":27.0,"enemies":"Automaton","floor":33.0,"turns":11.0},{"damage":0.0,"enemies":"3 Shapes","floor":35.0,"turns":3.0},{"damage":3.0,"enemies":"3 Darklings","floor":39.0,"turns":4.0},{"damage":25.0,"enemies":"Writhing Mass","floor":41.0,"turns":5.0},{"damage":6.0,"enemies":"Giant Head","floor":42.0,"turns":10.0},{"damage":41,"enemies":"4 Shapes","floor":44,"turns":3}],"seed_played":"7868886777601713848","potions_obtained":[{"floor":5.0,"key":"FocusPotion"},{"floor":8.0,"key":"Ancient Potion"},{"floor":11.0,"key":"Strength Potion"},{"floor":12.0,"key":"FocusPotion"},{"floor":16.0,"key":"Weak Potion"},{"floor":22.0,"key":"Fire Potion"},{"floor":25.0,"key":"AttackPotion"},{"floor":30.0,"key":"Block Potion"},{"floor":33.0,"key":"Ancient Potion"}],"is_trial":false,"path_per_floor":["M","M","$","$","M","E","R","E","T","M","M","M","R","E","R","B",null,"M","$","?","M","M","E","$","E","T","M","R","M","E","?","R","B",null,"M","$","?","?","M","R","M","E","T","M"],"character_chosen":"DEFECT","items_purchased":["Ball Lightning","Frozen Egg 2","Mayhem+1"],"campfire_rested":0,"item_purchase_floors":[3,19,36],"current_hp_per_floor":[75,75,75,75,75,53,53,38,38,38,31,19,19,19,19,21,75,72,72,72,74,75,69,69,60,60,59,59,61,63,63,63,38,75,75,75,66,66,65,65,42,38,38,0],"gold":61,"neow_bonus":"ONE_RANDOM_RARE_CARD","is_prod":false,"is_daily":false,"chose_seed":false,"campfire_upgraded":6,"win_rate":1,"timestamp":1562058890,"path_taken":["M","M","?","$","M","E","R","E","T","M","M","M","R","E","R","BOSS","M","$","?","?","M","E","?","E","T","M","R","M","E","?","R","BOSS","M","$","?","?","M","R","M","E","T","M"],"build_version":"2019-01-23","purchased_purges":2,"victory":false,"max_hp_per_floor":[75,75,75,75,75,75,75,75,75,75,75,75,75,75,75,75,75,75,75,75,75,75,75,75,75,75,75,75,75,75,75,75,75,75,75,75,75,75,75,75,75,75,75,75],"card_choices":[{"not_picked":["Hologram","Undo"],"picked":"Conserve Battery","floor":1.0},{"not_picked":["Hologram","Blizzard"],"picked":"Redo","floor":2.0},{"not_picked":["FTL","Steam"],"picked":"Cold Snap","floor":5.0},{"not_picked":["Biased Cognition","Cold Snap","Static Discharge"],"picked":"SKIP","floor":6.0},{"not_picked":["Streamline","Cold Snap","Storm"],"picked":"SKIP","floor":8.0},{"not_picked":["Rainbow","Coolheaded"],"picked":"Leap","floor":10.0},{"not_picked":["Leap","Redo"],"picked":"Hologram","floor":11.0},{"not_picked":["Heatsinks","Loop"],"picked":"BootSequence","floor":12.0},{"not_picked":["Force Field","Redo"],"picked":"Lockon","floor":14.0},{"not_picked":["Machine Learning","Echo Form"],"picked":"Electrodynamics","floor":16.0},{"not_picked":["Barrage","Sweeping Beam","Stack"],"picked":"SKIP","floor":18.0},{"not_picked":["Force Field","Chaos+1","Melter"],"picked":"SKIP","floor":21.0},{"not_picked":["Hologram","Gash"],"picked":"Glacier","floor":22.0},{"not_picked":["Chill","Steam Power+1"],"picked":"Genetic Algorithm+1","floor":23.0},{"not_picked":["Cold Snap","Recycle+1","White Noise"],"picked":"SKIP","floor":25.0},{"not_picked":["Aggregate","Stack+1","Cold Snap+1"],"picked":"SKIP","floor":27.0},{"not_picked":["Static Discharge+1","Cold Snap"],"picked":"Coolheaded+1","floor":29.0},{"not_picked":["Hologram","Gash"],"picked":"All For One","floor":30.0},{"not_picked":["Rainbow","All For One"],"picked":"Electrodynamics+1","floor":33.0},{"not_picked":["Sweeping Beam","Hello World+1"],"picked":"Reinforced Body+1","floor":35.0},{"not_picked":["Ball Lightning+1","Scrape"],"picked":"Steam+1","floor":35.0},{"not_picked":["Ball Lightning","Stack"],"picked":"Capacitor+1","floor":39.0},{"not_picked":["Rip and Tear+1","Streamline+1"],"picked":"BootSequence+1","floor":39.0},{"not_picked":["Gash","Conserve Battery+1"],"picked":"FTL","floor":41.0},{"not_picked":["Stack+1","Sweeping Beam+1","Steam+1"],"picked":"SKIP","floor":41.0},{"not_picked":["Stack+1","Chill"],"picked":"Compile Driver+1","floor":42.0}],"player_experience":625086,"relics_obtained":[{"floor":6.0,"key":"Kunai"},{"floor":8.0,"key":"Pen Nib"},{"floor":9.0,"key":"The Courier"},{"floor":14.0,"key":"Blood Vial"},{"floor":23.0,"key":"Ancient Tea Set"},{"floor":25.0,"key":"Du-Vu Doll"},{"floor":26.0,"key":"Emotion Chip"},{"floor":30.0,"key":"Prayer Wheel"},{"floor":42.0,"key":"Happy Flower"}],"event_choices":[{"damage_healed":0.0,"max_hp_gain":0.0,"max_hp_loss":0.0,"gold_gain":0.0,"event_name":"Accursed Blacksmith","player_choice":"Forge","floor":20.0,"gold_loss":0.0,"damage_taken":0.0,"cards_upgraded":["Electrodynamics"]},{"damage_healed":0.0,"max_hp_gain":0.0,"max_hp_loss":0.0,"gold_gain":0.0,"event_name":"The Library","player_choice":"Read","floor":31.0,"gold_loss":0.0,"damage_taken":0.0,"cards_obtained":["Go for the Eyes"]},{"damage_healed":0.0,"max_hp_gain":0.0,"max_hp_loss":0.0,"gold_gain":0.0,"event_name":"Winding Halls","player_choice":"Embrace Madness","floor":37.0,"gold_loss":0.0,"damage_taken":9.0,"cards_obtained":["Madness","Madness"]},{"damage_healed":0.0,"max_hp_gain":0.0,"max_hp_loss":0.0,"gold_gain":0.0,"event_name":"Tomb of Lord Red Mask","player_choice":"Paid","floor":38.0,"gold_loss":97.0,"damage_taken":0.0,"relics_obtained":["Red Mask"]}],"is_beta":false,"boss_relics":[{"not_picked":["Runic Dome","Nuclear Battery"],"picked":"Coffee Dripper"},{"not_picked":["Tiny House","Fusion Hammer"],"picked":"Inserter"}],"items_purged_floors":[3,24],"is_endless":false,"potions_floor_spawned":[5,8,11,12,16,22,25,30,33,39],"killed_by":"4 Shapes","ascension_level":1}