{"gold_per_floor":[110,110,129,129,148,148,178,178,178,178,178,191,224,240,240,338,338,350,367,380,199,213,213,241,241,241,257,87,87,99,125,125,222,222,240,258,258,284,330,330,362,362,362,362,159,159,36,49,49,49],"floor_reached":51,"playtime":3562,"items_purged":["Strike_G","Pain","Pain","Shame"],"score":1091,"play_id":"fd2da39b-7b8b-42d5-9cb4-fd3b84f9e98c","local_time":"20190712212134","is_ascension_mode":true,"campfire_choices":[{"data":"Footwork","floor":6,"key":"SMITH"},{"data":"Backflip","floor":8,"key":"SMITH"},{"data":"Accuracy","floor":11,"key":"SMITH"},{"data":"1","floor":15,"key":"LIFT"},{"data":"Cloak And Dagger","floor":23,"key":"SMITH"},{"data":"2","floor":25,"key":"LIFT"},{"data":"3","floor":29,"key":"LIFT"},{"floor":32,"key":"REST"},{"floor":40,"key":"REST"},{"floor":42,"key":"RECALL"},{"data":"Infinite Blades","floor":44,"key":"SMITH"},{"data":"Footwork","floor":49,"key":"SMITH"}],"neow_cost":"NONE","seed_source_timestamp":50752977834171,"circlet_count":0,"master_deck":["AscendersBane","Strike_G+1","Strike_G","Strike_G","Defend_G","Defend_G","Defend_G","Defend_G","Defend_G","Survivor","Neutralize","Burst+1","Cloak And Dagger+1","Accuracy+1","Footwork+1","Backflip+1","Blur","Accuracy","Adrenaline+1","Infinite Blades+1","Cloak And Dagger+1","Footwork+1","Backflip","Accuracy+1","Infinite Blades+1","Corpse Explosion","Footwork+1","Madness","Madness+1","Terror","Blade Dance+1","Cloak And Dagger+1"],"relics":["Ring of the Snake","Odd Mushroom","Meat on the Bone","Girya","Cursed Key","Frozen Egg 2","Pear","Smiling Mask","Black Star","Ancient Tea Set","Bird Faced Urn","Regal Pillow","Gremlin Horn","Happy Flower","War Paint"],"potions_floor_usage":[13,13,16,31,33,33,36],"damage_taken":[{"damage":0,"enemies":"Small Slimes","floor":1,"turns":3},{"damage":0,"enemies":"Cultist","floor":3,"turns":4},{"damage":0,"enemies":"2 Louse","floor":5,"turns":2},{"damage":8,"enemies":"The Mushroom Lair","floor":7,"turns":7},{"damage":0,"enemies":"Looter","floor":12,"turns":4},{"damage":1,"enemies":"Gremlin Nob","floor":13,"turns":4},{"damage":0,"enemies":"2 Fungi Beasts","floor":14,"turns":4},{"damage":12,"enemies":"Hexaghost","floor":16,"turns":15},{"damage":0,"enemies":"Spheric Guardian","floor":18,"turns":4},{"damage":0,"enemies":"Shell Parasite","floor":19,"turns":4},{"damage":4,"enemies":"Shelled Parasite and Fungi","floor":20,"turns":7},{"damage":16,"enemies":"Snake Plant","floor":22,"turns":5},{"damage":20,"enemies":"Slavers","floor":24,"turns":9},{"damage":5,"enemies":"3 Cultists","floor":27,"turns":5},{"damage":0,"enemies":"Cultist and Chosen","floor":30,"turns":5},{"damage":17,"enemies":"Book of Stabbing","floor":31,"turns":4},{"damage":11,"enemies":"Collector","floor":33,"turns":7},{"damage":0,"enemies":"Orb Walker","floor":35,"turns":4},{"damage":6,"enemies":"3 Shapes","floor":36,"turns":4},{"damage":49,"enemies":"2 Orb Walkers","floor":39,"turns":4},{"damage":6,"enemies":"Nemesis","floor":41,"turns":7},{"damage":0,"enemies":"Writhing Mass","floor":48,"turns":4},{"damage":63,"enemies":"Donu and Deca","floor":50,"turns":6}],"seed_played":"1950603356953622263","potions_obtained":[{"floor":3,"key":"EssenceOfSteel"},{"floor":10,"key":"Strength Potion"},{"floor":14,"key":"SkillPotion"},{"floor":24,"key":"Block Potion"},{"floor":27,"key":"SkillPotion"},{"floor":31,"key":"SteroidPotion"},{"floor":33,"key":"Explosive Potion"}],"is_trial":false,"path_per_floor":["M","?","M","?","M","R","?","R","T","?","R","M","E","M","R","B",null,"M","M","M","$","M","R","E","R","T","M","$","R","M","E","R","B",null,"M","M","?","T","?","R","E","R","T","R","$","?","$","M","R","B",null],"character_chosen":"THE_SILENT","items_purchased":["Cloak And Dagger","Footwork","Infinite Blades+1","War Paint","GhostInAJar"],"campfire_rested":2,"item_purchase_floors":[21,21,28,45,47],"current_hp_per_floor":[63,63,63,49,49,49,41,41,41,41,41,41,40,40,40,40,63,63,63,59,59,43,43,35,35,45,52,52,52,52,47,71,60,75,75,69,59,59,22,46,56,56,56,56,56,56,56,70,70,35],"gold":49,"neow_bonus":"ONE_RANDOM_RARE_CARD","is_prod":false,"is_daily":false,"chose_seed":false,"campfire_upgraded":6,"win_rate":0,"timestamp":1562980894,"path_taken":["M","?","?","?","M","R","?","R","T","?","R","M","E","M","R","BOSS","M","M","?","?","?","R","E","R","T","M","$","R","M","E","R","BOSS","M","M","?","?","?","R","E","R","T","R","$","?","$","M","R","BOSS"],"build_version":"2019-07-05","purchased_purges":4,"victory":true,"max_hp_per_floor":[70,70,70,70,70,70,70,70,70,70,70,70,70,70,70,70,70,70,70,70,70,70,70,70,70,80,80,80,80,80,80,80,80,80,80,80,80,80,80,80,80,80,80,80,80,80,80,80,80,80],"card_choices":[{"not_picked":["Bane","Quick Slash"],"picked":"Cloak And Dagger","floor":1},{"not_picked":["Bane","Prepared"],"picked":"Accuracy","floor":3},{"not_picked":["Slice","Distraction"],"picked":"Footwork","floor":5},{"not_picked":["Poisoned Stab","Terror"],"picked":"Backflip","floor":7},{"not_picked":["Poisoned Stab","Prepared"],"picked":"Blur","floor":12},{"not_picked":["Underhanded Strike","Escape Plan"],"picked":"Accuracy","floor":13},{"not_picked":["Dagger Spray","Deadly Poison","Skewer"],"picked":"SKIP","floor":14},{"not_picked":["Tools of the Trade","Burst"],"picked":"Adrenaline","floor":16},{"not_picked":["Bane+1","Sucker Punch+1"],"picked":"Infinite Blades","floor":18},{"not_picked":["Dagger Throw","Bouncing Flask","Eviscerate"],"picked":"SKIP","floor":19},{"not_picked":["Concentrate","PiercingWail","Skewer"],"picked":"SKIP","floor":20},{"not_picked":["Distraction+1","Concentrate"],"picked":"Backflip","floor":22},{"not_picked":["Caltrops","Deadly Poison","Dagger Throw"],"picked":"SKIP","floor":24},{"not_picked":["Deflect","Setup"],"picked":"Accuracy+1","floor":27},{"not_picked":["Dagger Throw","Deadly Poison","Dagger Spray"],"picked":"SKIP","floor":30},{"not_picked":["Flying Knee","Venomology","Choke"],"picked":"SKIP","floor":31},{"not_picked":["Die Die Die","Wraith Form v2+1"],"picked":"Corpse Explosion","floor":33},{"not_picked":["Escape Plan+1","Masterful Stab+1"],"picked":"Footwork+1","floor":35},{"not_picked":["Reflex","Cloak And Dagger","Eviscerate+1"],"picked":"SKIP","floor":36},{"not_picked":["Acrobatics+1","Crippling Poison+1"],"picked":"Terror","floor":39},{"not_picked":["Backstab+1","Slice"],"picked":"Blade Dance+1","floor":41},{"not_picked":["Prepared","Storm of Steel"],"picked":"Cloak And Dagger+1","floor":48}],"player_experience":496391,"relics_obtained":[{"floor":7,"key":"Odd Mushroom"},{"floor":9,"key":"Meat on the Bone"},{"floor":13,"key":"Girya"},{"floor":24,"key":"Frozen Egg 2"},{"floor":26,"key":"Pear"},{"floor":31,"key":"Smiling Mask"},{"floor":38,"key":"Ancient Tea Set"},{"floor":39,"key":"Bird Faced Urn"},{"floor":41,"key":"Regal Pillow"},{"floor":41,"key":"Gremlin Horn"},{"floor":43,"key":"Happy Flower"}],"event_choices":[{"damage_healed":0,"gold_gain":0,"player_choice":"Upgraded","damage_taken":0,"max_hp_gain":0,"max_hp_loss":0,"event_name":"Upgrade Shrine","floor":2,"gold_loss":0,"cards_upgraded":["Cloak And Dagger"]},{"damage_healed":0,"gold_gain":0,"player_choice":"Entered Light","damage_taken":14,"max_hp_gain":0,"max_hp_loss":0,"event_name":"Shining Light","floor":4,"gold_loss":0,"cards_upgraded":["Strike_G","Burst"]},{"damage_healed":0,"gold_gain":0,"player_choice":"Fought Mushrooms","damage_taken":0,"max_hp_gain":0,"max_hp_loss":0,"event_name":"Mushrooms","floor":7,"gold_loss":0},{"damage_healed":0,"gold_gain":0,"player_choice":"Got Potions","damage_taken":0,"max_hp_gain":0,"max_hp_loss":0,"event_name":"Lab","floor":10,"gold_loss":0},{"damage_healed":0,"gold_gain":0,"player_choice":"Embrace Madness","damage_taken":10,"max_hp_gain":0,"max_hp_loss":0,"event_name":"Winding Halls","floor":37,"gold_loss":0,"cards_obtained":["Madness","Madness"]},{"damage_healed":0,"gold_gain":0,"player_choice":"Fight","damage_taken":0,"max_hp_gain":0,"max_hp_loss":0,"event_name":"Mysterious Sphere","floor":39,"gold_loss":0},{"cards_removed":["Strike_G"],"damage_healed":0,"gold_gain":0,"player_choice":"Removed Attack","damage_taken":0,"max_hp_gain":0,"max_hp_loss":0,"event_name":"Falling","floor":46,"gold_loss":0}],"is_beta":false,"boss_relics":[{"not_picked":["Philosopher\u0027s Stone","Eternal Feather"],"picked":"Cursed Key"},{"not_picked":["Runic Pyramid","White Beast Statue"],"picked":"Black Star"}],"items_purged_floors":[21,28,45,47],"is_endless":false,"potions_floor_spawned":[3,14,24,27,31,33],"ascension_level":11}