{"gold_per_floor":[211,31,31,80,98,98,130,143,143,143,143,143,175,49,49,120,120,137,137,29,42,42,42,59,59,130,160,177,101,114,114,114,186,186,196,418,418,430,446,446,473,17,42,42,88,88],"floor_reached":46,"playtime":2728,"items_purged":["Strike_G","Strike_G","Choke"],"score":904,"play_id":"2f438715-b933-497e-9490-3a9c3cfae2dd","local_time":"20190713161811","is_ascension_mode":true,"campfire_choices":[{"data":"Noxious Fumes","floor":6,"key":"SMITH"},{"data":"Neutralize","floor":10,"key":"SMITH"},{"data":"Well Laid Plans","floor":12,"key":"SMITH"},{"data":"Dodge and Roll","floor":15,"key":"SMITH"},{"data":"Envenom","floor":23,"key":"SMITH"},{"data":"Footwork","floor":25,"key":"SMITH"},{"floor":32,"key":"REST"},{"floor":40,"key":"REST"},{"floor":44,"key":"RECALL"}],"neow_cost":"NONE","seed_source_timestamp":337627919057826,"circlet_count":0,"master_deck":["AscendersBane","Defend_G","Defend_G","Defend_G","Defend_G","Defend_G","Survivor","Neutralize+1","Endless Agony","Quick Slash+1","Noxious Fumes+1","Well Laid Plans+1","Dodge and Roll+1","Backflip","Envenom+1","Calculated Gamble","Blur","PiercingWail","Noxious Fumes","Footwork+1","Quick Slash+1","Deflect","Caltrops+1","After Image","Malaise","Acrobatics+1","Finesse","Good Instincts","Purity","Crippling Poison","Noxious Fumes+1","PiercingWail"],"relics":["Ring of the Serpent","Vajra","Ancient Tea Set","Bottled Tornado","Boot","Mercury Hourglass","Red Mask","Nloth\u0027s Gift","Fusion Hammer","Potion Belt","Calipers","Girya"],"potions_floor_usage":[7,7,27,33],"damage_taken":[{"damage":11,"enemies":"Small Slimes","floor":1,"turns":4},{"damage":0,"enemies":"Jaw Worm","floor":5,"turns":3},{"damage":3,"enemies":"Lagavulin","floor":7,"turns":5},{"damage":0,"enemies":"2 Louse","floor":8,"turns":3},{"damage":17,"enemies":"3 Sentries","floor":13,"turns":7},{"damage":3,"enemies":"The Guardian","floor":16,"turns":13},{"damage":2,"enemies":"Shell Parasite","floor":18,"turns":6},{"damage":7,"enemies":"Chosen","floor":21,"turns":6},{"damage":0,"enemies":"Snecko","floor":24,"turns":6},{"damage":2,"enemies":"Masked Bandits","floor":27,"turns":3},{"damage":9,"enemies":"Centurion and Healer","floor":28,"turns":7},{"damage":0,"enemies":"Snake Plant","floor":30,"turns":3},{"damage":4,"enemies":"Automaton","floor":33,"turns":10},{"damage":0,"enemies":"3 Shapes","floor":35,"turns":4},{"damage":4,"enemies":"3 Darklings","floor":38,"turns":6},{"damage":9,"enemies":"Sphere and 2 Shapes","floor":39,"turns":6},{"damage":6,"enemies":"Giant Head","floor":41,"turns":13},{"damage":31,"enemies":"2 Orb Walkers","floor":45,"turns":7},{"damage":20,"enemies":"Transient","floor":46,"turns":2}],"seed_played":"-4256619149294189678","potions_obtained":[{"floor":1,"key":"Block Potion"},{"floor":13,"key":"AttackPotion"},{"floor":16,"key":"Block Potion"},{"floor":27,"key":"SteroidPotion"},{"floor":38,"key":"LiquidBronze"},{"floor":39,"key":"Ancient Potion"}],"is_trial":false,"path_per_floor":["M","$","?","T","M","R","E","M","T","R","?","R","E","$","R","B",null,"M","?","$","M","?","R","M","R","T","?","M","$","M","?","R","B",null,"M","?","?","M","M","R","E","$","T","R","?","M"],"character_chosen":"THE_SILENT","items_purchased":["SteroidPotion","Quick Slash","Backflip","PiercingWail","Noxious Fumes","Choke","Calipers"],"campfire_rested":2,"item_purchase_floors":[2,2,14,20,20,29,42],"current_hp_per_floor":[48,48,41,41,41,41,38,38,38,38,38,38,21,21,21,18,54,52,52,52,45,24,24,24,24,24,22,13,13,13,13,32,28,57,57,57,47,43,34,53,47,47,47,47,16,0],"gold":88,"neow_bonus":"HUNDRED_GOLD","is_prod":false,"is_daily":false,"chose_seed":false,"campfire_upgraded":6,"win_rate":0,"timestamp":1563049091,"path_taken":["M","$","?","?","M","R","E","M","T","R","?","R","E","$","R","BOSS","M","?","$","M","?","R","M","R","T","?","M","$","M","?","R","BOSS","M","?","?","M","M","R","E","$","T","R","?","M"],"build_version":"2019-07-05","purchased_purges":3,"victory":false,"max_hp_per_floor":[66,66,66,66,66,66,66,66,66,66,66,66,66,66,66,66,66,66,66,66,66,66,66,66,66,66,66,66,66,66,66,66,66,66,66,66,66,66,66,66,66,66,66,66,66,66],"card_choices":[{"not_picked":["Bane","Blur"],"picked":"Endless Agony","floor":1},{"not_picked":["Acrobatics","Slice"],"picked":"Noxious Fumes","floor":5},{"not_picked":["Flying Knee","Blade Dance","Tactician"],"picked":"SKIP","floor":7},{"not_picked":["Night Terror","Blade Dance"],"picked":"Well Laid Plans","floor":8},{"not_picked":["Bane","Deflect"],"picked":"Dodge and Roll","floor":13},{"not_picked":["Bullet Time","Venomology"],"picked":"Envenom","floor":16},{"not_picked":["Slice","Eviscerate","Acrobatics"],"picked":"SKIP","floor":18},{"not_picked":["Expertise","Predator"],"picked":"Footwork","floor":21},{"not_picked":["Flying Knee","Caltrops"],"picked":"Quick Slash+1","floor":24},{"not_picked":["Dodge and Roll","Bane"],"picked":"Deflect","floor":27},{"not_picked":["Masterful Stab","Finisher"],"picked":"Caltrops+1","floor":28},{"not_picked":["Dagger Throw","Deadly Poison"],"picked":"After Image","floor":30},{"not_picked":["Bullet Time","Corpse Explosion"],"picked":"Malaise","floor":33},{"not_picked":["Dagger Throw+1","Finisher"],"picked":"Acrobatics+1","floor":35},{"not_picked":["PanicButton","Forethought"],"picked":"Finesse","floor":37},{"not_picked":["Enlightenment","Chrysalis"],"picked":"Good Instincts","floor":37},{"not_picked":["PanicButton","Chrysalis"],"picked":"Purity","floor":37},{"not_picked":["Eviscerate","Outmaneuver","Caltrops"],"picked":"SKIP","floor":38},{"not_picked":["Sucker Punch","Setup"],"picked":"Crippling Poison","floor":39},{"not_picked":["Crippling Poison+1","Night Terror"],"picked":"Noxious Fumes+1","floor":41},{"not_picked":["Dodge and Roll+1","Acrobatics"],"picked":"PiercingWail","floor":45}],"player_experience":1483621,"relics_obtained":[{"floor":4,"key":"Vajra"},{"floor":7,"key":"Ancient Tea Set"},{"floor":9,"key":"Bottled Tornado"},{"floor":13,"key":"Boot"},{"floor":22,"key":"Necronomicon"},{"floor":26,"key":"Mercury Hourglass"},{"floor":27,"key":"Red Mask"},{"floor":41,"key":"Potion Belt"},{"floor":45,"key":"Girya"}],"event_choices":[{"cards_removed":["Strike_G"],"damage_healed":0,"gold_gain":0,"player_choice":"Card Removal","damage_taken":7,"max_hp_gain":0,"max_hp_loss":0,"event_name":"Golden Wing","floor":3,"gold_loss":0},{"damage_healed":0,"gold_gain":0,"player_choice":"Grow","damage_taken":0,"max_hp_gain":0,"max_hp_loss":0,"event_name":"Living Wall","floor":11,"gold_loss":0,"cards_upgraded":["Quick Slash"]},{"damage_healed":0,"gold_gain":0,"cards_transformed":["Strike_G","Strike_G"],"player_choice":"Became Test Subject","damage_taken":0,"max_hp_gain":0,"max_hp_loss":0,"event_name":"Drug Dealer","floor":19,"gold_loss":0,"cards_obtained":["Calculated Gamble","Blur"]},{"damage_healed":0,"gold_gain":0,"player_choice":"Obtained Book","damage_taken":21,"max_hp_gain":0,"max_hp_loss":0,"event_name":"Cursed Tome","floor":22,"gold_loss":0},{"damage_healed":0,"gold_gain":0,"player_choice":"Fought Bandits","damage_taken":0,"max_hp_gain":0,"max_hp_loss":0,"event_name":"Masked Bandits","floor":27,"gold_loss":0},{"damage_healed":0,"gold_gain":0,"player_choice":"Traded Relic","damage_taken":0,"relics_obtained":["Nloth\u0027s Gift"],"max_hp_gain":0,"max_hp_loss":0,"event_name":"N\u0027loth","floor":31,"relics_lost":["Necronomicon"],"gold_loss":0},{"damage_healed":0,"gold_gain":222,"player_choice":"Wore Mask","damage_taken":0,"max_hp_gain":0,"max_hp_loss":0,"event_name":"Tomb of Lord Red Mask","floor":36,"gold_loss":0},{"damage_healed":0,"gold_gain":0,"player_choice":"Memory 3","damage_taken":10,"max_hp_gain":0,"max_hp_loss":0,"event_name":"SensoryStone","floor":37,"gold_loss":0},{"damage_healed":0,"gold_gain":0,"player_choice":"Fight","damage_taken":0,"max_hp_gain":0,"max_hp_loss":0,"event_name":"Mysterious Sphere","floor":45,"gold_loss":0}],"is_beta":false,"boss_relics":[{"not_picked":["Ectoplasm","Busted Crown"],"picked":"Ring of the Serpent"},{"not_picked":["Cursed Key","Tiny House"],"picked":"Fusion Hammer"}],"items_purged_floors":[2,14,42],"is_endless":false,"potions_floor_spawned":[1,13,16,24,27,38,39],"killed_by":"Transient","ascension_level":20}