{"gold_per_floor":[364,377,394,13,23,23,23,51,74,90,105,105,133,7,7,110,110,130,145,145,162,162,162,176,186,186,198,0,0,15,26,26,26],"floor_reached":33,"playtime":2493,"items_purged":[],"score":253,"play_id":"9b899a90-5cc8-4a76-b7a0-ff060bf2b8be","local_time":"20190630060123","is_ascension_mode":false,"campfire_choices":[{"data":"Armaments","floor":6,"key":"SMITH"},{"floor":15,"key":"REST"},{"floor":23,"key":"REST"},{"floor":29,"key":"REST"},{"floor":32,"key":"REST"}],"neow_cost":"PERCENT_DAMAGE","seed_source_timestamp":659710709580807,"circlet_count":0,"master_deck":["Strike_R","Strike_R+1","Strike_R+1","Strike_R","Strike_R","Defend_R","Defend_R","Defend_R","Defend_R","Bash","Perfected Strike","Armaments+1","Impervious+1","Anger","Evolve","Flex+1","Ghostly Armor+1","Perfected Strike","Iron Wave","Metallicize","Metallicize","Whirlwind","Perfected Strike","Heavy Blade","Twin Strike","Fire Breathing"],"relics":["Burning Blood","Toxic Egg 2","Odd Mushroom","Orichalcum","Bottled Tornado","Whetstone","Philosopher\u0027s Stone"],"potions_floor_usage":[8,8,16,16,24,27,33,33],"damage_taken":[{"damage":0,"enemies":"Small Slimes","floor":1,"turns":3},{"damage":2,"enemies":"2 Louse","floor":2,"turns":2},{"damage":6,"enemies":"Jaw Worm","floor":3,"turns":3},{"damage":0,"enemies":"Exordium Wildlife","floor":5,"turns":3},{"damage":8,"enemies":"The Mushroom Lair","floor":8,"turns":4},{"damage":7,"enemies":"2 Fungi Beasts","floor":10,"turns":3},{"damage":3,"enemies":"Lots of Slimes","floor":11,"turns":5},{"damage":23,"enemies":"Lagavulin","floor":13,"turns":7},{"damage":20,"enemies":"The Guardian","floor":16,"turns":11},{"damage":50,"enemies":"3 Byrds","floor":18,"turns":6},{"damage":16,"enemies":"2 Thieves","floor":19,"turns":4},{"damage":13,"enemies":"Chosen and Byrds","floor":21,"turns":7},{"damage":4,"enemies":"Snecko","floor":24,"turns":6},{"damage":10,"enemies":"Cultist and Chosen","floor":25,"turns":6},{"damage":27,"enemies":"Snake Plant","floor":27,"turns":3},{"damage":17,"enemies":"Shelled Parasite and Fungi","floor":30,"turns":5},{"damage":10,"enemies":"Sentry and Sphere","floor":31,"turns":6},{"damage":62,"enemies":"Collector","floor":33,"turns":7}],"seed_played":"-3329997152162813607","potions_obtained":[{"floor":2,"key":"SpeedPotion"},{"floor":3,"key":"Block Potion"},{"floor":5,"key":"LiquidBronze"},{"floor":10,"key":"GamblersBrew"},{"floor":13,"key":"LiquidBronze"},{"floor":21,"key":"Energy Potion"},{"floor":24,"key":"SteroidPotion"},{"floor":31,"key":"EssenceOfSteel"}],"is_trial":false,"path_per_floor":["M","M","M","$","M","R","?","?","T","M","M","T","E","$","R","B",null,"M","M","?","M","?","R","M","M","T","M","?","R","M","M","R","B"],"character_chosen":"IRONCLAD","items_purchased":["Toxic Egg 2","Impervious+1","Anger","Iron Wave","Metallicize"],"campfire_rested":4,"item_purchase_floors":[4,4,4,14,14],"current_hp_per_floor":[62,66,66,66,72,72,72,70,70,69,72,72,55,55,79,65,80,36,26,26,19,19,43,45,41,41,20,20,44,33,29,53,0],"gold":26,"neow_bonus":"TWO_FIFTY_GOLD","is_prod":false,"is_daily":false,"chose_seed":false,"campfire_upgraded":1,"win_rate":0.0,"timestamp":1561899683,"path_taken":["M","M","M","$","M","R","?","?","T","M","M","?","E","$","R","BOSS","M","M","?","M","?","R","M","?","T","?","?","R","M","M","R","BOSS"],"build_version":"2019-01-23","purchased_purges":0,"victory":false,"max_hp_per_floor":[80,80,80,80,80,80,80,80,80,80,80,80,80,80,80,80,80,80,80,80,80,80,80,80,80,80,80,80,80,80,80,80,80],"card_choices":[{"not_picked":["Entrench","Second Wind"],"picked":"Perfected Strike","floor":1},{"not_picked":["Hemokinesis","Warcry"],"picked":"Armaments","floor":2},{"not_picked":["Sword Boomerang","Dual Wield","Rupture"],"picked":"SKIP","floor":3},{"not_picked":["Pommel Strike","Warcry+1"],"picked":"Feel No Pain","floor":5},{"not_picked":["Headbutt","Havoc+1"],"picked":"Flex+1","floor":8},{"not_picked":["Evolve","Reckless Charge"],"picked":"Ghostly Armor+1","floor":10},{"not_picked":["Havoc+1","Rupture"],"picked":"Perfected Strike","floor":11},{"not_picked":["Dual Wield+1","Fiend Fire","Hemokinesis"],"picked":"SKIP","floor":13},{"not_picked":["Dark Embrace","Exhume+1"],"picked":"Offering+1","floor":16},{"not_picked":["Heavy Blade+1","Iron Wave"],"picked":"Metallicize","floor":18},{"not_picked":["Reckless Charge","Perfected Strike"],"picked":"Whirlwind","floor":19},{"not_picked":["Clothesline","Sever Soul+1","True Grit+1"],"picked":"SKIP","floor":21},{"not_picked":["Fire Breathing+1","Thunderclap"],"picked":"Heavy Blade","floor":24},{"not_picked":["Perfected Strike+1","Warcry+1"],"picked":"Twin Strike","floor":25},{"not_picked":["Headbutt","Shrug It Off+1","Burning Pact+1"],"picked":"SKIP","floor":27},{"not_picked":["Sword Boomerang","Feel No Pain+1","Armaments+1"],"picked":"SKIP","floor":30},{"not_picked":["Whirlwind","Pommel Strike+1"],"picked":"Fire Breathing","floor":31}],"player_experience":30817,"relics_obtained":[{"floor":8,"key":"Odd Mushroom"},{"floor":9,"key":"Orichalcum"},{"floor":12,"key":"Bottled Tornado"},{"floor":13,"key":"Whetstone"}],"event_choices":[{"damage_healed":0,"gold_gain":0,"cards_transformed":["Feel No Pain"],"player_choice":"Change","damage_taken":0,"max_hp_gain":0,"max_hp_loss":0,"event_name":"Living Wall","floor":7,"gold_loss":0,"cards_obtained":["Evolve"]},{"damage_healed":0,"gold_gain":0,"player_choice":"Fought Mushrooms","damage_taken":0,"max_hp_gain":0,"max_hp_loss":0,"event_name":"Mushrooms","floor":8,"gold_loss":0},{"damage_healed":0,"gold_gain":0,"player_choice":"Ignored","damage_taken":0,"max_hp_gain":0,"max_hp_loss":0,"event_name":"Ghosts","floor":20,"gold_loss":0},{"damage_healed":0,"gold_gain":0,"cards_transformed":["Offering"],"player_choice":"Transformed","damage_taken":0,"max_hp_gain":0,"max_hp_loss":0,"event_name":"Transmorgrifier","floor":22,"gold_loss":0,"cards_obtained":["Perfected Strike"]},{"damage_healed":0,"gold_gain":0,"player_choice":"Paid Fearfully","damage_taken":0,"max_hp_gain":0,"max_hp_loss":0,"event_name":"Masked Bandits","floor":28,"gold_loss":198}],"is_beta":false,"boss_relics":[{"not_picked":["Busted Crown","Fusion Hammer"],"picked":"Philosopher\u0027s Stone"}],"items_purged_floors":[],"is_endless":false,"potions_floor_spawned":[2,3,5,10,13,21,24,31],"killed_by":"Collector","ascension_level":0}