{"gold_per_floor":[117,130,16,32,32,62,62,88,135,153,183,196,230,259,259,362,362,372,372,319,306,336,366,366,400,400,400,400,400,34,68,68,173,173,188,202,202,202,97,116,142,97,175,175,175,193,42,56,56,56],"floor_reached":51,"playtime":3029,"items_purged":["Strike_R"],"score":1243,"play_id":"a698d5ca-cfa4-48c3-a86e-4d643fd64da7","local_time":"20180804142145","is_ascension_mode":true,"campfire_choices":[{"data":"Anger","floor":7,"key":"SMITH"},{"data":"Hemokinesis","floor":15,"key":"SMITH"},{"data":"Rupture","floor":24,"key":"SMITH"},{"floor":28,"key":"REST"},{"data":"Body Slam","floor":32,"key":"SMITH"},{"data":"Rage","floor":44,"key":"SMITH"},{"data":"Shockwave","floor":49,"key":"SMITH"}],"neow_cost":"TEN_PERCENT_HP_LOSS","seed_source_timestamp":262471851670616,"circlet_count":0,"master_deck":["Defend_R","Defend_R","Defend_R","Defend_R+1","Bash+1","Anger+1","Battle Trance+1","Rage+1","Headbutt","Warcry","Metallicize","Hemokinesis+1","Rupture+1","Feel No Pain","Carnage","Body Slam+1","Brutality","Shockwave+1","Bite","Bite+1","Bite","Bite","Bite","Shrug It Off","Burning Pact+1","Body Slam+1","Clash+1","Brutality","Jack Of All Trades","Pummel","Demon Form+1","Shrug It Off+1","Battle Trance+1","Writhe","Enlightenment","Flash of Steel","Power Through","Pommel Strike+1","Shrug It Off","Warcry","Battle Trance"],"relics":["Burning Blood","Incense Burner","Pantograph","Pen Nib","Happy Flower","Mummified Hand","Dodecahedron","Odd Mushroom","Black Star","Red Mask","Centennial Puzzle","War Paint","Bottled Lightning","Blue Candle","Shuriken","FaceOfCleric","Bottled Tornado","Juzu Bracelet","Bag of Preparation","Sozu","Bottled Flame","Gremlin Horn","Paper Frog","Whetstone"],"potions_floor_usage":[12,18,22,23,25,25,33],"damage_taken":[{"damage":8,"enemies":"Jaw Worm","floor":1,"turns":4},{"damage":1,"enemies":"Cultist","floor":2,"turns":4},{"damage":4,"enemies":"Small Slimes","floor":4,"turns":3},{"damage":3,"enemies":"Lagavulin","floor":6,"turns":7},{"damage":11,"enemies":"3 Sentries","floor":8,"turns":10},{"damage":0,"enemies":"Blue Slaver","floor":10,"turns":3},{"damage":1,"enemies":"Lagavulin","floor":11,"turns":5},{"damage":6,"enemies":"Exordium Thugs","floor":12,"turns":3},{"damage":32,"enemies":"Gremlin Nob","floor":13,"turns":4},{"damage":4,"floor":14,"turns":5},{"damage":3,"enemies":"Slime Boss","floor":16,"turns":7},{"damage":5,"enemies":"Spheric Guardian","floor":18,"turns":3},{"damage":23,"enemies":"2 Thieves","floor":21,"turns":4},{"damage":15,"floor":22,"turns":5},{"damage":34,"enemies":"Book of Stabbing","floor":23,"turns":7},{"damage":14,"enemies":"Gremlin Leader","floor":25,"turns":6},{"damage":11,"enemies":"Book of Stabbing","floor":31,"turns":4},{"damage":10,"enemies":"Automaton","floor":33,"turns":6},{"damage":1,"enemies":"Orb Walker","floor":35,"turns":2},{"damage":4,"enemies":"Flame Bruiser 1 Orb","floor":36,"turns":2},{"damage":4,"enemies":"4 Shapes","floor":40,"turns":6},{"damage":30,"enemies":"Nemesis","floor":41,"turns":5},{"damage":2,"enemies":"Spire Growth","floor":46,"turns":4},{"damage":6,"enemies":"Maw","floor":48,"turns":6},{"damage":33,"enemies":"Awakened One","floor":50,"turns":6}],"seed_played":"6467104766383468412","potions_obtained":[{"floor":6,"key":"SpeedPotion"},{"floor":8,"key":"Poison Potion"},{"floor":11,"key":"Dexterity Potion"},{"floor":13,"key":"SneckoOil"},{"floor":14,"key":"Fire Potion"},{"floor":21,"key":"Block Potion"},{"floor":23,"key":"SkillPotion"},{"floor":25,"key":"Swift Potion"}],"is_trial":false,"path_per_floor":["M","M","$","M","?","E","R","E","T","M","E","M","E","?","R","B",null,"M","?","$","M","?","E","R","E","T","?","R","?","$","E","R","B",null,"M","M","?","?","$","M","E","$","T","R","?","M","$","M","R","B"],"character_chosen":"IRONCLAD","items_purchased":["Rage","Shrug It Off","Bottled Tornado","Jack Of All Trades","Flash of Steel","Shrug It Off","Whetstone"],"campfire_rested":1,"item_purchase_floors":[3,20,30,30,39,42,47],"current_hp_per_floor":[70,72,72,72,72,72,72,67,67,72,72,72,46,48,48,72,72,72,50,50,35,40,20,20,22,22,14,30,30,30,40,40,57,57,58,59,59,59,59,60,48,48,48,48,48,62,62,63,63,48],"gold":56,"neow_bonus":"ONE_RARE_RELIC","is_prod":false,"is_daily":false,"chose_seed":false,"campfire_upgraded":6,"win_rate":0,"timestamp":1533406905,"path_taken":["M","M","$","M","?","E","R","E","T","M","E","M","E","?","R","BOSS","M","?","?","M","?","E","R","E","T","?","R","?","$","E","R","BOSS","M","M","?","?","$","M","E","$","T","R","?","M","?","M","R","BOSS"],"build_version":"2018-08-02","purchased_purges":1,"victory":true,"max_hp_per_floor":[72,72,72,72,72,72,72,72,72,72,72,72,72,72,72,72,72,72,50,50,50,50,50,50,50,50,55,55,55,55,56,56,57,57,58,59,59,59,59,60,61,61,61,61,61,62,62,63,63,64],"card_choices":[{"not_picked":["Sword Boomerang","True Grit"],"picked":"Anger","floor":1},{"not_picked":["Heavy Blade","Cleave"],"picked":"Battle Trance","floor":2},{"not_picked":["Searing Blow","Havoc"],"picked":"Headbutt","floor":4},{"not_picked":["Berserk","Fire Breathing"],"picked":"Warcry","floor":6},{"not_picked":["Flex","Sever Soul"],"picked":"Metallicize","floor":8},{"not_picked":["Sword Boomerang","Twin Strike"],"picked":"Hemokinesis","floor":10},{"not_picked":["Pommel Strike","True Grit"],"picked":"Rupture","floor":11},{"not_picked":["Havoc","Sentinel"],"picked":"Feel No Pain","floor":12},{"not_picked":["Infernal Blade","Berserk"],"picked":"Carnage","floor":13},{"not_picked":["Sword Boomerang","Power Through"],"picked":"Body Slam","floor":14},{"not_picked":["Berserk","Exhume"],"picked":"Brutality","floor":16},{"not_picked":["Flex","Clothesline"],"picked":"Shockwave","floor":18},{"not_picked":["Corruption","Pommel Strike"],"picked":"Burning Pact+1","floor":21},{"not_picked":["Heavy Blade+1","Pummel+1"],"picked":"Body Slam","floor":22},{"not_picked":["Cleave","Sword Boomerang+1"],"picked":"Clash+1","floor":23},{"not_picked":["Iron Wave","Sever Soul"],"picked":"Brutality","floor":25},{"not_picked":["Searing Blow","Cleave"],"picked":"Pummel","floor":31},{"not_picked":["Impervious","Fiend Fire"],"picked":"Demon Form","floor":33},{"not_picked":["Twin Strike","Body Slam"],"picked":"Shrug It Off+1","floor":35},{"not_picked":["Reckless Charge+1","Twin Strike+1"],"picked":"Battle Trance+1","floor":36},{"not_picked":["Blind","Swift Strike"],"picked":"Enlightenment","floor":38},{"not_picked":["Wild Strike+1","Cleave"],"picked":"Power Through","floor":40},{"not_picked":["Dark Embrace","Flex+1"],"picked":"Pommel Strike+1","floor":41},{"not_picked":["Wild Strike+1","Body Slam"],"picked":"Warcry","floor":46},{"not_picked":["Carnage+1","Barricade"],"picked":"Battle Trance","floor":48}],"player_experience":442501,"relics_obtained":[{"floor":6,"key":"Pantograph"},{"floor":8,"key":"Pen Nib"},{"floor":9,"key":"Happy Flower"},{"floor":11,"key":"Mummified Hand"},{"floor":13,"key":"Dodecahedron"},{"floor":14,"key":"Odd Mushroom"},{"floor":22,"key":"Red Mask"},{"floor":23,"key":"Centennial Puzzle"},{"floor":23,"key":"War Paint"},{"floor":25,"key":"Bottled Lightning"},{"floor":25,"key":"Blue Candle"},{"floor":26,"key":"Shuriken"},{"floor":31,"key":"Juzu Bracelet"},{"floor":31,"key":"Bag of Preparation"},{"floor":41,"key":"Bottled Flame"},{"floor":41,"key":"Gremlin Horn"},{"floor":43,"key":"Paper Frog"}],"event_choices":[{"event_name":"Accursed Blacksmith","player_choice":"Forge","floor":5,"damage_taken":0},{"event_name":"Mushrooms","player_choice":"Fought Mushrooms","floor":14,"damage_taken":0},{"event_name":"Vampires","player_choice":"Became a vampire","floor":19,"damage_taken":0},{"event_name":"Masked Bandits","player_choice":"Fought over 306 gold","floor":22,"damage_taken":0},{"event_name":"Forgotten Altar","player_choice":"Shed Blood","floor":27,"damage_taken":0},{"event_name":"FaceTrader","player_choice":"Trade","floor":29,"damage_taken":0},{"event_name":"Winding Halls","player_choice":"Writhe","floor":37,"damage_taken":0},{"event_name":"SensoryStone","player_choice":"Memory 1","floor":38,"damage_taken":0},{"event_name":"Upgrade Shrine","player_choice":"Upgraded","floor":45,"damage_taken":0}],"is_beta":false,"boss_relics":[{"not_picked":["Runic Dome","Orrery"],"picked":"Black Star"},{"not_picked":["White Beast Statue","Mark of Pain"],"picked":"Sozu"}],"items_purged_floors":[3],"is_endless":false,"potions_floor_spawned":[6,8,11,13,14,21,23,25,35,41,46],"ascension_level":8}