{"gold_per_floor":[110,120,100,120,120,150,165,165,220,240,240,173,201,217,217,288,288,288,288,304,317,317],"floor_reached":22,"playtime":1123,"items_purged":[],"score":400,"play_id":"9e217a48-f60e-4a28-b056-8fb2ba25a212","local_time":"20190219141901","is_ascension_mode":true,"campfire_choices":[{"data":"Whirlwind","floor":8.0,"key":"SMITH"},{"data":"Hemokinesis","floor":11.0,"key":"SMITH"},{"floor":15.0,"key":"REST"}],"neow_cost":"PERCENT_DAMAGE","seed_source_timestamp":225181882218388,"circlet_count":0,"master_deck":["AscendersBane","Strike_R","Strike_R","Strike_R","Strike_R","Strike_R","Defend_R","Defend_R","Defend_R","Defend_R","Bash","Hemokinesis+1","Disarm","Whirlwind+1","Spot Weakness","Battle Trance","Shrug It Off","Anger","Shrug It Off","Juggernaut","Pain","Body Slam"],"special_seed":0,"relics":["Burning Blood","Calipers","Thread and Needle","Ancient Tea Set","Shuriken","Snecko Eye","WarpedTongs"],"potions_floor_usage":[18,21],"damage_taken":[{"damage":9.0,"enemies":"2 Louse","floor":1.0,"turns":3.0},{"damage":4.0,"enemies":"Cultist","floor":2.0,"turns":3.0},{"damage":7.0,"enemies":"Small Slimes","floor":4.0,"turns":5.0},{"damage":0.0,"enemies":"Gremlin Gang","floor":5.0,"turns":1.0},{"damage":46.0,"enemies":"3 Sentries","floor":6.0,"turns":8.0},{"damage":5.0,"enemies":"3 Louse","floor":7.0,"turns":3.0},{"damage":10.0,"enemies":"Large Slime","floor":10.0,"turns":5.0},{"damage":6.0,"enemies":"Gremlin Nob","floor":13.0,"turns":3.0},{"damage":8.0,"enemies":"Looter","floor":14.0,"turns":4.0},{"damage":3,"enemies":"The Guardian","floor":16,"turns":11},{"damage":0,"enemies":"2 Thieves","floor":18,"turns":1},{"damage":8,"enemies":"Chosen","floor":20,"turns":4},{"damage":7,"enemies":"Snecko","floor":21,"turns":4},{"damage":41,"enemies":"Colosseum Slavers","floor":22,"turns":3},{"damage":41,"enemies":"Colosseum Nobs","floor":22,"turns":3}],"seed_played":"-7989472119744805066","potions_obtained":[{"floor":2.0,"key":"Block Potion"},{"floor":3.0,"key":"SmokeBomb"},{"floor":6.0,"key":"Block Potion"},{"floor":7.0,"key":"Poison Potion"},{"floor":14.0,"key":"SmokeBomb"},{"floor":16,"key":"GamblersBrew"},{"floor":20,"key":"LiquidBronze"}],"is_trial":false,"path_per_floor":["M","M","?","M","M","E","M","R","T","M","R","?","E","M","R","B",null,"M","?","M","M","?"],"character_chosen":"IRONCLAD","items_purchased":[],"campfire_rested":1,"item_purchase_floors":[],"current_hp_per_floor":[47,49,49,48,54,14,15,15,15,11,11,11,11,9,31,34,65,71,71,69,68,0],"gold":317,"neow_bonus":"ONE_RARE_RELIC","is_prod":false,"is_daily":false,"chose_seed":false,"campfire_upgraded":2,"win_rate":0,"timestamp":1550603941,"path_taken":["M","M","?","M","?","E","M","R","T","M","R","?","E","M","R","BOSS","M","?","?","M","?"],"build_version":"2019-01-23","purchased_purges":0,"victory":false,"max_hp_per_floor":[75,75,75,75,75,75,75,75,75,75,75,75,75,75,75,75,75,75,75,75,75,75],"card_choices":[{"not_picked":["Clash","Perfected Strike"],"picked":"Hemokinesis","floor":1.0},{"not_picked":["Fire Breathing","Entrench"],"picked":"Disarm","floor":2.0},{"not_picked":["Havoc","Headbutt"],"picked":"Whirlwind","floor":4.0},{"not_picked":["Iron Wave","Cleave"],"picked":"Spot Weakness","floor":6.0},{"not_picked":["Iron Wave","Warcry"],"picked":"Battle Trance","floor":7.0},{"not_picked":["Reckless Charge","Thunderclap"],"picked":"Shrug It Off","floor":10.0},{"not_picked":["Blood for Blood","Dropkick"],"picked":"Anger","floor":13.0},{"not_picked":["Second Wind","Sword Boomerang"],"picked":"Shrug It Off","floor":14.0},{"not_picked":["Barricade","Immolate"],"picked":"Juggernaut","floor":16},{"not_picked":["Anger","Infernal Blade"],"picked":"Body Slam","floor":20},{"not_picked":["Hemokinesis","Sentinel","Reckless Charge+1"],"picked":"SKIP","floor":21}],"player_experience":1368626,"relics_obtained":[{"floor":6.0,"key":"Thread and Needle"},{"floor":9.0,"key":"Ancient Tea Set"},{"floor":13.0,"key":"Shuriken"}],"event_choices":[{"damage_healed":0.0,"max_hp_gain":0.0,"max_hp_loss":0.0,"gold_gain":0.0,"event_name":"The Woman in Blue","player_choice":"Bought 1 Potion","floor":3.0,"gold_loss":0.0,"damage_taken":0.0},{"damage_healed":0.0,"max_hp_gain":0.0,"max_hp_loss":0.0,"gold_gain":0.0,"event_name":"World of Goop","player_choice":"Left Gold","floor":12.0,"gold_loss":67.0,"damage_taken":0.0},{"damage_healed":0,"gold_gain":0,"player_choice":"Rummage","damage_taken":0,"relics_obtained":["WarpedTongs"],"max_hp_gain":0,"max_hp_loss":0,"event_name":"Accursed Blacksmith","floor":19,"gold_loss":0,"cards_obtained":["Pain"]},{"damage_healed":0,"gold_gain":0,"player_choice":"Fight","damage_taken":0,"max_hp_gain":0,"max_hp_loss":0,"event_name":"Colosseum","floor":22,"gold_loss":0},{"damage_healed":0,"gold_gain":0,"player_choice":"Fought Nobs","damage_taken":0,"max_hp_gain":0,"max_hp_loss":0,"event_name":"Colosseum","floor":22,"gold_loss":0}],"is_beta":false,"boss_relics":[{"not_picked":["Cursed Key","Ectoplasm"],"picked":"Snecko Eye"}],"items_purged_floors":[],"is_endless":false,"potions_floor_spawned":[2,5,6,7,14,16,20,22],"killed_by":"Colosseum Nobs","ascension_level":20}