{"gold_per_floor":[113,27,27,27,44,44,74,74,74,74,74,74,74,89,89,163,163,176,193,206,206,256,256,270,300,324,48,67,67,67],"floor_reached":30,"playtime":1007,"items_purged":[],"score":592,"play_id":"86cdd4b4-c43c-4d1c-a6cc-a4390f896bb3","local_time":"20181025193816","is_ascension_mode":true,"campfire_choices":[{"floor":6.0,"key":"REST"},{"data":"Zap","floor":8.0,"key":"SMITH"},{"data":"Sunder","floor":10.0,"key":"SMITH"},{"data":"Dualcast","floor":13.0,"key":"SMITH"},{"data":"Glacier","floor":15.0,"key":"SMITH"},{"data":"Creative AI","floor":23.0,"key":"SMITH"},{"floor":29,"key":"REST"}],"neow_cost":"PERCENT_DAMAGE","seed_source_timestamp":602629360640429,"circlet_count":0,"master_deck":["Strike_B","Strike_B","Strike_B+1","Defend_B","Defend_B","Defend_B","Defend_B","Zap+1","Dualcast+1","AscendersBane","Streamline+1","Sunder+1","Sweeping Beam","Glacier+1","Hologram+1","Fission+1","Steam+1","Leap+1","Creative AI+1","Writhe","Ball Lightning","Consume+1","Glacier+1"],"special_seed":0,"relics":["Cracked Core","Pocketwatch","Nunchaku","Toxic Egg 2","Velvet Choker","Ornamental Fan","Singing Bowl","Regal Pillow","Pantograph"],"potions_floor_usage":[25,25,30],"damage_taken":[{"damage":7.0,"enemies":"Jaw Worm","floor":1.0,"turns":3.0},{"damage":0.0,"enemies":"2 Louse","floor":5.0,"turns":2.0},{"damage":15.0,"enemies":"Lagavulin","floor":7.0,"turns":6.0},{"damage":0.0,"enemies":"Cultist","floor":14.0,"turns":2.0},{"damage":0.0,"enemies":"The Guardian","floor":16.0,"turns":11.0},{"damage":6.0,"enemies":"2 Thieves","floor":18.0,"turns":2.0},{"damage":14.0,"enemies":"3 Byrds","floor":19.0,"turns":4.0},{"damage":0.0,"enemies":"Snecko","floor":20.0,"turns":3.0},{"damage":15.0,"enemies":"Centurion and Healer","floor":24.0,"turns":5.0},{"damage":10,"enemies":"Slavers","floor":25,"turns":4},{"damage":5,"enemies":"Snake Plant","floor":28,"turns":5},{"damage":50,"enemies":"Gremlin Leader","floor":30,"turns":6}],"seed_played":"-5123866984503602850","potions_obtained":[{"floor":5.0,"key":"SkillPotion"},{"floor":7.0,"key":"FearPotion"},{"floor":20.0,"key":"Poison Potion"},{"floor":24.0,"key":"FearPotion"},{"floor":25,"key":"Energy Potion"}],"is_trial":false,"path_per_floor":["M","$","?","?","M","R","E","R","T","R","?","$","R","M","R","B",null,"M","M","M","?","?","R","M","E","T","$","M","R"],"character_chosen":"DEFECT","items_purchased":["Sunder","Pantograph"],"campfire_rested":2,"item_purchase_floors":[2,27],"current_hp_per_floor":[39,39,32,11,11,32,17,17,17,17,40,40,40,40,40,40,63,57,43,43,43,43,43,28,18,18,18,13,49,0],"gold":67,"neow_bonus":"ONE_RARE_RELIC","is_prod":false,"is_daily":false,"chose_seed":false,"campfire_upgraded":5,"win_rate":0,"timestamp":1540510696,"path_taken":["M","$","?","?","M","R","E","R","T","R","?","$","R","?","R","BOSS","M","M","M","?","?","R","M","E","T","$","M","R","E"],"build_version":"2018-10-18","purchased_purges":0,"victory":false,"max_hp_per_floor":[71,71,71,71,71,71,71,71,71,71,71,71,71,71,71,71,71,71,71,71,71,71,71,71,71,71,71,71,71,71],"card_choices":[{"not_picked":["Coolheaded","White Noise"],"picked":"Streamline","floor":1.0},{"not_picked":["Go for the Eyes","Coolheaded"],"picked":"Sweeping Beam","floor":5.0},{"not_picked":["Steam","Undo"],"picked":"Glacier","floor":7.0},{"not_picked":["Gash","Darkness+1"],"picked":"Hologram+1","floor":14.0},{"not_picked":["Reboot+1","Biased Cognition"],"picked":"Fission+1","floor":16.0},{"not_picked":["Stack+1","Beam Cell"],"picked":"Steam+1","floor":18.0},{"not_picked":["Fusion+1","Steam+1"],"picked":"Leap+1","floor":19.0},{"not_picked":["Heatsinks","Static Discharge+1"],"picked":"Creative AI","floor":20.0},{"not_picked":["Cold Snap","Skim+1"],"picked":"Ball Lightning","floor":24.0},{"not_picked":["Heatsinks","Turbo+1"],"picked":"Consume+1","floor":25},{"not_picked":["Rebound","Cold Snap"],"picked":"Glacier+1","floor":28}],"player_experience":987005,"relics_obtained":[{"floor":7.0,"key":"Nunchaku"},{"floor":9.0,"key":"Toxic Egg 2"},{"floor":25,"key":"Singing Bowl"},{"floor":26,"key":"Regal Pillow"}],"event_choices":[{"cards_removed":["Strike_B"],"damage_healed":0.0,"max_hp_gain":0.0,"max_hp_loss":0.0,"gold_gain":0.0,"event_name":"Golden Wing","player_choice":"Card Removal","floor":3.0,"gold_loss":0.0,"damage_taken":7.0},{"damage_healed":0.0,"max_hp_gain":0.0,"max_hp_loss":0.0,"gold_gain":0.0,"event_name":"Shining Light","player_choice":"Entered Light","floor":4.0,"gold_loss":0.0,"damage_taken":21.0,"cards_upgraded":["Strike_B","Streamline"]},{"damage_healed":23.0,"max_hp_gain":0.0,"max_hp_loss":0.0,"gold_gain":0.0,"event_name":"Big Fish","player_choice":"Banana","floor":11.0,"gold_loss":0.0,"damage_taken":0.0},{"damage_healed":0.0,"max_hp_gain":0.0,"max_hp_loss":0.0,"gold_gain":0.0,"event_name":"The Mausoleum","player_choice":"Opened","floor":21.0,"gold_loss":0.0,"damage_taken":0.0,"relics_obtained":["Ornamental Fan"],"cards_obtained":["Writhe"]},{"damage_healed":0.0,"max_hp_gain":0.0,"max_hp_loss":0.0,"gold_gain":50.0,"event_name":"Nest","player_choice":"Stole From Cult","floor":22.0,"gold_loss":0.0,"damage_taken":0.0}],"is_beta":false,"boss_relics":[{"not_picked":["Ectoplasm","Philosopher\u0027s Stone"],"picked":"Velvet Choker"}],"items_purged_floors":[],"is_endless":false,"potions_floor_spawned":[5,7,20,24,25],"killed_by":"Gremlin Leader","ascension_level":20}