{"gold_per_floor":[109,23,34,34,34,65,65,83,110,110,110,110,121,154,154,233,233,243,0,10,10,10,10,10],"floor_reached":24,"playtime":712,"items_purged":[],"score":429,"play_id":"53457ce4-5c77-4690-b791-90ad9f5f9d59","local_time":"20181129124131","is_ascension_mode":true,"campfire_choices":[{"data":"Sunder","floor":7,"key":"SMITH"},{"data":"Defragment","floor":10,"key":"SMITH"},{"floor":12,"key":"REST"},{"data":"Zap","floor":15,"key":"SMITH"},{"data":"White Noise","floor":23,"key":"SMITH"}],"neow_cost":"NONE","seed_source_timestamp":344298638307838,"circlet_count":0,"master_deck":["AscendersBane","Defend_B","Defend_B","Defend_B","Defend_B","Zap+1","Dualcast+1","Coolheaded","Defragment+1","Sunder+1","FTL+1","White Noise+1","Coolheaded","Streamline","Meteor Strike","Genetic Algorithm","Glacier","Turbo","Bite","Bite","Bite","Bite","Bite"],"relics":["Cracked Core","Orichalcum","Sundial","Nuclear Battery","Happy Flower"],"potions_floor_usage":[6,16,18],"damage_taken":[{"damage":1,"enemies":"2 Louse","floor":1,"turns":2},{"damage":15,"enemies":"Small Slimes","floor":3,"turns":4},{"damage":27,"enemies":"3 Sentries","floor":6,"turns":6},{"damage":0,"enemies":"Cultist","floor":8,"turns":2},{"damage":1,"enemies":"2 Fungi Beasts","floor":13,"turns":3},{"damage":1,"enemies":"Gremlin Nob","floor":14,"turns":3},{"damage":3,"enemies":"Slime Boss","floor":16,"turns":8},{"damage":9,"enemies":"3 Byrds","floor":18,"turns":2},{"damage":33,"enemies":"Shell Parasite","floor":20,"turns":6},{"damage":48,"enemies":"Slavers","floor":24,"turns":3}],"seed_played":"-3043849704717199379","potions_obtained":[{"floor":3,"key":"GamblersBrew"},{"floor":14,"key":"Energy Potion"},{"floor":16,"key":"LiquidBronze"},{"floor":20,"key":"FairyPotion"}],"is_trial":false,"path_per_floor":["M","$","M","?","?","E","R","M","T","R","?","R","M","E","R","B",null,"M","$","M","?","?","R","E"],"character_chosen":"DEFECT","items_purchased":["Defragment","Glacier","Happy Flower"],"campfire_rested":1,"item_purchase_floors":[2,19,19],"current_hp_per_floor":[70,70,55,60,60,33,33,33,33,33,8,32,31,30,30,27,69,60,60,27,27,27,27,0],"gold":10,"neow_bonus":"TEN_PERCENT_HP_BONUS","is_prod":false,"is_daily":false,"chose_seed":false,"campfire_upgraded":4,"win_rate":0,"timestamp":1543513291,"path_taken":["M","$","M","?","?","E","R","M","T","R","?","R","M","E","R","BOSS","M","$","M","?","?","R","E"],"build_version":"2018-11-15","purchased_purges":0,"victory":false,"max_hp_per_floor":[78,78,78,83,83,83,83,83,83,83,83,83,83,83,83,83,83,83,83,83,58,58,58,58],"card_choices":[{"not_picked":["Turbo","Skim"],"picked":"Coolheaded","floor":1},{"not_picked":["Coolheaded","Force Field"],"picked":"Sunder","floor":3},{"not_picked":["Gash","Turbo"],"picked":"FTL","floor":6},{"not_picked":["Reprogram","Tempest"],"picked":"White Noise","floor":8},{"not_picked":["Reprogram","Redo"],"picked":"Coolheaded","floor":13},{"not_picked":["Chill","Steam Power"],"picked":"Streamline","floor":14},{"not_picked":["Biased Cognition","Seek"],"picked":"Meteor Strike","floor":16},{"not_picked":["Lockon","Gash"],"picked":"Genetic Algorithm","floor":18},{"not_picked":["Go for the Eyes","Streamline"],"picked":"Turbo","floor":20}],"player_experience":1195484,"relics_obtained":[{"floor":6,"key":"Orichalcum"},{"floor":14,"key":"Sundial"}],"event_choices":[{"damage_healed":0,"gold_gain":0,"player_choice":"Donut","damage_taken":0,"max_hp_gain":5,"max_hp_loss":0,"event_name":"Big Fish","floor":4,"gold_loss":0},{"damage_healed":0,"gold_gain":0,"player_choice":"Ignored","damage_taken":0,"max_hp_gain":0,"max_hp_loss":0,"event_name":"Liars Game","floor":5,"gold_loss":0},{"damage_healed":0,"gold_gain":0,"player_choice":"Entered Light","damage_taken":25,"max_hp_gain":0,"max_hp_loss":0,"event_name":"Shining Light","floor":11,"gold_loss":0,"cards_upgraded":["Dualcast","FTL"]},{"damage_healed":0,"gold_gain":0,"player_choice":"Became a vampire","damage_taken":0,"max_hp_gain":0,"max_hp_loss":25,"event_name":"Vampires","floor":21,"gold_loss":0,"cards_obtained":["Bite","Bite","Bite","Bite","Bite"]}],"is_beta":false,"boss_relics":[{"not_picked":["Cursed Key","Empty Cage"],"picked":"Nuclear Battery"}],"items_purged_floors":[],"is_endless":false,"potions_floor_spawned":[3,14,16,20],"killed_by":"Slavers","ascension_level":20}