{"gold_per_floor":[409,427,427,427,16,46,46,7,78,78,78,78,103,21,21,21],"floor_reached":16,"playtime":492,"items_purged":[],"score":182,"play_id":"95f42235-ddfc-4c16-9e6d-04ee4ba8cf07","local_time":"20181019142215","is_ascension_mode":true,"campfire_choices":[{"data":"True Grit","floor":7,"key":"SMITH"},{"data":"Bash","floor":10,"key":"SMITH"},{"data":"Feel No Pain","floor":12,"key":"SMITH"},{"data":"Headbutt","floor":15,"key":"SMITH"}],"neow_cost":"PERCENT_DAMAGE","seed_source_timestamp":65719283512886,"circlet_count":0,"master_deck":["Strike_R","Strike_R","Strike_R","Strike_R","Defend_R","Defend_R","Defend_R","Defend_R","Bash+1","AscendersBane","Infernal Blade+1","True Grit+1","Feel No Pain+1","Headbutt+1","Flame Barrier+1"],"special_seed":0,"relics":["Burning Blood","Old Coin","Bronze Scales","Dodecahedron","Singing Bowl","Frozen Egg 2","Toxic Egg 2","Bag of Marbles"],"potions_floor_usage":[6],"damage_taken":[{"damage":13.0,"enemies":"Small Slimes","floor":1.0,"turns":5.0},{"damage":3.0,"enemies":"Cultist","floor":2.0,"turns":2.0},{"damage":23,"enemies":"Gremlin Nob","floor":6,"turns":4},{"damage":17,"enemies":"3 Sentries","floor":13,"turns":9},{"damage":21,"enemies":"Hexaghost","floor":16,"turns":9}],"seed_played":"564355024124388289","potions_obtained":[{"floor":1.0,"key":"GamblersBrew"}],"is_trial":false,"path_per_floor":["M","M","?","?","$","E","R","$","T","R","?","R","E","$","R"],"character_chosen":"IRONCLAD","items_purchased":["Bronze Scales","Dodecahedron","Feel No Pain","Flame Barrier+1"],"campfire_rested":0,"item_purchase_floors":[5,5,8,14],"current_hp_per_floor":[43,46,46,46,46,29,29,29,29,29,29,29,18,18,18,0],"gold":21,"neow_bonus":"ONE_RARE_RELIC","is_prod":false,"is_daily":false,"chose_seed":false,"campfire_upgraded":4,"win_rate":0,"timestamp":1539973335,"path_taken":["M","M","?","?","$","E","R","$","T","R","?","R","E","$","R","BOSS"],"build_version":"2018-10-18","purchased_purges":0,"victory":false,"max_hp_per_floor":[75,75,75,75,75,75,75,75,75,75,75,75,75,75,75,75],"card_choices":[{"not_picked":["Havoc","Sever Soul"],"picked":"Infernal Blade","floor":1.0},{"not_picked":["Wild Strike","Headbutt"],"picked":"True Grit","floor":2.0},{"not_picked":["Warcry","Anger"],"picked":"Wild Strike","floor":6},{"not_picked":["Seeing Red+1","Twin Strike"],"picked":"Headbutt","floor":13}],"player_experience":930369,"relics_obtained":[{"floor":6,"key":"Singing Bowl"},{"floor":9,"key":"Frozen Egg 2"},{"floor":13,"key":"Bag of Marbles"}],"event_choices":[{"cards_removed":["Strike_R"],"damage_healed":0.0,"max_hp_gain":0.0,"max_hp_loss":0.0,"gold_gain":0.0,"event_name":"Purifier","player_choice":"Purged","floor":3.0,"gold_loss":0.0,"damage_taken":0.0},{"damage_healed":0.0,"max_hp_gain":0.0,"max_hp_loss":0.0,"gold_gain":0.0,"event_name":"Living Wall","player_choice":"Grow","floor":4.0,"gold_loss":0.0,"damage_taken":0.0,"cards_upgraded":["Infernal Blade"]},{"cards_removed":["Wild Strike"],"damage_healed":0,"gold_gain":0,"player_choice":"Gave Card","damage_taken":0,"relics_obtained":["Toxic Egg 2"],"max_hp_gain":0,"max_hp_loss":0,"event_name":"WeMeetAgain","floor":11,"gold_loss":0}],"is_beta":false,"boss_relics":[],"items_purged_floors":[],"is_endless":false,"potions_floor_spawned":[1],"killed_by":"Hexaghost","ascension_level":15}