{"gold_per_floor":[17,17,37,105,230,259,259,309,309,359,374,374,11,23,23,126,126,139,157,174,257,307,307],"floor_reached":23,"playtime":2469,"items_purged":["Strike_G"],"score":312,"play_id":"5fa4c82c-011a-4c0d-882e-d571d0447ca3","local_time":"20190607094024","is_ascension_mode":true,"campfire_choices":[{"floor":7.0,"key":"REST"},{"floor":12.0,"key":"REST"},{"data":"Apotheosis","floor":15.0,"key":"SMITH"}],"neow_cost":"NO_GOLD","seed_source_timestamp":0,"circlet_count":0,"master_deck":["AscendersBane","Defend_G","Defend_G","Defend_G","Defend_G","Defend_G","Strike_G","Strike_G","Strike_G","Strike_G","Survivor","Neutralize+1","Flying Knee","Dagger Spray","Cloak And Dagger","Dodge and Roll","Backflip","Riddle With Holes","Apotheosis+1","Well Laid Plans","Malaise","PiercingWail","Ghostly","Ghostly","Ghostly","Ghostly","Ghostly"],"special_seed":0,"relics":["Ring of the Snake","Ginger","SsserpentHead","Calipers","Du-Vu Doll","Dream Catcher","Membership Card","Potion Belt","Fusion Hammer","Red Mask"],"potions_floor_usage":[21,23],"damage_taken":[{"damage":2.0,"enemies":"Small Slimes","floor":1.0,"turns":5.0},{"damage":1.0,"enemies":"Cultist","floor":3.0,"turns":4.0},{"damage":1.0,"enemies":"2 Louse","floor":4.0,"turns":3.0},{"damage":43.0,"enemies":"Gremlin Nob","floor":6.0,"turns":7.0},{"damage":0.0,"enemies":"Looter","floor":11.0,"turns":3.0},{"damage":7.0,"enemies":"3 Louse","floor":14.0,"turns":3.0},{"damage":2.0,"enemies":"Hexaghost","floor":16.0,"turns":8.0},{"damage":14,"enemies":"2 Thieves","floor":18,"turns":5},{"damage":8,"enemies":"Spheric Guardian","floor":19,"turns":4},{"damage":0,"enemies":"Shelled Parasite and Fungi","floor":20,"turns":5},{"damage":27,"enemies":"Masked Bandits","floor":21,"turns":5},{"damage":12,"enemies":"Gremlin Leader","floor":23,"turns":5}],"seed_played":"5360351039402544498","potions_obtained":[{"floor":3.0,"key":"EssenceOfSteel"},{"floor":6.0,"key":"Swift Potion"},{"floor":11.0,"key":"Strength Potion"},{"floor":20,"key":"LiquidBronze"},{"floor":21,"key":"AttackPotion"}],"is_trial":false,"path_per_floor":["M","?","M","M","?","E","R","?","T","?","M","R","$","M","R","B",null,"M","M","M","?","?","E"],"character_chosen":"THE_SILENT","items_purchased":["Membership Card","Apotheosis","Potion Belt"],"campfire_rested":2,"item_purchase_floors":[13,13,13],"current_hp_per_floor":[61,61,60,59,48,5,26,26,26,23,23,44,44,37,37,35,61,47,39,39,12,12,0],"gold":307,"neow_bonus":"ONE_RARE_RELIC","is_prod":false,"is_daily":false,"chose_seed":false,"campfire_upgraded":1,"win_rate":0,"timestamp":1559914824,"path_taken":["M","?","M","?","?","E","R","?","T","?","M","R","?","M","R","BOSS","M","M","M","?","?","E"],"build_version":"2019-01-23","purchased_purges":1,"victory":false,"max_hp_per_floor":[70,70,70,70,70,70,70,70,70,70,70,70,70,70,70,70,70,70,70,70,70,35,35],"card_choices":[{"not_picked":["Blade Dance","Poisoned Stab"],"picked":"Flying Knee","floor":1.0},{"not_picked":["Skewer","Prepared"],"picked":"Dagger Spray","floor":3.0},{"not_picked":["Blade Dance","Poisoned Stab"],"picked":"Cloak And Dagger","floor":4.0},{"not_picked":["Burst","PiercingWail"],"picked":"Dodge and Roll","floor":6.0},{"not_picked":["Dagger Spray","Blade Dance"],"picked":"Backflip","floor":11.0},{"not_picked":["Sucker Punch","Deadly Poison"],"picked":"Riddle With Holes","floor":12.0},{"not_picked":["Quick Slash","Bouncing Flask"],"picked":"Well Laid Plans","floor":14.0},{"not_picked":["Envenom","Bullet Time"],"picked":"Malaise","floor":16.0},{"not_picked":["Noxious Fumes","Underhanded Strike","Crippling Poison+1"],"picked":"SKIP","floor":18},{"not_picked":["Finisher+1","Masterful Stab","Slice+1"],"picked":"SKIP","floor":19},{"not_picked":["Bane+1","Dagger Throw"],"picked":"PiercingWail","floor":20}],"player_experience":386587,"relics_obtained":[{"floor":6.0,"key":"Calipers"},{"floor":9.0,"key":"Du-Vu Doll"},{"floor":21,"key":"Red Mask"}],"event_choices":[{"damage_healed":0.0,"max_hp_gain":0.0,"max_hp_loss":0.0,"gold_gain":0.0,"event_name":"FaceTrader","player_choice":"Trade","floor":2.0,"gold_loss":0.0,"damage_taken":0.0,"relics_obtained":["SsserpentHead"]},{"damage_healed":0.0,"max_hp_gain":0.0,"max_hp_loss":0.0,"gold_gain":75.0,"event_name":"World of Goop","player_choice":"Gather Gold","floor":5.0,"gold_loss":0.0,"damage_taken":11.0},{"damage_healed":0.0,"max_hp_gain":0.0,"max_hp_loss":0.0,"gold_gain":0.0,"event_name":"Living Wall","player_choice":"Grow","floor":8.0,"gold_loss":0.0,"damage_taken":0.0,"cards_upgraded":["Neutralize"]},{"damage_healed":0.0,"max_hp_gain":0.0,"max_hp_loss":0.0,"gold_gain":0.0,"event_name":"Scrap Ooze","player_choice":"Success","floor":10.0,"gold_loss":0.0,"damage_taken":3.0,"relics_obtained":["Dream Catcher"]},{"damage_healed":0,"gold_gain":0,"player_choice":"Fought Bandits","damage_taken":0,"max_hp_gain":0,"max_hp_loss":0,"event_name":"Masked Bandits","floor":21,"gold_loss":0},{"damage_healed":0,"gold_gain":0,"player_choice":"Became a Ghost","damage_taken":0,"max_hp_gain":0,"max_hp_loss":35,"event_name":"Ghosts","floor":22,"gold_loss":0,"cards_obtained":["Ghostly","Ghostly","Ghostly","Ghostly","Ghostly"]}],"is_beta":false,"boss_relics":[{"not_picked":["Runic Pyramid","Ring of the Serpent"],"picked":"Fusion Hammer"}],"items_purged_floors":[13],"is_endless":false,"potions_floor_spawned":[3,6,11,20,21],"killed_by":"Gremlin Leader","ascension_level":10}