{"gold_per_floor":[110,126,146,146,29,29,56,56,56,91,141,121],"floor_reached":12,"playtime":363,"items_purged":["Strike_G"],"score":172,"play_id":"9a72201d-23ad-4b90-a20c-7c8dead4b3de","local_time":"20181127125621","is_ascension_mode":true,"campfire_choices":[{"data":"Neutralize","floor":6,"key":"SMITH"},{"floor":8,"key":"REST"}],"neow_cost":"NONE","seed_source_timestamp":172723009329659,"circlet_count":0,"master_deck":["AscendersBane","Defend_G","Defend_G","Defend_G","Defend_G","Defend_G","Strike_G","Strike_G","Strike_G","Strike_G","Survivor","Neutralize+1","Dagger Spray+1","Deadly Poison","Sucker Punch+1","Heel Hook","Predator","Escape Plan"],"relics":["Ring of the Snake","Ice Cream","Vajra"],"potions_floor_usage":[7],"damage_taken":[{"damage":4,"enemies":"Jaw Worm","floor":1,"turns":8},{"damage":4,"enemies":"2 Louse","floor":2,"turns":2},{"damage":1,"enemies":"Cultist","floor":3,"turns":4},{"damage":14,"enemies":"Lagavulin","floor":7,"turns":6},{"damage":39,"enemies":"Gremlin Nob","floor":10,"turns":5},{"damage":7,"enemies":"Exordium Thugs","floor":12,"turns":1}],"seed_played":"-5014961079430801378","potions_obtained":[{"floor":1,"key":"SpeedPotion"},{"floor":10,"key":"FearPotion"}],"is_trial":false,"path_per_floor":["M","M","M","?","$","R","E","R","T","E","?","M"],"character_chosen":"THE_SILENT","items_purchased":["Heel Hook"],"campfire_rested":1,"item_purchase_floors":[5],"current_hp_per_floor":[61,57,56,34,34,34,20,41,41,2,2,0],"gold":121,"neow_bonus":"TEN_PERCENT_HP_BONUS","is_prod":false,"is_daily":false,"chose_seed":false,"campfire_upgraded":1,"win_rate":0,"timestamp":1543341381,"path_taken":["M","M","M","?","$","R","E","R","T","E","?","M"],"build_version":"2018-11-15","purchased_purges":1,"victory":false,"max_hp_per_floor":[72,72,72,72,72,72,72,72,72,72,72,72],"card_choices":[{"not_picked":["Accuracy","Poisoned Stab"],"picked":"Dagger Spray","floor":1},{"not_picked":["Bane","Outmaneuver"],"picked":"Deadly Poison","floor":2},{"not_picked":["Expertise","Bane"],"picked":"Sucker Punch","floor":3},{"not_picked":["Catalyst","Unload"],"picked":"Predator","floor":7},{"not_picked":["Blade Dance","Dodge and Roll"],"picked":"Escape Plan","floor":10}],"player_experience":1167272,"relics_obtained":[{"floor":7,"key":"Ice Cream"},{"floor":10,"key":"Vajra"}],"event_choices":[{"damage_healed":0,"gold_gain":0,"player_choice":"Entered Light","damage_taken":22,"max_hp_gain":0,"max_hp_loss":0,"event_name":"Shining Light","floor":4,"gold_loss":0,"cards_upgraded":["Dagger Spray","Sucker Punch"]},{"damage_healed":0,"gold_gain":50,"player_choice":"Pray","damage_taken":0,"max_hp_gain":0,"max_hp_loss":0,"event_name":"Golden Shrine","floor":11,"gold_loss":0}],"is_beta":false,"boss_relics":[],"items_purged_floors":[5],"is_endless":false,"potions_floor_spawned":[1,10],"killed_by":"Exordium Thugs","ascension_level":20}