{"gold_per_floor":[119,4,19,19,19,19,46,56,56,128,142,142,159,193,193,270,270,286,68,100,117,42,75,94,94,144,144,144,155,187,197,197,275,275,289,25,247,51,66,66,66],"floor_reached":41,"playtime":1537,"items_purged":["Strike_R"],"score":928,"play_id":"7d0fe823-427c-424d-983e-fcd3a252c60a","local_time":"20181030182310","is_ascension_mode":true,"campfire_choices":[{"data":"Bash","floor":6,"key":"SMITH"},{"data":"Perfected Strike","floor":12,"key":"SMITH"},{"data":"Pommel Strike","floor":15,"key":"SMITH"},{"data":"Uppercut","floor":25,"key":"SMITH"},{"data":"Pommel Strike","floor":27,"key":"SMITH"},{"data":"Barricade","floor":32,"key":"SMITH"},{"data":"True Grit","floor":40,"key":"SMITH"}],"neow_cost":"NONE","seed_source_timestamp":1029641344408863,"circlet_count":0,"master_deck":["Strike_R+1","Strike_R+1","Strike_R+1","Defend_R+1","Defend_R+1","Defend_R+1","Defend_R+1","Bash+1","AscendersBane","Pommel Strike+1","Battle Trance","Pommel Strike+1","Pommel Strike","Perfected Strike+1","Offering","Immolate","Dropkick+1","Shockwave+1","Dropkick","Uppercut+1","Evolve","Barricade+1","Iron Wave+1","Limit Break","Entrench+1","Sword Boomerang+1","True Grit+1"],"relics":["Burning Blood","NeowsBlessing","Singing Bowl","Shuriken","Question Card","Du-Vu Doll","Coffee Dripper","Tiny Chest","Red Mask","Happy Flower","War Paint","Regal Pillow","Molten Egg 2","Art of War"],"potions_floor_usage":[13,14,21,23,30,35],"damage_taken":[{"damage":0,"enemies":"Small Slimes","floor":1,"turns":1},{"damage":0,"enemies":"Jaw Worm","floor":3,"turns":1},{"damage":0,"enemies":"Gremlin Nob","floor":7,"turns":1},{"damage":1,"enemies":"Cultist","floor":8,"turns":3},{"damage":4,"enemies":"Large Slime","floor":11,"turns":5},{"damage":0,"enemies":"Blue Slaver","floor":13,"turns":1},{"damage":15,"enemies":"3 Sentries","floor":14,"turns":8},{"damage":49,"enemies":"Slime Boss","floor":16,"turns":9},{"damage":6,"enemies":"Chosen","floor":18,"turns":2},{"damage":0,"enemies":"Masked Bandits","floor":20,"turns":2},{"damage":3,"enemies":"2 Thieves","floor":21,"turns":2},{"damage":6,"enemies":"Gremlin Leader","floor":23,"turns":4},{"damage":13,"enemies":"Snecko","floor":24,"turns":3},{"damage":17,"enemies":"Sentry and Sphere","floor":29,"turns":3},{"damage":12,"enemies":"Slavers","floor":30,"turns":3},{"damage":6,"enemies":"Centurion and Healer","floor":31,"turns":2},{"damage":47,"enemies":"Collector","floor":33,"turns":8},{"damage":7,"enemies":"3 Shapes","floor":35,"turns":16},{"damage":16,"enemies":"3 Darklings","floor":39,"turns":3},{"damage":55,"enemies":"Nemesis","floor":41,"turns":4}],"seed_played":"4427740809865157589","potions_obtained":[{"floor":1,"key":"Fire Potion"},{"floor":8,"key":"Block Potion"},{"floor":16,"key":"Fire Potion"},{"floor":18,"key":"Block Potion"},{"floor":23,"key":"Strength Potion"},{"floor":29,"key":"Energy Potion"},{"floor":33,"key":"Explosive Potion"}],"is_trial":false,"path_per_floor":["M","$","M","?","?","R","E","M","T","T","M","R","M","E","R","B",null,"M","$","?","M","?","E","M","R","T","R","?","M","E","M","R","B",null,"M","$","?","$","M","R"],"character_chosen":"IRONCLAD","items_purchased":["Battle Trance","Tiny Chest","Shockwave","Molten Egg 2","Art of War","Sword Boomerang+1"],"campfire_rested":0,"item_purchase_floors":[2,19,19,36,38,38],"current_hp_per_floor":[74,74,75,75,75,75,75,77,77,77,77,77,79,70,70,27,66,66,66,72,77,77,79,72,72,72,72,72,61,55,55,55,14,66,65,65,65,65,55,55,0],"gold":66,"neow_bonus":"THREE_ENEMY_KILL","is_prod":false,"is_daily":false,"chose_seed":false,"campfire_upgraded":7,"win_rate":0,"timestamp":1540938190,"path_taken":["M","$","M","?","?","R","E","M","T","?","M","R","M","E","R","BOSS","M","$","?","M","?","E","M","R","T","R","?","?","E","M","R","BOSS","M","$","?","$","M","R","E"],"build_version":"2018-10-25v2","purchased_purges":1,"victory":false,"max_hp_per_floor":[75,75,75,75,75,75,75,77,77,77,77,77,79,79,79,79,79,79,79,79,81,81,83,83,83,83,83,83,83,83,83,83,83,83,83,83,83,83,83,83,83],"card_choices":[{"not_picked":["Metallicize","Burning Pact"],"picked":"Pommel Strike","floor":1},{"not_picked":["Body Slam","Ghostly Armor"],"picked":"Pommel Strike","floor":3},{"not_picked":["Iron Wave","Pummel"],"picked":"Pommel Strike","floor":7},{"not_picked":["Havoc","Hemokinesis","Twin Strike"],"picked":"Singing Bowl","floor":8},{"not_picked":["Havoc","Pommel Strike","Hemokinesis"],"picked":"Perfected Strike","floor":11},{"not_picked":["Twin Strike","Searing Blow","Second Wind","Sword Boomerang"],"picked":"Singing Bowl","floor":13},{"not_picked":["Seeing Red","Twin Strike","Body Slam"],"picked":"Offering","floor":14},{"not_picked":["Brutality","Double Tap","Exhume"],"picked":"Immolate","floor":16},{"not_picked":["Sever Soul","Entrench","True Grit"],"picked":"Dropkick+1","floor":18},{"not_picked":["Anger","True Grit","Cleave"],"picked":"Dropkick","floor":20},{"not_picked":["Clash","Fire Breathing","Blood for Blood","Pommel Strike"],"picked":"Singing Bowl","floor":21},{"not_picked":["Berserk","Twin Strike","Anger","Infernal Blade"],"picked":"Singing Bowl","floor":23},{"not_picked":["Perfected Strike","Warcry+1","Hemokinesis"],"picked":"Uppercut","floor":24},{"not_picked":["Clothesline","Rampage","Sword Boomerang"],"picked":"Evolve","floor":29},{"not_picked":["Heavy Blade","Uppercut","Cleave"],"picked":"Barricade","floor":30},{"not_picked":["Body Slam","Sentinel+1","Battle Trance+1"],"picked":"Iron Wave+1","floor":31},{"not_picked":["Fiend Fire","Offering","Berserk"],"picked":"Limit Break","floor":33},{"not_picked":["Feel No Pain","Body Slam","Warcry+1"],"picked":"Entrench+1","floor":35},{"not_picked":["Spot Weakness","Clothesline+1","Bloodletting+1"],"picked":"True Grit","floor":39}],"player_experience":1016190,"relics_obtained":[{"floor":7,"key":"Singing Bowl"},{"floor":9,"key":"Shuriken"},{"floor":10,"key":"Question Card"},{"floor":14,"key":"Du-Vu Doll"},{"floor":20,"key":"Red Mask"},{"floor":23,"key":"Happy Flower"},{"floor":26,"key":"War Paint"},{"floor":30,"key":"Regal Pillow"}],"event_choices":[{"damage_healed":0,"gold_gain":0,"player_choice":"Leave","damage_taken":0,"max_hp_gain":0,"max_hp_loss":0,"event_name":"The Cleric","floor":4,"gold_loss":0},{"damage_healed":0,"gold_gain":0,"player_choice":"0 cards matched","damage_taken":0,"max_hp_gain":0,"max_hp_loss":0,"event_name":"Match and Keep!","floor":5,"gold_loss":0,"cards_obtained":[]},{"damage_healed":0,"gold_gain":0,"player_choice":"Fought Bandits","damage_taken":0,"max_hp_gain":0,"max_hp_loss":0,"event_name":"Masked Bandits","floor":20,"gold_loss":0},{"cards_removed":["Strike_R"],"damage_healed":0,"gold_gain":0,"player_choice":"Gave Gold","damage_taken":0,"max_hp_gain":0,"max_hp_loss":0,"event_name":"Beggar","floor":22,"gold_loss":75},{"damage_healed":0,"gold_gain":0,"player_choice":"Simplicity","damage_taken":0,"max_hp_gain":0,"max_hp_loss":0,"event_name":"Back to Basics","floor":28,"gold_loss":0,"cards_upgraded":["Strike_R","Strike_R","Strike_R","Defend_R","Defend_R","Defend_R"]},{"damage_healed":0,"gold_gain":222,"player_choice":"Wore Mask","damage_taken":0,"max_hp_gain":0,"max_hp_loss":0,"event_name":"Tomb of Lord Red Mask","floor":37,"gold_loss":0}],"is_beta":false,"boss_relics":[{"not_picked":["Runic Pyramid","White Beast Statue"],"picked":"Coffee Dripper"},{"not_picked":["Pandora\u0027s Box","Velvet Choker","Philosopher\u0027s Stone"]}],"items_purged_floors":[2],"is_endless":false,"potions_floor_spawned":[1,8,11,16,18,23,29,33],"killed_by":"Nemesis","ascension_level":20}