{"gold_per_floor":[214,27,42,61,61,61,92,122,122,136,136,171,196,237,249,366,378,405,11,28,28,40,40,70,80,107,125,125,145,145,164,164,269,269,283,283,303,40,40,40,55,73,97,50,50],"floor_reached":45,"playtime":2735,"items_purged":[],"score":505,"play_id":"7e27f426-2481-4e98-a524-5e0466461c77","local_time":"20190709160934","is_ascension_mode":true,"campfire_choices":[{"data":"Bash","floor":6,"key":"SMITH"},{"data":"Fire Breathing","floor":15,"key":"SMITH"},{"floor":23,"key":"REST"},{"floor":32,"key":"REST"},{"floor":40,"key":"RECALL"}],"neow_cost":"NONE","seed_source_timestamp":300034480049103,"circlet_count":0,"master_deck":["Strike_R+1","Strike_R+1","Strike_R+1","Strike_R+1","Strike_R+1","Defend_R+1","Defend_R+1","Defend_R+1","Defend_R+1","Bash+1","Pommel Strike","Rampage","Heavy Blade","Flex","Cleave","Fire Breathing+1","Anger+1","Impervious","Body Slam+1","Body Slam+1","Immolate+1","Armaments+1","Anger+1","Heavy Blade+1","Whirlwind+1","Decay","Shrug It Off+1","Combust","Bludgeon+1","Twin Strike+1","Bandage Up+1","Shrug It Off+1","Madness+1","Madness+1","Shrug It Off+1","Impervious+1","Iron Wave+1"],"relics":["Burning Blood","Lantern","Bottled Lightning","Odd Mushroom","Molten Egg 2","MawBank","Toxic Egg 2","Philosopher\u0027s Stone","Mummified Hand","Red Skull","Juzu Bracelet","Ancient Tea Set","Eternal Feather","Kunai","Oddly Smooth Stone"],"potions_floor_usage":[7,8,12,16,18,22,31,33,35,37],"damage_taken":[{"damage":7,"enemies":"Small Slimes","floor":1,"turns":4},{"damage":2,"enemies":"2 Louse","floor":3,"turns":3},{"damage":1,"enemies":"Cultist","floor":4,"turns":3},{"damage":23,"enemies":"3 Sentries","floor":7,"turns":8},{"damage":18,"enemies":"The Mushroom Lair","floor":8,"turns":4},{"damage":5,"enemies":"Looter","floor":10,"turns":3},{"damage":14,"enemies":"Lagavulin","floor":12,"turns":6},{"damage":13,"enemies":"Red Slaver","floor":13,"turns":2},{"damage":12,"enemies":"3 Sentries","floor":14,"turns":6},{"damage":33,"enemies":"Hexaghost","floor":16,"turns":9},{"damage":17,"enemies":"Shell Parasite","floor":18,"turns":5},{"damage":0,"enemies":"Chosen","floor":20,"turns":3},{"damage":21,"enemies":"Centurion and Healer","floor":22,"turns":4},{"damage":51,"enemies":"Book of Stabbing","floor":24,"turns":5},{"damage":0,"enemies":"Sentry and Sphere","floor":25,"turns":1},{"damage":0,"enemies":"Chosen and Byrds","floor":27,"turns":4},{"damage":7,"enemies":"Cultist and Chosen","floor":29,"turns":3},{"damage":0,"enemies":"3 Cultists","floor":31,"turns":2},{"damage":44,"enemies":"Champ","floor":33,"turns":9},{"damage":18,"enemies":"Orb Walker","floor":35,"turns":2},{"damage":32,"enemies":"3 Darklings","floor":37,"turns":4},{"damage":37,"enemies":"Maw","floor":41,"turns":8},{"damage":12,"enemies":"Sphere and 2 Shapes","floor":42,"turns":1},{"damage":25,"enemies":"Writhing Mass","floor":45,"turns":5}],"seed_played":"-2035537851605294237","potions_obtained":[{"floor":3,"key":"PowerPotion"},{"floor":7,"key":"Poison Potion"},{"floor":8,"key":"Weak Potion"},{"floor":12,"key":"SpeedPotion"},{"floor":16,"key":"SteroidPotion"},{"floor":20,"key":"AttackPotion"},{"floor":27,"key":"AttackPotion"},{"floor":31,"key":"Explosive Potion"},{"floor":33,"key":"GamblersBrew"},{"floor":35,"key":"Weak Potion"}],"is_trial":false,"path_per_floor":["M","$","M","M","?","R","E","?","T","M","?","E","M","E","R","B",null,"M","$","M","T","M","R","E","M","T","M","?","M","?","M","R","B",null,"M","?","M","$","?","R","M","M","T","$","M"],"character_chosen":"IRONCLAD","items_purchased":["Rampage","Lantern","Mummified Hand","Red Skull","Kunai","Shrug It Off+1","Iron Wave+1"],"campfire_rested":2,"item_purchase_floors":[2,2,19,19,38,38,44],"current_hp_per_floor":[79,79,80,80,64,64,47,35,35,36,80,72,65,59,59,32,80,69,69,75,75,60,80,35,41,41,47,47,46,46,52,76,38,80,68,68,42,42,32,50,25,25,25,25,0],"gold":50,"neow_bonus":"HUNDRED_GOLD","is_prod":false,"is_daily":false,"chose_seed":false,"campfire_upgraded":2,"win_rate":0,"timestamp":1562713774,"path_taken":["M","$","M","M","?","R","E","?","T","M","?","E","M","E","R","BOSS","M","$","M","?","M","R","E","M","T","M","?","M","?","M","R","BOSS","M","?","M","$","?","R","M","M","T","$","M"],"build_version":"2019-07-05","purchased_purges":0,"victory":false,"max_hp_per_floor":[80,80,80,80,80,80,80,80,80,80,80,80,80,80,80,80,80,80,80,80,80,80,80,80,80,80,80,80,80,80,80,80,80,80,80,80,80,80,80,80,80,80,80,80,80],"card_choices":[{"not_picked":["Havoc","Perfected Strike"],"picked":"Pommel Strike","floor":1},{"not_picked":["Warcry","Havoc"],"picked":"Heavy Blade","floor":3},{"not_picked":["True Grit","Berserk"],"picked":"Flex","floor":4},{"not_picked":["Burning Pact","Seeing Red"],"picked":"Cleave","floor":7},{"not_picked":["Rampage","Bloodletting"],"picked":"Fire Breathing","floor":8},{"not_picked":["Flex","Bloodletting"],"picked":"Anger+1","floor":10},{"not_picked":["Anger+1","Twin Strike+1"],"picked":"Impervious","floor":12},{"not_picked":["Hemokinesis+1","Reckless Charge+1"],"picked":"Body Slam+1","floor":13},{"not_picked":["Feel No Pain","Intimidate"],"picked":"Body Slam+1","floor":14},{"not_picked":["Dark Embrace","Offering+1"],"picked":"Immolate+1","floor":16},{"not_picked":["Flex+1","Blood for Blood+1"],"picked":"Armaments+1","floor":18},{"not_picked":["Second Wind+1","Uppercut+1"],"picked":"Anger+1","floor":20},{"not_picked":["Disarm+1","Havoc+1"],"picked":"Heavy Blade+1","floor":22},{"not_picked":["Seeing Red+1","Clash+1"],"picked":"Whirlwind+1","floor":24},{"not_picked":["Body Slam+1","Entrench+1","Immolate+1"],"picked":"SKIP","floor":25},{"not_picked":["Dropkick+1","Sever Soul+1","Pummel+1"],"picked":"SKIP","floor":27},{"not_picked":["Clash+1","Wild Strike+1"],"picked":"Shrug It Off+1","floor":29},{"not_picked":["Clothesline+1","Wild Strike+1"],"picked":"Combust","floor":31},{"not_picked":["Exhume+1","Brutality"],"picked":"Bludgeon+1","floor":33},{"not_picked":["Havoc+1","Clash+1"],"picked":"Twin Strike+1","floor":35},{"not_picked":["Impatience+1","Chrysalis+1"],"picked":"Bandage Up+1","floor":36},{"not_picked":["Clothesline+1","Heavy Blade+1","Anger+1"],"picked":"SKIP","floor":37},{"not_picked":["Body Slam+1","Clothesline+1"],"picked":"Shrug It Off+1","floor":41},{"not_picked":["Headbutt+1","Warcry+1"],"picked":"Impervious+1","floor":42}],"player_experience":242397,"relics_obtained":[{"floor":7,"key":"Bottled Lightning"},{"floor":8,"key":"Odd Mushroom"},{"floor":9,"key":"Molten Egg 2"},{"floor":12,"key":"MawBank"},{"floor":14,"key":"Toxic Egg 2"},{"floor":24,"key":"Juzu Bracelet"},{"floor":26,"key":"Ancient Tea Set"},{"floor":43,"key":"Oddly Smooth Stone"}],"event_choices":[{"damage_healed":0,"gold_gain":0,"player_choice":"Entered Light","damage_taken":16,"max_hp_gain":0,"max_hp_loss":0,"event_name":"Shining Light","floor":5,"gold_loss":0,"cards_upgraded":["Defend_R","Defend_R"]},{"damage_healed":0,"gold_gain":0,"player_choice":"Fought Mushrooms","damage_taken":0,"max_hp_gain":0,"max_hp_loss":0,"event_name":"Mushrooms","floor":8,"gold_loss":0},{"damage_healed":44,"gold_gain":0,"player_choice":"Full Heal","damage_taken":0,"max_hp_gain":0,"max_hp_loss":0,"event_name":"Wheel of Change","floor":11,"gold_loss":0},{"damage_healed":0,"gold_gain":0,"player_choice":"Cursed","damage_taken":0,"max_hp_gain":0,"max_hp_loss":0,"event_name":"Wheel of Change","floor":28,"gold_loss":0,"cards_obtained":["Decay"]},{"damage_healed":0,"gold_gain":0,"player_choice":"Simplicity","damage_taken":0,"max_hp_gain":0,"max_hp_loss":0,"event_name":"Back to Basics","floor":30,"gold_loss":0,"cards_upgraded":["Strike_R","Strike_R","Strike_R","Strike_R","Strike_R","Defend_R","Defend_R"]},{"damage_healed":0,"gold_gain":0,"player_choice":"Memory 1","damage_taken":0,"max_hp_gain":0,"max_hp_loss":0,"event_name":"SensoryStone","floor":36,"gold_loss":0},{"damage_healed":0,"gold_gain":0,"player_choice":"Embrace Madness","damage_taken":10,"max_hp_gain":0,"max_hp_loss":0,"event_name":"Winding Halls","floor":39,"gold_loss":0,"cards_obtained":["Madness","Madness"]}],"is_beta":false,"boss_relics":[{"not_picked":["White Beast Statue","Fusion Hammer"],"picked":"Philosopher\u0027s Stone"},{"not_picked":["Runic Cube","Pandora\u0027s Box"],"picked":"Eternal Feather"}],"items_purged_floors":[],"is_endless":false,"potions_floor_spawned":[3,7,8,12,16,20,27,31,33,35],"killed_by":"Writhing Mass","ascension_level":1}