{"gold_per_floor":[369,294,294,310,364,364,389,389,389,407,421,437,437,75,75,149,149,164,164,164,180,199,199,210,210,210,210,224,224,124,140,140,217,217,237,237,30,30,46,46,78,78,123,152,152,1,26,42,42,42],"floor_reached":51,"playtime":2196,"items_purged":["Pain","Strike_R"],"score":1333,"play_id":"9b17d329-6625-42f7-bfbc-e2533a498c73","local_time":"20181021204928","is_ascension_mode":true,"campfire_choices":[{"data":"Pommel Strike","floor":6,"key":"SMITH"},{"data":"Bash","floor":13,"key":"SMITH"},{"data":"Barricade","floor":15,"key":"SMITH"},{"data":"Fiend Fire","floor":23,"key":"SMITH"},{"data":"True Grit","floor":25,"key":"SMITH"},{"data":"Impervious","floor":27,"key":"SMITH"},{"data":"Metallicize","floor":29,"key":"SMITH"},{"data":"Clothesline","floor":32,"key":"SMITH"},{"floor":40,"key":"REST"},{"floor":42,"key":"REST"},{"floor":49,"key":"REST"}],"neow_cost":"CURSE","seed_source_timestamp":260095731031137,"circlet_count":0,"master_deck":["Strike_R","Strike_R","Strike_R","Defend_R","Defend_R","Defend_R","Defend_R","Bash+1","AscendersBane","Metallicize+1","Pommel Strike+1","Perfected Strike","Barricade+1","Clothesline+1","Dropkick","Impervious+1","Fiend Fire+1","True Grit+1","Shrug It Off","Necronomicurse","Headbutt","Entrench","Shrug It Off","Entrench","Body Slam+1","Demon Form","Burning Pact+1","Pummel","Whirlwind","Blood for Blood"],"relics":["Burning Blood","Regal Pillow","Blood Vial","WarpedTongs","Pear","Bag of Marbles","Snecko Eye","Necronomicon","Letter Opener","Fusion Hammer","Membership Card","Gremlin Horn","Lantern","PreservedInsect","Mercury Hourglass","Pocketwatch","FossilizedHelix"],"potions_floor_usage":[12,16,16,33,41,50,50],"damage_taken":[{"damage":19,"enemies":"Jaw Worm","floor":1,"turns":5},{"damage":6,"enemies":"2 Louse","floor":4,"turns":3},{"damage":52,"enemies":"Lagavulin","floor":7,"turns":9},{"damage":2,"enemies":"Cultist","floor":10,"turns":3},{"damage":12,"enemies":"Looter","floor":11,"turns":3},{"damage":4,"enemies":"2 Fungi Beasts","floor":12,"turns":3},{"damage":7,"enemies":"The Guardian","floor":16,"turns":15},{"damage":6,"enemies":"2 Thieves","floor":18,"turns":3},{"damage":0,"enemies":"Chosen","floor":21,"turns":1},{"damage":0,"enemies":"3 Cultists","floor":22,"turns":5},{"damage":0,"enemies":"Chosen and Byrds","floor":24,"turns":4},{"damage":0,"enemies":"Shelled Parasite and Fungi","floor":28,"turns":2},{"damage":0,"enemies":"Cultist and Chosen","floor":31,"turns":9},{"damage":13,"enemies":"Champ","floor":33,"turns":8},{"damage":0,"enemies":"3 Darklings","floor":35,"turns":4},{"damage":0,"enemies":"Orb Walker","floor":39,"turns":3},{"damage":6,"enemies":"Reptomancer","floor":41,"turns":5},{"damage":7,"enemies":"Nemesis","floor":44,"turns":5},{"damage":0,"enemies":"Reptomancer","floor":47,"turns":3},{"damage":0,"enemies":"4 Shapes","floor":48,"turns":3},{"damage":42,"enemies":"Awakened One","floor":50,"turns":13}],"seed_played":"-3276714377366667896","potions_obtained":[{"floor":4,"key":"BloodPotion"},{"floor":11,"key":"EssenceOfSteel"},{"floor":12,"key":"Dexterity Potion"},{"floor":16,"key":"Dexterity Potion"},{"floor":18,"key":"Regen Potion"},{"floor":31,"key":"Weak Potion"},{"floor":35,"key":"Swift Potion"},{"floor":41,"key":"Strength Potion"}],"is_trial":false,"path_per_floor":["M","?","?","M","T","R","E","?","T","M","M","M","R","$","R","B",null,"M","?","?","M","M","R","M","R","T","R","M","R","$","M","R","B",null,"M","?","$","?","M","R","E","R","T","E","T","$","E","M","R","B"],"character_chosen":"IRONCLAD","items_purchased":["Bag of Marbles","Impervious","Membership Card","Pocketwatch"],"campfire_rested":3,"item_purchase_floors":[14,14,37,46],"current_hp_per_floor":[55,55,60,60,60,60,14,14,24,30,26,39,39,39,39,40,78,80,80,59,67,75,75,83,83,83,83,90,90,90,90,90,83,88,90,90,90,80,88,90,90,90,90,89,89,89,90,90,90,54],"gold":42,"neow_bonus":"TWO_FIFTY_GOLD","is_prod":false,"is_daily":false,"chose_seed":false,"campfire_upgraded":8,"win_rate":0,"timestamp":1540169368,"path_taken":["M","?","?","M","?","R","E","?","T","M","M","M","R","$","R","BOSS","M","?","?","M","M","R","M","R","T","R","M","R","$","M","R","BOSS","M","?","$","?","M","R","E","R","T","E","?","$","E","M","R","BOSS"],"build_version":"2018-10-18","purchased_purges":2,"victory":true,"max_hp_per_floor":[75,75,80,80,80,80,80,80,90,90,90,90,90,90,90,90,90,90,90,90,90,90,90,90,90,90,90,90,90,90,90,90,90,90,90,90,90,90,90,90,90,90,90,90,90,90,90,90,90,90],"card_choices":[{"not_picked":["Sword Boomerang","Cleave"],"picked":"Metallicize","floor":1},{"not_picked":["Warcry","Wild Strike"],"picked":"Pommel Strike","floor":4},{"not_picked":["Flex","Body Slam"],"picked":"Perfected Strike","floor":7},{"not_picked":["Iron Wave","Havoc"],"picked":"Barricade","floor":10},{"not_picked":["Anger","True Grit"],"picked":"Clothesline","floor":11},{"not_picked":["Body Slam","Pummel"],"picked":"Dropkick","floor":12},{"not_picked":["Juggernaut","Brutality"],"picked":"Fiend Fire","floor":16},{"not_picked":["Searing Blow","Blood for Blood"],"picked":"True Grit","floor":18},{"not_picked":["Flex","Cleave"],"picked":"Headbutt","floor":21},{"not_picked":["Perfected Strike","Demon Form"],"picked":"Entrench","floor":22},{"not_picked":["Anger","Battle Trance"],"picked":"Shrug It Off","floor":24},{"not_picked":["Dropkick","Shrug It Off"],"picked":"Entrench","floor":28},{"not_picked":["Reckless Charge","Clothesline"],"picked":"Body Slam+1","floor":31},{"not_picked":["Juggernaut","Limit Break"],"picked":"Demon Form","floor":33},{"not_picked":["Flex","Twin Strike","Armaments"],"picked":"SKIP","floor":35},{"not_picked":["Sword Boomerang","Headbutt"],"picked":"Burning Pact+1","floor":39},{"not_picked":["Twin Strike","Wild Strike","Warcry+1"],"picked":"SKIP","floor":41},{"not_picked":["Flame Barrier","Metallicize"],"picked":"Pummel","floor":44},{"not_picked":["Second Wind","Sword Boomerang"],"picked":"Whirlwind","floor":47},{"not_picked":["Inflame","Burning Pact+1"],"picked":"Blood for Blood","floor":48}],"player_experience":949044,"relics_obtained":[{"floor":5,"key":"Regal Pillow"},{"floor":7,"key":"Blood Vial"},{"floor":9,"key":"Pear"},{"floor":20,"key":"Necronomicon"},{"floor":26,"key":"Letter Opener"},{"floor":41,"key":"Gremlin Horn"},{"floor":43,"key":"Lantern"},{"floor":44,"key":"PreservedInsect"},{"floor":45,"key":"Mercury Hourglass"},{"floor":47,"key":"FossilizedHelix"}],"event_choices":[{"cards_removed":["Shame"],"damage_healed":0,"gold_gain":0,"player_choice":"Card Removal","damage_taken":0,"max_hp_gain":0,"max_hp_loss":0,"event_name":"The Cleric","floor":2,"gold_loss":75},{"damage_healed":0,"gold_gain":0,"player_choice":"Donut","damage_taken":0,"max_hp_gain":5,"max_hp_loss":0,"event_name":"Big Fish","floor":3,"gold_loss":0},{"damage_healed":0,"gold_gain":0,"player_choice":"Rummage","damage_taken":0,"relics_obtained":["WarpedTongs"],"max_hp_gain":0,"max_hp_loss":0,"event_name":"Accursed Blacksmith","floor":8,"gold_loss":0,"cards_obtained":["Pain"]},{"damage_healed":0,"gold_gain":0,"player_choice":"Read","damage_taken":0,"max_hp_gain":0,"max_hp_loss":0,"event_name":"The Library","floor":19,"gold_loss":0,"cards_obtained":["Shrug It Off"]},{"damage_healed":0,"gold_gain":0,"player_choice":"Obtained Book","damage_taken":21,"max_hp_gain":0,"max_hp_loss":0,"event_name":"Cursed Tome","floor":20,"gold_loss":0},{"cards_removed":["Strike_R"],"damage_healed":0,"gold_gain":0,"player_choice":"Removed Attack","damage_taken":0,"max_hp_gain":0,"max_hp_loss":0,"event_name":"Falling","floor":36,"gold_loss":0},{"damage_healed":0,"gold_gain":0,"player_choice":"Memory 3","damage_taken":10,"max_hp_gain":0,"max_hp_loss":0,"event_name":"SensoryStone","floor":38,"gold_loss":0}],"is_beta":false,"boss_relics":[{"not_picked":["Black Star","Pandora\u0027s Box"],"picked":"Snecko Eye"},{"not_picked":["Mark of Pain","Orrery"],"picked":"Fusion Hammer"}],"items_purged_floors":[14,30],"is_endless":false,"potions_floor_spawned":[4,11,12,16,18,28,31,35,41,48],"ascension_level":15}