{"gold_per_floor":[214,57,57,207,207,207,239,239,239,256,273,273,291,321,321,321],"floor_reached":16,"playtime":783,"items_purged":[],"score":189,"play_id":"86a316aa-b3b2-44b0-8d29-d9c9bc166b31","local_time":"20181016204807","is_ascension_mode":true,"campfire_choices":[{"data":"Bash","floor":6,"key":"SMITH"},{"data":"Dark Embrace","floor":8,"key":"SMITH"},{"data":"Feel No Pain","floor":15,"key":"SMITH"}],"neow_cost":"NONE","seed_source_timestamp":538357476948495,"circlet_count":0,"master_deck":["Strike_R","Strike_R","Strike_R","Strike_R","Defend_R","Defend_R","Defend_R","Defend_R","Bash+1","AscendersBane","Clothesline+1","Dark Embrace+1","Second Wind","Shrug It Off","Shrug It Off","Feel No Pain+1"],"relics":["Burning Blood","Omamori","Gremlin Horn","Torii","Ornamental Fan","Dodecahedron"],"potions_floor_usage":[13,16],"damage_taken":[{"damage":11,"enemies":"2 Louse","floor":1,"turns":4},{"damage":24,"enemies":"Gremlin Nob","floor":7,"turns":4},{"damage":3,"enemies":"Jaw Worm","floor":10,"turns":5},{"damage":0,"enemies":"Cultist","floor":11,"turns":4},{"damage":8,"enemies":"Exordium Wildlife","floor":13,"turns":6},{"damage":13,"enemies":"3 Sentries","floor":14,"turns":17},{"damage":58,"enemies":"Slime Boss","floor":16,"turns":18}],"seed_played":"2615170665477722696","potions_obtained":[{"floor":1,"key":"LiquidBronze"},{"floor":7,"key":"Regen Potion"},{"floor":14,"key":"Weak Potion"}],"is_trial":false,"path_per_floor":["M","$","?","?","?","R","E","R","T","M","M","T","M","E","R"],"character_chosen":"IRONCLAD","items_purchased":["Omamori"],"campfire_rested":0,"item_purchase_floors":[2],"current_hp_per_floor":[63,63,56,56,56,56,38,38,38,41,47,47,60,53,53,0],"gold":321,"neow_bonus":"HUNDRED_GOLD","is_prod":false,"is_daily":false,"chose_seed":false,"campfire_upgraded":3,"win_rate":0,"timestamp":1539737287,"path_taken":["M","$","?","?","?","R","E","R","T","M","M","?","M","E","R","BOSS"],"build_version":"2018-10-11","purchased_purges":0,"victory":false,"max_hp_per_floor":[75,75,75,75,75,75,75,75,75,75,75,75,75,75,75,75],"card_choices":[{"not_picked":["Carnage","Wild Strike"],"picked":"Clothesline","floor":1},{"not_picked":["Rage","True Grit"],"picked":"Dark Embrace","floor":7},{"not_picked":["Sword Boomerang","Blood for Blood"],"picked":"Second Wind","floor":10},{"not_picked":["Flex","Thunderclap"],"picked":"Shrug It Off","floor":11},{"not_picked":["Ghostly Armor","Hemokinesis"],"picked":"Shrug It Off","floor":13},{"not_picked":["Heavy Blade","Hemokinesis"],"picked":"Feel No Pain","floor":14}],"player_experience":904224,"relics_obtained":[{"floor":7,"key":"Gremlin Horn"},{"floor":9,"key":"Torii"},{"floor":12,"key":"Ornamental Fan"},{"floor":14,"key":"Dodecahedron"}],"event_choices":[{"event_name":"Golden Wing","player_choice":"Card Removal","floor":3,"damage_taken":0},{"event_name":"Liars Game","player_choice":"agreed","floor":4,"damage_taken":0},{"event_name":"Upgrade Shrine","player_choice":"Upgraded","floor":5,"damage_taken":0}],"is_beta":false,"boss_relics":[],"items_purged_floors":[],"is_endless":false,"potions_floor_spawned":[1,7,14],"killed_by":"Slime Boss","ascension_level":15}