{"gold_per_floor":[114,133,74,39,57,57,92,92,92,92,119,119,130,164,164,164],"floor_reached":16,"playtime":773,"items_purged":[],"score":216,"play_id":"d59a7093-e594-4899-857a-d14d2852526e","local_time":"20181103112349","is_ascension_mode":true,"campfire_choices":[{"data":"Neutralize","floor":6,"key":"SMITH"},{"data":"Deadly Poison","floor":10,"key":"SMITH"},{"floor":12,"key":"REST"},{"floor":15,"key":"REST"}],"neow_cost":"NONE","seed_source_timestamp":1350885978853205,"circlet_count":0,"master_deck":["AscendersBane","Defend_G","Defend_G","Defend_G","Defend_G","Defend_G","Strike_G","Strike_G","Strike_G","Strike_G+1","Strike_G","Survivor","Neutralize+1","Deadly Poison+1","Dodge and Roll","Quick Slash+1","PiercingWail","Well Laid Plans","Dagger Spray","Flying Knee","Noxious Fumes"],"relics":["Ring of the Snake","Anchor","Juzu Bracelet","NlothsMask","Dead Branch","Whetstone"],"potions_floor_usage":[11,14,14,16],"damage_taken":[{"damage":0,"enemies":"Small Slimes","floor":1,"turns":5},{"damage":6,"enemies":"Jaw Worm","floor":2,"turns":5},{"damage":1,"enemies":"Cultist","floor":5,"turns":4},{"damage":35,"enemies":"Lagavulin","floor":7,"turns":9},{"damage":20,"enemies":"3 Sentries","floor":11,"turns":13},{"damage":4,"enemies":"2 Fungi Beasts","floor":13,"turns":4},{"damage":19,"enemies":"Gremlin Nob","floor":14,"turns":4},{"damage":25,"enemies":"Hexaghost","floor":16,"turns":9}],"seed_played":"6295298088421073179","potions_obtained":[{"floor":7,"key":"SpeedPotion"},{"floor":11,"key":"Poison Potion"},{"floor":13,"key":"EssenceOfSteel"},{"floor":14,"key":"Fire Potion"}],"is_trial":false,"path_per_floor":["M","M","$","?","M","R","E","?","T","R","?","R","M","E","R","B"],"character_chosen":"THE_SILENT","items_purchased":["Quick Slash"],"campfire_rested":2,"item_purchase_floors":[3],"current_hp_per_floor":[59,53,53,66,65,65,30,30,30,30,10,29,25,6,25,0],"gold":164,"neow_bonus":"RANDOM_COMMON_RELIC","is_prod":false,"is_daily":false,"chose_seed":false,"campfire_upgraded":2,"win_rate":0,"timestamp":1541258629,"path_taken":["M","M","$","?","M","R","E","?","T","R","?","R","M","E","R","BOSS"],"build_version":"2018-11-01","purchased_purges":0,"victory":false,"max_hp_per_floor":[66,66,66,66,66,66,66,66,66,66,66,66,66,66,66,66],"card_choices":[{"not_picked":["Blade Dance","Flying Knee"],"picked":"Deadly Poison","floor":1},{"not_picked":["Deflect","Calculated Gamble"],"picked":"Dodge and Roll","floor":2},{"not_picked":["Quick Slash","Acrobatics"],"picked":"PiercingWail","floor":5},{"not_picked":["Dagger Throw","Terror"],"picked":"Well Laid Plans","floor":7},{"not_picked":["Choke","Dagger Throw"],"picked":"Dagger Spray","floor":11},{"not_picked":["Prepared","Setup"],"picked":"Flying Knee","floor":13},{"not_picked":["Predator","Envenom"],"picked":"Noxious Fumes","floor":14}],"player_experience":1039589,"relics_obtained":[{"floor":7,"key":"Juzu Bracelet"},{"floor":11,"key":"Dead Branch"},{"floor":14,"key":"Whetstone"}],"event_choices":[{"damage_healed":16,"gold_gain":0,"player_choice":"Healed","damage_taken":0,"max_hp_gain":0,"max_hp_loss":0,"event_name":"The Cleric","floor":4,"gold_loss":35},{"damage_healed":0,"gold_gain":0,"player_choice":"Trade","damage_taken":0,"relics_obtained":["NlothsMask"],"max_hp_gain":0,"max_hp_loss":0,"event_name":"FaceTrader","floor":8,"gold_loss":0},{"damage_healed":0,"gold_gain":30,"player_choice":"Searched \u00272\u0027 times","damage_taken":0,"max_hp_gain":0,"max_hp_loss":0,"event_name":"Dead Adventurer","floor":11,"gold_loss":0}],"is_beta":false,"boss_relics":[],"items_purged_floors":[],"is_endless":false,"potions_floor_spawned":[7,11,13,14],"killed_by":"Hexaghost","ascension_level":20}