{"gold_per_floor":[119,0,0,50,66,66,91,102,102,137,137,37,37,70,70,147,147,162,175,225,225,238,238,271,271,298,315,333,361,361,361],"floor_reached":31,"playtime":1325,"items_purged":["Strike_B","Strike_B"],"score":632,"play_id":"9a577868-0236-441a-a3bf-2a17d0cf8d93","local_time":"20190531180607","is_ascension_mode":true,"campfire_choices":[{"data":"Go for the Eyes","floor":6,"key":"SMITH"},{"data":"Zap","floor":11,"key":"SMITH"},{"data":"Doom and Gloom","floor":15,"key":"SMITH"},{"data":"Recycle","floor":23,"key":"SMITH"},{"floor":25,"key":"REST"}],"neow_cost":"NONE","seed_source_timestamp":81373953707282,"circlet_count":0,"master_deck":["AscendersBane","Defend_B+1","Defend_B","Defend_B","Zap+1","Dualcast","Cold Snap","FTL","Go for the Eyes+1","Doom and Gloom+1","Conserve Battery","Conserve Battery+1","Core Surge","All For One","Cold Snap","Recycle+1","Rainbow","Gash","Self Repair+1","Reinforced Body","Hologram","BootSequence","Steam"],"relics":["Cracked Core","NeowsBlessing","Centennial Puzzle","Pantograph","Juzu Bracelet","War Paint","Sozu","Potion Belt","Smiling Mask","Regal Pillow"],"potions_floor_usage":[10,16],"damage_taken":[{"damage":0,"enemies":"Small Slimes","floor":1,"turns":1},{"damage":0,"enemies":"Cultist","floor":5,"turns":1},{"damage":0,"enemies":"Lagavulin","floor":7,"turns":1},{"damage":0,"enemies":"Jaw Worm","floor":8,"turns":3},{"damage":8,"enemies":"Gremlin Nob","floor":10,"turns":3},{"damage":1,"enemies":"Lagavulin","floor":14,"turns":6},{"damage":34,"enemies":"Hexaghost","floor":16,"turns":11},{"damage":0,"enemies":"Spheric Guardian","floor":18,"turns":4},{"damage":6,"enemies":"Shell Parasite","floor":19,"turns":4},{"damage":15,"enemies":"3 Cultists","floor":22,"turns":4},{"damage":12,"enemies":"Gremlin Leader","floor":24,"turns":11},{"damage":6,"enemies":"Snecko","floor":27,"turns":3},{"damage":29,"enemies":"Sentry and Sphere","floor":28,"turns":6},{"damage":21,"enemies":"Slavers","floor":29,"turns":4},{"damage":12,"enemies":"Book of Stabbing","floor":31,"turns":3}],"seed_played":"-791280250476140692","potions_obtained":[{"floor":1,"key":"FearPotion"},{"floor":5,"key":"FearPotion"},{"floor":14,"key":"Swift Potion"},{"floor":16,"key":"Energy Potion"}],"is_trial":false,"path_per_floor":["M","$","?","?","M","R","E","M","T","E","R","$","?","E","R","B",null,"M","M","?","?","M","R","E","R","T","M","M","E","?","E"],"character_chosen":"DEFECT","items_purchased":["FTL"],"campfire_rested":1,"item_purchase_floors":[2],"current_hp_per_floor":[64,64,64,64,64,64,64,64,64,56,56,56,61,60,60,42,68,68,62,62,62,47,47,35,57,57,51,32,11,11,0],"gold":361,"neow_bonus":"THREE_ENEMY_KILL","is_prod":false,"is_daily":false,"chose_seed":false,"campfire_upgraded":4,"win_rate":0,"timestamp":1559340367,"path_taken":["M","$","?","?","M","R","E","?","T","E","R","$","?","E","R","BOSS","M","M","?","?","M","R","E","R","T","M","M","E","?","E"],"build_version":"2019-01-23","purchased_purges":2,"victory":false,"max_hp_per_floor":[71,71,71,71,71,71,71,71,71,71,71,71,76,76,76,76,76,76,76,76,76,76,76,76,76,76,76,76,76,76,76],"card_choices":[{"not_picked":["Capacitor","Compile Driver"],"picked":"Cold Snap","floor":1},{"not_picked":["Rebound","Hologram"],"picked":"Doom and Gloom","floor":5},{"not_picked":["Reprogram","Chill"],"picked":"Conserve Battery","floor":7},{"not_picked":["Capacitor","Storm"],"picked":"Conserve Battery","floor":8},{"not_picked":["Rebound","Streamline","Redo"],"picked":"SKIP","floor":10},{"not_picked":["Genetic Algorithm","Turbo"],"picked":"Core Surge","floor":14},{"not_picked":["Fission","Creative AI"],"picked":"All For One","floor":16},{"not_picked":["Hello World","Melter"],"picked":"Cold Snap","floor":18},{"not_picked":["Barrage","Leap"],"picked":"Recycle","floor":19},{"not_picked":["Streamline","Darkness"],"picked":"Rainbow","floor":22},{"not_picked":["Storm","Reprogram"],"picked":"Gash","floor":24},{"not_picked":["Doom and Gloom","Beam Cell"],"picked":"Self Repair+1","floor":27},{"not_picked":["Beam Cell","Gash"],"picked":"Reinforced Body","floor":28},{"not_picked":["Steam","Go for the Eyes"],"picked":"Hologram","floor":29}],"player_experience":1443822,"relics_obtained":[{"floor":7,"key":"Centennial Puzzle"},{"floor":9,"key":"Pantograph"},{"floor":10,"key":"Juzu Bracelet"},{"floor":14,"key":"War Paint"},{"floor":24,"key":"Potion Belt"},{"floor":26,"key":"Smiling Mask"},{"floor":29,"key":"Regal Pillow"}],"event_choices":[{"damage_healed":0,"gold_gain":0,"cards_transformed":["Strike_B"],"player_choice":"Change","damage_taken":0,"max_hp_gain":0,"max_hp_loss":0,"event_name":"Living Wall","floor":3,"gold_loss":0,"cards_obtained":["Go for the Eyes"]},{"damage_healed":0,"gold_gain":50,"player_choice":"Pray","damage_taken":0,"max_hp_gain":0,"max_hp_loss":0,"event_name":"Golden Shrine","floor":4,"gold_loss":0},{"damage_healed":0,"gold_gain":0,"player_choice":"Donut","damage_taken":0,"max_hp_gain":5,"max_hp_loss":0,"event_name":"Big Fish","floor":13,"gold_loss":0},{"damage_healed":0,"gold_gain":50,"player_choice":"Stole From Cult","damage_taken":0,"max_hp_gain":0,"max_hp_loss":0,"event_name":"Nest","floor":20,"gold_loss":0},{"damage_healed":0,"gold_gain":0,"player_choice":"Ignored","damage_taken":0,"max_hp_gain":0,"max_hp_loss":0,"event_name":"The Mausoleum","floor":21,"gold_loss":0},{"damage_healed":0,"gold_gain":0,"cards_transformed":["Strike_B","Defend_B"],"player_choice":"Became Test Subject","damage_taken":0,"max_hp_gain":0,"max_hp_loss":0,"event_name":"Drug Dealer","floor":30,"gold_loss":0,"cards_obtained":["BootSequence","Steam"]}],"is_beta":false,"boss_relics":[{"not_picked":["Lizard Tail","Calling Bell"],"picked":"Sozu"}],"items_purged_floors":[2,12],"is_endless":false,"potions_floor_spawned":[1,5,14,16,18,27],"killed_by":"Book of Stabbing","ascension_level":20}