{"gold_per_floor":[109,79,79,79,79,79,91,22,22,33,49,65,65,84,84,161,161,181,192,192,202,202,202],"floor_reached":23,"playtime":1028,"items_purged":[],"score":320,"play_id":"7a2f56cf-f1fa-463b-b2b2-775e281dd8e8","local_time":"20181009154203","is_ascension_mode":true,"campfire_choices":[{"data":"Cloak And Dagger","floor":6,"key":"SMITH"},{"data":"Cloak And Dagger","floor":13,"key":"SMITH"},{"data":"Noxious Fumes","floor":15,"key":"SMITH"}],"neow_cost":"PERCENT_DAMAGE","seed_source_timestamp":15382327738163,"circlet_count":0,"master_deck":["Defend_G","Defend_G","Defend_G","Defend_G","Defend_G","Strike_G","Strike_G","Strike_G","Strike_G","Survivor","Neutralize+1","AscendersBane","Cloak And Dagger+1","Crippling Poison","Noxious Fumes+1","Cloak And Dagger+1","All Out Attack","Corpse Explosion","Backflip","Underhanded Strike","All Out Attack","Blur"],"special_seed":0,"relics":["Ring of the Snake","WarpedTongs","Singing Bowl","Snecko Eye"],"potions_floor_usage":[16,20,23],"damage_taken":[{"damage":7.0,"enemies":"Small Slimes","floor":1.0,"turns":7.0},{"damage":0,"enemies":"Cultist","floor":7,"turns":4},{"damage":0,"enemies":"Jaw Worm","floor":10,"turns":4},{"damage":1,"enemies":"2 Fungi Beasts","floor":11,"turns":4},{"damage":0,"enemies":"Red Slaver","floor":12,"turns":4},{"damage":1,"enemies":"Gremlin Gang","floor":14,"turns":3},{"damage":8,"enemies":"The Guardian","floor":16,"turns":14},{"damage":10,"enemies":"Shell Parasite","floor":18,"turns":6},{"damage":0,"enemies":"3 Byrds","floor":19,"turns":3},{"damage":18,"enemies":"Colosseum Slavers","floor":20,"turns":3},{"damage":25,"enemies":"Snake Plant","floor":21,"turns":5},{"damage":19,"enemies":"Book of Stabbing","floor":23,"turns":3}],"seed_played":"5015371345891640352","potions_obtained":[{"floor":2.0,"key":"LiquidBronze"},{"floor":2.0,"key":"Swift Potion"},{"floor":10,"key":"EssenceOfSteel"},{"floor":16,"key":"Fire Potion"}],"is_trial":false,"path_per_floor":["M","?","?","?","?","R","M","$","T","M","M","M","R","M","R","B",null,"M","M","?","M","?"],"character_chosen":"THE_SILENT","items_purchased":["Noxious Fumes"],"campfire_rested":0,"item_purchase_floors":[8],"current_hp_per_floor":[43,43,43,43,43,43,43,43,43,43,44,44,44,43,43,35,69,61,61,43,18,18,0],"gold":202,"neow_bonus":"TWENTY_PERCENT_HP_BONUS","is_prod":false,"is_daily":false,"chose_seed":false,"campfire_upgraded":3,"win_rate":0,"timestamp":1539114123,"path_taken":["M","?","?","?","?","R","M","$","T","M","M","M","R","?","R","BOSS","M","M","?","?","?","E"],"build_version":"2018-10-04v2","purchased_purges":0,"victory":false,"max_hp_per_floor":[78,78,78,78,78,78,78,78,78,78,80,80,80,80,80,80,80,82,82,82,82,82,82],"card_choices":[{"not_picked":["Sucker Punch","Deflect"],"picked":"Cloak And Dagger","floor":1.0},{"not_picked":["Dagger Spray","Deflect"],"picked":"Crippling Poison","floor":7},{"not_picked":["Dagger Spray","Poisoned Stab"],"picked":"Escape Plan","floor":10},{"not_picked":["Riddle With Holes","Prepared","Eviscerate"],"picked":"Singing Bowl","floor":11},{"not_picked":["Dodge and Roll","Heel Hook"],"picked":"Cloak And Dagger","floor":12},{"not_picked":["Predator","Flying Knee"],"picked":"All Out Attack","floor":14},{"not_picked":["Glass Knife","Phantasmal Killer"],"picked":"Corpse Explosion","floor":16},{"not_picked":["Prepared","Infinite Blades","Calculated Gamble"],"picked":"Singing Bowl","floor":18},{"not_picked":["Deadly Poison","Slice"],"picked":"Backflip","floor":19},{"not_picked":["Caltrops","Dagger Throw"],"picked":"Underhanded Strike","floor":21}],"player_experience":838495,"relics_obtained":[{"floor":9,"key":"Singing Bowl"}],"event_choices":[{"event_name":"The Woman in Blue","player_choice":"Bought 2 Potions","floor":2.0,"damage_taken":0.0},{"event_name":"Accursed Blacksmith","player_choice":"Rummage","floor":3.0,"damage_taken":0.0},{"event_name":"Living Wall","player_choice":"Forget","floor":4.0,"damage_taken":0.0},{"event_name":"Upgrade Shrine","player_choice":"Upgraded","floor":5,"damage_taken":0},{"event_name":"Colosseum","player_choice":"Fight","floor":20,"damage_taken":0},{"event_name":"Colosseum","player_choice":"Fled From Nobs","floor":20,"damage_taken":0},{"event_name":"Drug Dealer","player_choice":"Became Test Subject","floor":22,"damage_taken":0}],"is_beta":false,"boss_relics":[{"not_picked":["White Beast Statue","Orrery"],"picked":"Snecko Eye"}],"items_purged_floors":[],"is_endless":false,"potions_floor_spawned":[7,10,11,16,20],"killed_by":"Book of Stabbing","ascension_level":15}