{"gold_per_floor":[109,125,145,161,176,176,209,228,255,283,293,305,318,334,334,435,435,451,7,21,33,49,49,65,78,146,146,146],"floor_reached":28,"playtime":2060,"items_purged":[],"score":242,"play_id":"2e4b4cb9-2524-48bf-8375-a1087e50a9d8","local_time":"20190630180232","is_ascension_mode":false,"campfire_choices":[{"data":"Anger","floor":6,"key":"SMITH"},{"floor":15,"key":"REST"},{"floor":23,"key":"REST"},{"floor":27,"key":"REST"}],"neow_cost":"NONE","seed_source_timestamp":703412364819643,"circlet_count":0,"master_deck":["Strike_R","Strike_R","Strike_R","Strike_R","Strike_R","Defend_R","Defend_R","Defend_R","Defend_R","Bash+1","Anger+1","Inflame","Spot Weakness","Seeing Red","Pommel Strike","Iron Wave","Iron Wave","Pummel","Rage","Carnage","Rampage","Impervious","Limit Break","Uppercut+1","Dropkick","Heavy Blade","Secret Weapon","Flex+1","Flex","Ghostly Armor+1","Reaper","Twin Strike+1"],"relics":["Black Blood","Potion Belt","Lantern","Thread and Needle","HandDrill","Toxic Egg 2"],"potions_floor_usage":[4,7,7,12,16,20,21],"damage_taken":[{"damage":1,"enemies":"Cultist","floor":1,"turns":3},{"damage":2,"enemies":"Small Slimes","floor":2,"turns":3},{"damage":6,"enemies":"Jaw Worm","floor":3,"turns":2},{"damage":11,"enemies":"Red Slaver","floor":4,"turns":3},{"damage":17,"enemies":"Exordium Thugs","floor":5,"turns":4},{"damage":7,"enemies":"Gremlin Nob","floor":7,"turns":3},{"damage":8,"enemies":"Exordium Wildlife","floor":8,"turns":3},{"damage":16,"enemies":"Lagavulin","floor":10,"turns":5},{"damage":7,"enemies":"2 Fungi Beasts","floor":11,"turns":3},{"damage":2,"enemies":"Large Slime","floor":12,"turns":3},{"damage":0,"enemies":"Blue Slaver","floor":13,"turns":3},{"damage":4,"enemies":"Red Slaver","floor":14,"turns":2},{"damage":34,"enemies":"The Guardian","floor":16,"turns":7},{"damage":16,"enemies":"3 Byrds","floor":18,"turns":7},{"damage":27,"enemies":"2 Thieves","floor":20,"turns":4},{"damage":15,"enemies":"Chosen and Byrds","floor":21,"turns":6},{"damage":30,"enemies":"Snake Plant","floor":22,"turns":4},{"damage":22,"enemies":"Centurion and Healer","floor":24,"turns":6},{"damage":37,"enemies":"Snecko","floor":25,"turns":10},{"damage":44,"enemies":"3 Cultists","floor":28,"turns":5}],"seed_played":"2484205535439549274","potions_obtained":[{"floor":1,"key":"Energy Potion"},{"floor":2,"key":"EssenceOfSteel"},{"floor":5,"key":"Explosive Potion"},{"floor":11,"key":"Regen Potion"},{"floor":12,"key":"AttackPotion"},{"floor":18,"key":"Fire Potion"},{"floor":20,"key":"AttackPotion"}],"is_trial":false,"path_per_floor":["M","M","M","M","M","R","E","M","T","E","M","M","M","M","R","B",null,"M","$","M","M","M","R","M","M","T","R","M"],"character_chosen":"IRONCLAD","items_purchased":["HandDrill","Dropkick","Heavy Blade","Secret Weapon"],"campfire_rested":3,"item_purchase_floors":[19,19,19,19],"current_hp_per_floor":[80,80,80,75,64,64,63,61,61,51,50,59,65,67,80,52,80,74,74,57,52,32,56,44,17,17,41,0],"gold":146,"neow_bonus":"UPGRADE_CARD","is_prod":false,"is_daily":false,"chose_seed":false,"campfire_upgraded":1,"win_rate":0.0,"timestamp":1561942952,"path_taken":["M","M","M","M","M","R","E","M","T","E","M","M","M","?","R","BOSS","M","$","M","M","M","R","M","M","T","R","M"],"build_version":"2019-01-23","purchased_purges":0,"victory":false,"max_hp_per_floor":[80,80,80,80,80,80,80,80,80,80,80,80,80,80,80,80,80,80,80,80,80,80,80,80,80,80,80,80],"card_choices":[{"not_picked":["Dual Wield","Body Slam"],"picked":"Anger","floor":1},{"not_picked":["Clash","Battle Trance"],"picked":"Inflame","floor":2},{"not_picked":["True Grit","Combust"],"picked":"Spot Weakness","floor":3},{"not_picked":["Anger","Spot Weakness"],"picked":"Seeing Red","floor":4},{"not_picked":["Thunderclap","Wild Strike"],"picked":"Pommel Strike","floor":5},{"not_picked":["Shockwave","Body Slam"],"picked":"Iron Wave","floor":7},{"not_picked":["Warcry","Headbutt"],"picked":"Iron Wave","floor":8},{"not_picked":["Armaments","Evolve"],"picked":"Pummel","floor":10},{"not_picked":["Fire Breathing","Sword Boomerang"],"picked":"Rage","floor":11},{"not_picked":["Offering","Wild Strike"],"picked":"Carnage","floor":12},{"not_picked":["Headbutt","Twin Strike"],"picked":"Rampage","floor":13},{"not_picked":["Ghostly Armor","Shrug It Off"],"picked":"Impervious","floor":14},{"not_picked":["Impervious","Double Tap"],"picked":"Limit Break","floor":16},{"not_picked":["Dropkick+1","Wild Strike+1"],"picked":"Uppercut+1","floor":18},{"not_picked":["Clash","Wild Strike"],"picked":"Flex+1","floor":20},{"not_picked":["Warcry","Body Slam"],"picked":"Flex","floor":21},{"not_picked":["Reckless Charge","Clothesline"],"picked":"Ghostly Armor+1","floor":22},{"not_picked":["Ghostly Armor","Havoc"],"picked":"Reaper","floor":24},{"not_picked":["Havoc+1","True Grit+1"],"picked":"Twin Strike+1","floor":25}],"player_experience":55058,"relics_obtained":[{"floor":7,"key":"Potion Belt"},{"floor":9,"key":"Lantern"},{"floor":10,"key":"Thread and Needle"},{"floor":26,"key":"Toxic Egg 2"}],"event_choices":[],"is_beta":false,"boss_relics":[{"not_picked":["Sozu","Orrery"],"picked":"Black Blood"}],"items_purged_floors":[],"is_endless":false,"potions_floor_spawned":[1,2,5,11,12,18,20],"killed_by":"3 Cultists","ascension_level":0}