{"gold_per_floor":[115,130,145,145,145,145,160,160,187,187,243,243,275,336,336,336],"floor_reached":16,"playtime":540,"items_purged":[],"score":189,"play_id":"ba6d6be2-752d-4597-a2b5-14d17da5a05c","local_time":"20190718181854","is_ascension_mode":true,"campfire_choices":[{"data":"Bouncing Flask","floor":6,"key":"SMITH"},{"data":"Neutralize","floor":8,"key":"SMITH"},{"data":"Quick Slash","floor":10,"key":"SMITH"},{"data":"Backstab","floor":12,"key":"SMITH"},{"data":"Dagger Spray","floor":15,"key":"SMITH"}],"neow_cost":"NONE","seed_source_timestamp":79127091582141,"circlet_count":0,"master_deck":["AscendersBane","Strike_G","Strike_G","Strike_G","Strike_G","Defend_G","Defend_G","Defend_G","Defend_G","Defend_G","Survivor","Neutralize+1","Quick Slash+1","Backflip","Bouncing Flask+1","Flying Knee","Backstab+1","Terror","Dagger Spray+1"],"relics":["Ring of the Snake","Smiling Mask","Tiny Chest","Tough Bandages","Gambling Chip"],"potions_floor_usage":[11,14],"damage_taken":[{"damage":0,"enemies":"2 Louse","floor":1,"turns":4},{"damage":2,"enemies":"Jaw Worm","floor":2,"turns":4},{"damage":0,"enemies":"Small Slimes","floor":3,"turns":4},{"damage":7,"enemies":"2 Fungi Beasts","floor":7,"turns":6},{"damage":13,"enemies":"Gremlin Nob","floor":11,"turns":3},{"damage":29,"enemies":"3 Sentries","floor":13,"turns":11},{"damage":11,"enemies":"Lagavulin Event","floor":14,"turns":5},{"damage":18,"enemies":"Slime Boss","floor":16,"turns":3}],"seed_played":"-4155067306359408764","potions_obtained":[{"floor":3,"key":"Poison Potion"},{"floor":7,"key":"Regen Potion"}],"is_trial":false,"path_per_floor":["M","M","M","?","?","R","M","R","T","R","E","R","E","?","R","B"],"character_chosen":"THE_SILENT","items_purchased":[],"campfire_rested":0,"item_purchase_floors":[],"current_hp_per_floor":[65,63,63,63,56,56,49,49,49,49,36,36,7,11,11,0],"gold":336,"neow_bonus":"TEN_PERCENT_HP_BONUS","is_prod":false,"is_daily":false,"chose_seed":false,"campfire_upgraded":5,"win_rate":0,"timestamp":1563488334,"path_taken":["M","M","M","?","?","R","M","R","T","R","E","R","E","?","R","BOSS"],"build_version":"2019-07-17","purchased_purges":0,"victory":false,"max_hp_per_floor":[72,72,72,72,72,72,72,72,72,72,72,72,72,72,72,72],"card_choices":[{"not_picked":["Deflect","Flechettes"],"picked":"Quick Slash","floor":1},{"not_picked":["Flechettes","Eviscerate"],"picked":"Backflip","floor":2},{"not_picked":["Blade Dance","Heel Hook"],"picked":"Bouncing Flask","floor":3},{"not_picked":["Accuracy","Sucker Punch"],"picked":"Flying Knee","floor":7},{"not_picked":["Flying Knee","Accuracy"],"picked":"Backstab","floor":11},{"not_picked":["Deflect","Unload"],"picked":"Terror","floor":13},{"not_picked":["Reflex","Poisoned Stab"],"picked":"Dagger Spray","floor":14}],"player_experience":1519689,"relics_obtained":[{"floor":9,"key":"Smiling Mask"},{"floor":11,"key":"Tiny Chest"},{"floor":13,"key":"Tough Bandages"},{"floor":14,"key":"Gambling Chip"}],"event_choices":[{"damage_healed":0,"gold_gain":0,"player_choice":"Ignored","damage_taken":0,"max_hp_gain":0,"max_hp_loss":0,"event_name":"Liars Game","floor":4,"gold_loss":0},{"cards_removed":["Strike_G"],"damage_healed":0,"gold_gain":0,"player_choice":"Card Removal","damage_taken":7,"max_hp_gain":0,"max_hp_loss":0,"event_name":"Golden Wing","floor":5,"gold_loss":0},{"damage_healed":0,"gold_gain":30,"player_choice":"Searched \u00272\u0027 times","damage_taken":0,"max_hp_gain":0,"max_hp_loss":0,"event_name":"Dead Adventurer","floor":14,"gold_loss":0}],"is_beta":false,"boss_relics":[],"items_purged_floors":[],"is_endless":false,"potions_floor_spawned":[3,7],"killed_by":"Slime Boss","ascension_level":15}