{"gold_per_floor":[111,111,129,5,5,5,24,24,24,24,0,21,60,81,81,81],"floor_reached":16,"playtime":764,"items_purged":["Defend_R"],"score":100,"play_id":"0b77c1f1-33a1-44cc-bba6-04788a500901","local_time":"20180624213606","is_ascension_mode":false,"campfire_choices":[{"data":"Perfected Strike","floor":6,"key":"SMITH"},{"data":"Whirlwind","floor":8,"key":"SMITH"},{"data":"Carnage","floor":10,"key":"SMITH"},{"floor":15,"key":"REST"}],"neow_cost":"NONE","seed_source_timestamp":627475018737806,"circlet_count":0,"master_deck":["Strike_R","Strike_R","Strike_R","Strike_R","Strike_R","Defend_R","Defend_R","Bash","Sword Boomerang","Carnage+1","Perfected Strike+1","Whirlwind+1","Shrug It Off","Pommel Strike","Warcry"],"relics":["Burning Blood","Golden Idol","Letter Opener","Question Card"],"potions_floor_usage":[14,16],"damage_taken":[{"damage":5,"enemies":"Cultist","floor":1,"turns":4},{"damage":11,"enemies":"Jaw Worm","floor":3,"turns":3},{"damage":0,"enemies":"2 Louse","floor":7,"turns":2},{"damage":17,"enemies":"Exordium Thugs","floor":12,"turns":3},{"damage":34,"enemies":"Lagavulin","floor":13,"turns":7},{"damage":7,"enemies":"Gremlin Gang","floor":14,"turns":4},{"damage":49,"enemies":"The Guardian","floor":16,"turns":8}],"seed_played":"-4996388917794143345","potions_obtained":[{"floor":3,"key":"Weak Potion"},{"floor":13,"key":"Energy Potion"}],"is_trial":false,"path_per_floor":["M","?","M","$","$","R","M","R","T","R","?","M","E","M","R"],"character_chosen":"IRONCLAD","items_purchased":["Perfected Strike"],"campfire_rested":1,"item_purchase_floors":[4],"current_hp_per_floor":[80,60,55,55,55,55,61,61,61,61,61,50,22,21,45,0],"gold":81,"neow_bonus":"REMOVE_CARD","is_prod":false,"is_daily":false,"chose_seed":false,"campfire_upgraded":3,"win_rate":0.0,"timestamp":1529890566,"path_taken":["M","?","M","?","$","R","?","R","T","R","?","M","E","M","R","BOSS"],"build_version":"2018-06-21v2","purchased_purges":1,"victory":false,"max_hp_per_floor":[80,80,80,80,80,80,80,80,80,80,80,80,80,80,80,80],"card_choices":[{"not_picked":["Clothesline","Body Slam"],"picked":"Sword Boomerang","floor":1},{"not_picked":["Rampage","Feel No Pain"],"picked":"Carnage","floor":3},{"not_picked":["Heavy Blade","Entrench"],"picked":"Whirlwind","floor":7},{"not_picked":["Shockwave","Armaments"],"picked":"Shrug It Off","floor":12},{"not_picked":["Heavy Blade","Anger"],"picked":"Pommel Strike","floor":13},{"not_picked":["Iron Wave","Bloodletting","Rage"],"picked":"Warcry","floor":14}],"player_experience":28859,"relics_obtained":[{"floor":9,"key":"Letter Opener"},{"floor":13,"key":"Question Card"}],"event_choices":[{"event_name":"Golden Idol","player_choice":"Take Damage","floor":2,"damage_taken":0},{"event_name":"World of Goop","player_choice":"Left","floor":11,"damage_taken":0}],"boss_relics":[],"items_purged_floors":[4],"is_endless":false,"potions_floor_spawned":[3,13],"killed_by":"The Guardian","ascension_level":0}