{"gold_per_floor":[211,211,221,221,234,574,395,395,395,435,435,435,55,75,75,203,203,227,227,251,18,18,58,58,58,82,82,82,116,116,134,134,134],"floor_reached":33,"playtime":1990,"items_purged":[],"score":339,"play_id":"5d18e5a1-78c0-4cbf-ae4c-50500e3fc4f2","local_time":"20180714171032","is_ascension_mode":false,"campfire_choices":[{"data":"Infernal Blade","floor":15,"key":"SMITH"},{"data":"True Grit","floor":25,"key":"SMITH"},{"data":"Dramatic Entrance","floor":28,"key":"SMITH"},{"data":"Armaments","floor":30,"key":"SMITH"},{"data":"RitualDagger","floor":32,"key":"SMITH"}],"neow_cost":"NONE","seed_source_timestamp":250508505997370,"circlet_count":0,"master_deck":["Strike_R","Strike_R","Strike_R","Strike_R","Strike_R","Defend_R","Defend_R","Bash","Shrug It Off","Flex","Armaments+1","Iron Wave","Infernal Blade+1","Dramatic Entrance+1","Reaper","Feel No Pain","Heavy Blade","Shrug It Off","Double Tap","Thunderclap+1","True Grit+1","Blind","RitualDagger+1","Battle Trance","Thunderclap+1","Uppercut+1"],"relics":["Burning Blood","Bird Faced Urn","Golden Idol","Old Coin","Mercury Hourglass","Bag of Marbles","HandDrill","Blood Vial","Coffee Dripper","Red Skull","Molten Egg 2","Darkstone Periapt","Oddly Smooth Stone","Ancient Tea Set"],"potions_floor_usage":[10,10,16,16,16,23,31],"damage_taken":[{"damage":3,"enemies":"2 Louse","floor":1,"turns":4},{"damage":9,"enemies":"Jaw Worm","floor":3,"turns":6},{"damage":0,"enemies":"Small Slimes","floor":5,"turns":3},{"damage":27,"enemies":"Gremlin Nob","floor":6,"turns":5},{"damage":3,"enemies":"3 Sentries","floor":10,"turns":5},{"damage":0,"enemies":"Exordium Wildlife","floor":14,"turns":2},{"damage":0,"enemies":"Slime Boss","floor":16,"turns":8},{"damage":5,"enemies":"Shell Parasite","floor":18,"turns":3},{"damage":0,"enemies":"3 Byrds","floor":20,"turns":4},{"damage":45,"enemies":"Book of Stabbing","floor":23,"turns":6},{"damage":26,"enemies":"Gremlin Leader","floor":29,"turns":7},{"damage":0,"enemies":"Cultist and Chosen","floor":31,"turns":4},{"damage":80,"enemies":"Automaton","floor":33,"turns":10}],"seed_played":"-3580573986168105134","potions_obtained":[{"floor":6,"key":"Poison Potion"},{"floor":8,"key":"Strength Potion"},{"floor":8,"key":"SkillPotion"},{"floor":10,"key":"PowerPotion"},{"floor":14,"key":"Weak Potion"},{"floor":18,"key":"AttackPotion"},{"floor":23,"key":"SteroidPotion"},{"floor":29,"key":"FearPotion"}],"is_trial":false,"path_per_floor":["M","?","M","?","M","E","$","?","T","E","?","?","$","M","R","B",null,"M","?","M","$","?","E","T","R","T","?","R","E","R","M","R"],"character_chosen":"IRONCLAD","items_purchased":["Infernal Blade","Dramatic Entrance","HandDrill","Blood Vial","Heavy Blade","Red Skull","Blind"],"campfire_rested":0,"item_purchase_floors":[7,7,13,13,13,21,21],"current_hp_per_floor":[80,55,52,32,38,17,17,17,17,20,20,46,46,54,54,79,80,80,80,80,80,74,51,51,51,51,51,51,51,51,63,63,0],"gold":134,"neow_bonus":"HUNDRED_GOLD","is_prod":false,"is_daily":false,"chose_seed":false,"campfire_upgraded":5,"win_rate":0,"timestamp":1531602632,"path_taken":["M","?","M","?","?","E","$","?","T","E","?","?","?","M","R","BOSS","M","?","?","$","?","E","?","R","T","?","R","E","R","M","R","BOSS"],"build_version":"2018-07-12","purchased_purges":0,"victory":false,"max_hp_per_floor":[80,80,80,80,80,80,80,80,80,80,80,80,80,80,80,80,80,80,80,80,80,80,80,80,80,80,80,80,80,80,80,80,80],"card_choices":[{"not_picked":["Sword Boomerang","Pummel"],"picked":"Shrug It Off","floor":1},{"not_picked":["Sentinel","Combust"],"picked":"Flex","floor":3},{"not_picked":["Havoc","Pommel Strike"],"picked":"Armaments","floor":5},{"not_picked":["Disarm","Sword Boomerang"],"picked":"Iron Wave","floor":6},{"not_picked":["Warcry","Sever Soul"],"picked":"Reaper","floor":10},{"not_picked":["Hemokinesis","Flame Barrier"],"picked":"Shrug It Off","floor":14},{"not_picked":["Impervious","Brutality"],"picked":"Double Tap","floor":16},{"not_picked":["Evolve","Pummel"],"picked":"Thunderclap+1","floor":18},{"not_picked":["Hemokinesis","Second Wind"],"picked":"True Grit","floor":20},{"not_picked":["Twin Strike","Iron Wave"],"picked":"Battle Trance","floor":23},{"not_picked":["Berserk","Corruption"],"picked":"Thunderclap+1","floor":29},{"not_picked":["Body Slam+1","Anger+1"],"picked":"Uppercut+1","floor":31}],"player_experience":69956,"relics_obtained":[{"floor":6,"key":"Old Coin"},{"floor":9,"key":"Mercury Hourglass"},{"floor":10,"key":"Bag of Marbles"},{"floor":23,"key":"Molten Egg 2"},{"floor":24,"key":"Darkstone Periapt"},{"floor":26,"key":"Oddly Smooth Stone"},{"floor":29,"key":"Ancient Tea Set"}],"event_choices":[{"event_name":"Scrap Ooze","player_choice":"success","floor":2,"damage_taken":25},{"event_name":"Golden Idol","player_choice":"Take Damage","floor":4,"damage_taken":0},{"event_name":"The Lab","player_choice":"Got Potions","floor":8,"damage_taken":0},{"event_name":"Living Wall","player_choice":"Change","floor":11,"damage_taken":0},{"event_name":"Big Fish","player_choice":"Banana","floor":12,"damage_taken":0},{"event_name":"Back to Basics","player_choice":"Elegance","floor":19,"damage_taken":0},{"event_name":"Nest","player_choice":"Joined the Cult","floor":22,"damage_taken":0},{"event_name":"Addict","player_choice":"Ignored","floor":27,"damage_taken":0}],"boss_relics":[{"not_picked":["Cursed Key","Snecko Eye"],"picked":"Coffee Dripper"}],"items_purged_floors":[],"is_endless":false,"potions_floor_spawned":[6,10,14,18,23,29],"killed_by":"Automaton","ascension_level":0}