{"gold_per_floor":[109,109,121,46,46,72,91,91,118,143,161,196,213,228,228,228],"floor_reached":16,"playtime":429,"items_purged":["Strike_R"],"score":235,"play_id":"70edea48-0df6-4506-ac03-f625decc5288","local_time":"20190704183939","is_ascension_mode":true,"campfire_choices":[{"data":"Searing Blow+1","floor":8,"key":"SMITH"},{"data":"Corruption","floor":15,"key":"SMITH"}],"neow_cost":"NONE","seed_source_timestamp":136470250158222,"circlet_count":0,"master_deck":["AscendersBane","Strike_R","Strike_R","Strike_R","Defend_R","Defend_R","Defend_R","Defend_R","Bash","Searing Blow+2","Corruption+1","Sentinel","Shrug It Off"],"relics":["Burning Blood","NeowsBlessing","Boot","Regal Pillow","Self Forming Clay","Oddly Smooth Stone"],"potions_floor_usage":[10,12,13],"damage_taken":[{"damage":0,"enemies":"Small Slimes","floor":1,"turns":1},{"damage":0,"enemies":"Cultist","floor":3,"turns":1},{"damage":0,"enemies":"3 Sentries","floor":6,"turns":2},{"damage":0,"enemies":"2 Louse","floor":7,"turns":2},{"damage":35,"enemies":"Lagavulin","floor":10,"turns":5},{"damage":9,"enemies":"Red Slaver","floor":11,"turns":3},{"damage":29,"enemies":"Gremlin Nob","floor":12,"turns":4},{"damage":15,"enemies":"Exordium Thugs","floor":13,"turns":5},{"damage":6,"enemies":"2 Fungi Beasts","floor":14,"turns":4},{"damage":30,"enemies":"The Guardian","floor":16,"turns":2}],"seed_played":"847741708504090684","potions_obtained":[{"floor":6,"key":"SmokeBomb"},{"floor":7,"key":"Fire Potion"},{"floor":10,"key":"FearPotion"},{"floor":13,"key":"Fruit Juice"},{"floor":14,"key":"SteroidPotion"}],"is_trial":false,"path_per_floor":["M","?","M","$","?","E","M","R","T","E","M","E","M","M","R","B"],"character_chosen":"IRONCLAD","items_purchased":[],"campfire_rested":0,"item_purchase_floors":[],"current_hp_per_floor":[78,78,80,80,80,80,80,80,80,51,48,25,21,21,21,0],"gold":228,"neow_bonus":"THREE_ENEMY_KILL","is_prod":false,"is_daily":false,"chose_seed":false,"campfire_upgraded":2,"win_rate":0,"timestamp":1562279979,"path_taken":["M","?","?","$","?","E","M","R","T","E","M","E","M","M","R","BOSS"],"build_version":"2019-07-01","purchased_purges":1,"victory":false,"max_hp_per_floor":[80,80,80,80,80,80,80,80,80,80,80,80,85,85,85,85],"card_choices":[{"not_picked":["Flex","Rupture"],"picked":"Searing Blow","floor":1},{"not_picked":["Dropkick","Iron Wave","Feel No Pain"],"picked":"SKIP","floor":3},{"not_picked":["Body Slam","Exhume"],"picked":"Sentinel","floor":6},{"not_picked":["Heavy Blade","Twin Strike","Sword Boomerang"],"picked":"SKIP","floor":7},{"not_picked":["Clothesline","Second Wind","Spot Weakness"],"picked":"SKIP","floor":10},{"not_picked":["Entrench","Anger","Uppercut"],"picked":"SKIP","floor":11},{"not_picked":["Armaments","Blood for Blood","Power Through"],"picked":"SKIP","floor":12},{"not_picked":["Twin Strike","Headbutt"],"picked":"Shrug It Off","floor":13},{"not_picked":["Flex","Sword Boomerang","Wild Strike"],"picked":"SKIP","floor":14}],"player_experience":434392,"relics_obtained":[{"floor":6,"key":"Boot"},{"floor":9,"key":"Regal Pillow"},{"floor":10,"key":"Self Forming Clay"},{"floor":12,"key":"Oddly Smooth Stone"}],"event_choices":[{"damage_healed":0,"gold_gain":0,"player_choice":"Forge","damage_taken":0,"max_hp_gain":0,"max_hp_loss":0,"event_name":"Accursed Blacksmith","floor":2,"gold_loss":0,"cards_upgraded":["Searing Blow"]},{"damage_healed":0,"gold_gain":0,"cards_transformed":["Strike_R"],"player_choice":"Transformed","damage_taken":0,"max_hp_gain":0,"max_hp_loss":0,"event_name":"Transmorgrifier","floor":5,"gold_loss":0,"cards_obtained":["Corruption"]}],"is_beta":false,"boss_relics":[],"items_purged_floors":[4],"is_endless":false,"potions_floor_spawned":[6,7,10,13,14],"killed_by":"The Guardian","ascension_level":12}