{"gold_per_floor":[112,262,14,28,40,40,53,78,133,133,166,166,196,208,208,208],"floor_reached":16,"playtime":874,"items_purged":["Doubt"],"score":240,"play_id":"c9fb94af-8a0b-4dd9-a269-a52960ad0f7a","local_time":"20181226145658","is_ascension_mode":true,"campfire_choices":[{"data":"Deadly Poison","floor":6,"key":"SMITH"},{"data":"Neutralize","floor":10,"key":"SMITH"},{"floor":15,"key":"REST"}],"neow_cost":"NONE","seed_source_timestamp":870392211919,"circlet_count":0,"master_deck":["AscendersBane","Defend_G","Defend_G","Defend_G","Defend_G","Defend_G","Strike_G","Strike_G","Strike_G","Strike_G","Strike_G","Survivor","Neutralize+1","Calculated Gamble","Deadly Poison+1","Flying Knee","Noxious Fumes","Backflip","Deadly Poison","Cloak And Dagger","Dodge and Roll"],"relics":["Ring of the Snake","Regal Pillow","Pantograph","Strawberry","Oddly Smooth Stone","Torii"],"potions_floor_usage":[8,11,13],"damage_taken":[{"damage":1,"enemies":"Cultist","floor":1,"turns":4},{"damage":5,"enemies":"Small Slimes","floor":4,"turns":8},{"damage":2,"enemies":"Jaw Worm","floor":5,"turns":4},{"damage":8,"enemies":"Gremlin Gang","floor":7,"turns":6},{"damage":16,"enemies":"Lagavulin","floor":8,"turns":6},{"damage":14,"enemies":"3 Sentries","floor":11,"turns":8},{"damage":40,"enemies":"Gremlin Nob","floor":13,"turns":5},{"damage":0,"enemies":"2 Fungi Beasts","floor":14,"turns":4},{"damage":76,"enemies":"Slime Boss","floor":16,"turns":11}],"seed_played":"219528068096241848","potions_obtained":[{"floor":1,"key":"Weak Potion"},{"floor":7,"key":"FearPotion"},{"floor":11,"key":"SkillPotion"}],"is_trial":false,"path_per_floor":["M","?","$","M","M","R","M","E","T","R","E","?","E","M","R","B"],"character_chosen":"THE_SILENT","items_purchased":["Regal Pillow"],"campfire_rested":1,"item_purchase_floors":[3],"current_hp_per_floor":[64,64,64,59,57,57,49,33,40,40,26,52,12,12,50,0],"gold":208,"neow_bonus":"TEN_PERCENT_HP_BONUS","is_prod":false,"is_daily":false,"chose_seed":false,"campfire_upgraded":2,"win_rate":0,"timestamp":1545854218,"path_taken":["M","?","$","M","M","R","M","E","T","R","E","?","E","M","R","BOSS"],"build_version":"2018-12-20","purchased_purges":1,"victory":false,"max_hp_per_floor":[72,72,72,72,72,72,72,72,79,79,79,79,79,79,79,79],"card_choices":[{"not_picked":["Flechettes","Concentrate"],"picked":"Calculated Gamble","floor":1},{"not_picked":["PiercingWail","Flying Knee"],"picked":"Deadly Poison","floor":4},{"not_picked":["Caltrops","Blade Dance"],"picked":"Flying Knee","floor":5},{"not_picked":["Sucker Punch","Bane"],"picked":"Noxious Fumes","floor":7},{"not_picked":["Blade Dance","Prepared"],"picked":"Backflip","floor":8},{"not_picked":["Accuracy","Bane"],"picked":"Deadly Poison","floor":11},{"not_picked":["Concentrate","Dagger Throw"],"picked":"Cloak And Dagger","floor":13},{"not_picked":["Riddle With Holes","Tactician"],"picked":"Dodge and Roll","floor":14}],"player_experience":1298994,"relics_obtained":[{"floor":8,"key":"Pantograph"},{"floor":9,"key":"Strawberry"},{"floor":11,"key":"Oddly Smooth Stone"},{"floor":13,"key":"Torii"}],"event_choices":[{"damage_healed":0,"gold_gain":150,"player_choice":"AGREE","damage_taken":0,"max_hp_gain":0,"max_hp_loss":0,"event_name":"Liars Game","floor":2,"gold_loss":0,"cards_obtained":["Doubt"]},{"damage_healed":26,"gold_gain":0,"player_choice":"Banana","damage_taken":0,"max_hp_gain":0,"max_hp_loss":0,"event_name":"Big Fish","floor":12,"gold_loss":0}],"is_beta":false,"boss_relics":[],"items_purged_floors":[3],"is_endless":false,"potions_floor_spawned":[1,7,11],"killed_by":"Slime Boss","ascension_level":20}