{"gold_per_floor":[111,122,122,122,47,75,55,75,75,75],"floor_reached":10,"playtime":343,"items_purged":[],"score":132,"play_id":"cc8c3aac-899f-44ad-9bbe-d38d868292a2","local_time":"20181123112451","is_ascension_mode":true,"campfire_choices":[],"neow_cost":"NONE","seed_source_timestamp":217140623282994,"circlet_count":0,"master_deck":["AscendersBane","Defend_G","Defend_G","Defend_G","Defend_G","Defend_G","Strike_G","Strike_G","Strike_G","Survivor","Neutralize+1","Flying Knee","All Out Attack","Well Laid Plans","Wraith Form v2","PiercingWail"],"relics":["Ring of the Snake","Dodecahedron","Bird Faced Urn"],"potions_floor_usage":[10,10],"damage_taken":[{"damage":0,"enemies":"2 Louse","floor":1,"turns":3},{"damage":2,"enemies":"Jaw Worm","floor":2,"turns":4},{"damage":42,"enemies":"Gremlin Nob","floor":6,"turns":5},{"damage":0,"enemies":"Cultist","floor":8,"turns":4},{"damage":11,"enemies":"3 Sentries","floor":10,"turns":5}],"seed_played":"2977281839955559883","potions_obtained":[{"floor":6,"key":"Dexterity Potion"},{"floor":7,"key":"Block Potion"}],"is_trial":false,"path_per_floor":["M","M","?","?","$","E","?","M","T","E"],"character_chosen":"THE_SILENT","items_purchased":["Well Laid Plans"],"campfire_rested":0,"item_purchase_floors":[5],"current_hp_per_floor":[59,57,50,50,50,8,8,8,8,0],"gold":75,"neow_bonus":"UPGRADE_CARD","is_prod":false,"is_daily":false,"chose_seed":false,"campfire_upgraded":0,"win_rate":0,"timestamp":1542990291,"path_taken":["M","M","?","?","?","E","?","?","T","E"],"build_version":"2018-11-15","purchased_purges":0,"victory":false,"max_hp_per_floor":[66,66,66,66,66,66,66,66,66,66],"card_choices":[{"not_picked":["Acrobatics","Outmaneuver"],"picked":"Flying Knee","floor":1},{"not_picked":["Finisher","Flying Knee"],"picked":"All Out Attack","floor":2},{"not_picked":["Quick Slash","Deflect"],"picked":"Wraith Form v2","floor":6},{"not_picked":["Dodge and Roll","Riddle With Holes"],"picked":"PiercingWail","floor":8}],"player_experience":1141471,"relics_obtained":[{"floor":6,"key":"Dodecahedron"},{"floor":9,"key":"Bird Faced Urn"}],"event_choices":[{"cards_removed":["Strike_G"],"damage_healed":0,"gold_gain":0,"player_choice":"Card Removal","damage_taken":7,"max_hp_gain":0,"max_hp_loss":0,"event_name":"Golden Wing","floor":3,"gold_loss":0},{"cards_removed":["Strike_G"],"damage_healed":0,"gold_gain":0,"player_choice":"Forget","damage_taken":0,"max_hp_gain":0,"max_hp_loss":0,"event_name":"Living Wall","floor":4,"gold_loss":0},{"damage_healed":0,"gold_gain":0,"player_choice":"Bought 1 Potion","damage_taken":0,"max_hp_gain":0,"max_hp_loss":0,"event_name":"The Woman in Blue","floor":7,"gold_loss":0}],"is_beta":false,"boss_relics":[],"items_purged_floors":[],"is_endless":false,"potions_floor_spawned":[6,8],"killed_by":"3 Sentries","ascension_level":20}