{"gold_per_floor":[13,30,30,30,48,48,75,75,75,87,87,121,121,121,121,196,196,216,235,235,160,160,160,171,199,273,288,288,318,318,318,318,318],"floor_reached":33,"playtime":1219,"items_purged":[],"score":782,"play_id":"96bdfb59-59d5-450e-aa41-f8c69ac1a221","local_time":"20190201155940","is_ascension_mode":true,"campfire_choices":[{"data":"Zap","floor":6,"key":"SMITH"},{"data":"Electrodynamics","floor":8,"key":"SMITH"},{"floor":11,"key":"REST"},{"floor":15,"key":"REST"},{"floor":23,"key":"REST"},{"floor":28,"key":"REST"},{"data":"Biased Cognition","floor":30,"key":"SMITH"},{"data":"Hologram","floor":32,"key":"SMITH"}],"neow_cost":"NO_GOLD","seed_source_timestamp":0,"circlet_count":0,"master_deck":["AscendersBane","Strike_B","Strike_B","Strike_B","Defend_B","Defend_B","Defend_B","Defend_B+1","Zap+1","Dualcast","Hologram+1","Ball Lightning","Electrodynamics+1","Steam+1","Biased Cognition+1","Ball Lightning","Self Repair","Force Field+1","Compile Driver+1"],"special_seed":0,"relics":["Cracked Core","Girya","WingedGreaves","Bronze Scales","Snecko Eye","Ancient Tea Set","Question Card","Unceasing Top","Cables"],"potions_floor_usage":[7,16,18,24,29],"damage_taken":[{"damage":4,"enemies":"Jaw Worm","floor":1,"turns":3},{"damage":0,"enemies":"Small Slimes","floor":2,"turns":2},{"damage":9,"enemies":"2 Louse","floor":5,"turns":3},{"damage":20,"enemies":"Lagavulin","floor":7,"turns":6},{"damage":4,"enemies":"Looter","floor":10,"turns":3},{"damage":24,"enemies":"3 Sentries","floor":12,"turns":5},{"damage":18,"enemies":"Slime Boss","floor":16,"turns":6},{"damage":14,"enemies":"2 Thieves","floor":18,"turns":2},{"damage":0,"enemies":"3 Byrds","floor":19,"turns":2},{"damage":8,"enemies":"Centurion and Healer","floor":24,"turns":4},{"damage":16,"enemies":"Slavers","floor":25,"turns":2},{"damage":13,"enemies":"Snecko","floor":27,"turns":4},{"damage":6,"enemies":"Gremlin Leader","floor":29,"turns":6},{"damage":62,"enemies":"Champ","floor":33,"turns":11}],"seed_played":"-8009448797879122601","potions_obtained":[{"floor":1,"key":"FocusPotion"},{"floor":5,"key":"AttackPotion"},{"floor":12,"key":"FocusPotion"},{"floor":16,"key":"SteroidPotion"},{"floor":18,"key":"PowerPotion"},{"floor":27,"key":"Regen Potion"}],"is_trial":false,"path_per_floor":["M","M","$","?","M","R","E","R","T","M","R","E","?","?","R","B",null,"M","M","?","?","?","R","M","E","T","M","R","E","R","T","R","B"],"character_chosen":"DEFECT","items_purchased":[],"campfire_rested":4,"item_purchase_floors":[],"current_hp_per_floor":[60,60,60,65,56,56,36,36,36,32,54,30,7,7,29,11,60,46,46,24,24,24,48,40,24,24,18,42,58,58,58,58,0],"gold":318,"neow_bonus":"ONE_RARE_RELIC","is_prod":false,"is_daily":false,"chose_seed":false,"campfire_upgraded":4,"win_rate":0,"timestamp":1549054780,"path_taken":["M","M","$","?","M","R","E","R","T","M","R","E","?","?","R","BOSS","M","M","?","?","?","R","M","E","T","M","R","E","R","?","R","BOSS"],"build_version":"2019-01-23","purchased_purges":0,"victory":false,"max_hp_per_floor":[71,71,71,76,76,76,76,76,76,76,76,76,76,76,76,76,76,76,76,81,81,81,81,81,81,81,81,81,81,81,81,81,81],"card_choices":[{"not_picked":["Fusion","Self Repair"],"picked":"Hologram","floor":1},{"not_picked":["Beam Cell","Consume"],"picked":"Ball Lightning","floor":2},{"not_picked":["Redo","Beam Cell","Gash"],"picked":"SKIP","floor":5},{"not_picked":["Leap","Conserve Battery"],"picked":"Electrodynamics","floor":7},{"not_picked":["Scrape","Streamline"],"picked":"Steam","floor":10},{"not_picked":["Steam","Stack","Amplify"],"picked":"SKIP","floor":12},{"not_picked":["Multi-Cast","Hyperbeam"],"picked":"Biased Cognition","floor":16},{"not_picked":["Rebound","Turbo"],"picked":"Ball Lightning","floor":18},{"not_picked":["Beam Cell","Conserve Battery","Barrage"],"picked":"SKIP","floor":19},{"not_picked":["Beam Cell","Conserve Battery","Redo"],"picked":"SKIP","floor":24},{"not_picked":["Hyperbeam","Gash"],"picked":"Self Repair","floor":25},{"not_picked":["Scrape","Turbo+1","Leap"],"picked":"Force Field+1","floor":27},{"not_picked":["Rebound","Ball Lightning","Redo"],"picked":"Compile Driver+1","floor":29}],"player_experience":1355779,"relics_obtained":[{"floor":7,"key":"WingedGreaves"},{"floor":12,"key":"Bronze Scales"},{"floor":25,"key":"Ancient Tea Set"},{"floor":26,"key":"Question Card"},{"floor":29,"key":"Unceasing Top"},{"floor":31,"key":"Cables"}],"event_choices":[{"damage_healed":0,"gold_gain":0,"player_choice":"Donut","damage_taken":0,"max_hp_gain":5,"max_hp_loss":0,"event_name":"Big Fish","floor":4,"gold_loss":0},{"damage_healed":0,"gold_gain":0,"player_choice":"Entered Light","damage_taken":23,"max_hp_gain":0,"max_hp_loss":0,"event_name":"Shining Light","floor":13,"gold_loss":0,"cards_upgraded":["Defend_B","Steam"]},{"damage_healed":0,"gold_gain":0,"player_choice":"Searched \u00270\u0027 times","damage_taken":0,"max_hp_gain":0,"max_hp_loss":0,"event_name":"Dead Adventurer","floor":14,"gold_loss":0},{"damage_healed":0,"gold_gain":0,"player_choice":"Shed Blood","damage_taken":27,"max_hp_gain":5,"max_hp_loss":0,"event_name":"Forgotten Altar","floor":20,"gold_loss":0},{"cards_removed":["Strike_B"],"damage_healed":0,"gold_gain":0,"player_choice":"Gave Gold","damage_taken":0,"max_hp_gain":0,"max_hp_loss":0,"event_name":"Beggar","floor":21,"gold_loss":75},{"damage_healed":0,"gold_gain":0,"player_choice":"Ignored","damage_taken":0,"max_hp_gain":0,"max_hp_loss":0,"event_name":"The Mausoleum","floor":22,"gold_loss":0}],"is_beta":false,"boss_relics":[{"not_picked":["Ectoplasm","Fusion Hammer"],"picked":"Snecko Eye"}],"items_purged_floors":[],"is_endless":false,"potions_floor_spawned":[1,5,12,16,18,27],"killed_by":"Champ","ascension_level":20}