{"gold_per_floor":[119,135,145,21,36,36,62,62,87,106,118,118,133,208,208,279,279,294,313,228,10,10,10,10,10,10,37,52,77,77,91,91,168,168,188,202,222,222,53,83,83,83,83,83,23,0,0],"floor_reached":47,"playtime":2337,"items_purged":["Strike_G+1"],"score":1086,"play_id":"0a185e08-6216-4048-985d-c3c76f5cb622","local_time":"20181116134608","is_ascension_mode":true,"campfire_choices":[{"data":"Neutralize","floor":6.0,"key":"SMITH"},{"data":"Footwork","floor":8.0,"key":"SMITH"},{"data":"Sucker Punch","floor":12.0,"key":"SMITH"},{"floor":15.0,"key":"REST"},{"data":"Deadly Poison","floor":23.0,"key":"SMITH"},{"floor":32,"key":"REST"}],"neow_cost":"NONE","seed_source_timestamp":177524501313914,"circlet_count":0,"master_deck":["AscendersBane","Defend_G+1","Defend_G+1","Defend_G+1","Defend_G+1","Defend_G+1","Strike_G+1","Strike_G+1","Strike_G+1","Survivor","Neutralize+1","Slice","Sucker Punch+1","Deadly Poison+1","Footwork+1","Backstab","Well Laid Plans","After Image","PiercingWail","Dagger Spray","Escape Plan","Corpse Explosion","Crippling Poison+1","PiercingWail+1","All Out Attack+1","Noxious Fumes","Acrobatics+1","Malaise","Heel Hook+1","Backflip","Thinking Ahead","Good Instincts"],"special_seed":0,"relics":["Ring of the Snake","Pen Nib","Blood Vial","Regal Pillow","Velvet Choker","Ancient Tea Set","ClockworkSouvenir","Enchiridion","Ninja Scroll","Anchor","Dodecahedron","Fusion Hammer","Strawberry","Pantograph","The Courier","Red Mask"],"potions_floor_usage":[27,47],"damage_taken":[{"damage":3.0,"enemies":"Cultist","floor":1.0,"turns":5.0},{"damage":0.0,"enemies":"2 Louse","floor":2.0,"turns":4.0},{"damage":0.0,"enemies":"Small Slimes","floor":3.0,"turns":4.0},{"damage":12.0,"enemies":"2 Fungi Beasts","floor":5.0,"turns":3.0},{"damage":26.0,"enemies":"3 Sentries","floor":7.0,"turns":13.0},{"damage":0.0,"enemies":"Blue Slaver","floor":10.0,"turns":3.0},{"damage":0.0,"enemies":"Large Slime","floor":11.0,"turns":7.0},{"damage":4.0,"enemies":"Exordium Wildlife","floor":13.0,"turns":4.0},{"damage":0.0,"enemies":"The Guardian","floor":16.0,"turns":14.0},{"damage":2.0,"enemies":"Chosen","floor":18.0,"turns":6.0},{"damage":0.0,"enemies":"2 Thieves","floor":19.0,"turns":2.0},{"damage":8,"enemies":"Slavers","floor":27,"turns":4},{"damage":4,"enemies":"Centurion and Healer","floor":28,"turns":3},{"damage":12,"enemies":"Book of Stabbing","floor":29,"turns":6},{"damage":9,"enemies":"Colosseum Slavers","floor":30,"turns":4},{"damage":0,"enemies":"Snake Plant","floor":31,"turns":4},{"damage":41,"enemies":"Collector","floor":33,"turns":9},{"damage":12,"enemies":"Orb Walker","floor":35,"turns":5},{"damage":0,"enemies":"3 Darklings","floor":36,"turns":5},{"damage":9,"enemies":"Jaw Worm Horde","floor":37,"turns":3},{"damage":42,"enemies":"Nemesis","floor":40,"turns":11},{"damage":87,"enemies":"Giant Head","floor":47,"turns":11}],"seed_played":"-7355890674670262150","potions_obtained":[{"floor":3.0,"key":"PowerPotion"},{"floor":11.0,"key":"GhostInAJar"},{"floor":13.0,"key":"GhostInAJar"},{"floor":18.0,"key":"Energy Potion"},{"floor":19.0,"key":"SteroidPotion"},{"floor":36,"key":"Energy Potion"},{"floor":37,"key":"SteroidPotion"}],"is_trial":false,"path_per_floor":["M","M","M","$","M","R","E","R","T","M","M","R","M","?","R","B",null,"M","M","?","$","?","R","?","?","T","E","M","E","?","M","R","B",null,"M","M","M","?","$","E","?","?","T","?","$","?","E"],"character_chosen":"THE_SILENT","items_purchased":["Footwork","Backstab","ClockworkSouvenir","Strawberry"],"campfire_rested":2,"item_purchase_floors":[4,4,21,39],"current_hp_per_floor":[56,56,56,56,44,44,18,18,18,20,22,22,20,9,43,45,61,61,63,63,63,42,42,42,42,42,36,34,24,17,19,53,14,53,43,45,38,38,45,5,60,60,60,50,50,50,0],"gold":0,"neow_bonus":"RANDOM_COMMON_RELIC","is_prod":false,"is_daily":false,"chose_seed":false,"campfire_upgraded":4,"win_rate":0,"timestamp":1542393968,"path_taken":["M","M","M","$","M","R","E","R","T","?","M","R","M","?","R","BOSS","M","M","?","$","?","R","?","?","T","E","?","E","?","M","R","BOSS","M","M","M","?","$","E","?","?","T","?","$","?","E"],"build_version":"2018-11-15","purchased_purges":1,"victory":false,"max_hp_per_floor":[66,66,66,66,66,66,66,66,66,66,66,66,66,66,66,66,66,66,66,66,66,66,66,66,66,66,66,66,66,66,66,66,66,66,66,66,66,66,73,73,60,60,60,60,60,60,60],"card_choices":[{"not_picked":["Choke","Acrobatics"],"picked":"Slice","floor":1.0},{"not_picked":["Acrobatics","Accuracy"],"picked":"Sucker Punch","floor":2.0},{"not_picked":["Flying Knee","Dodge and Roll"],"picked":"Deadly Poison","floor":3.0},{"not_picked":["Setup","Acrobatics"],"picked":"Well Laid Plans","floor":5.0},{"not_picked":["Slice","Quick Slash"],"picked":"After Image","floor":7.0},{"not_picked":["Choke","Prepared"],"picked":"PiercingWail","floor":10.0},{"not_picked":["Dagger Throw","Distraction"],"picked":"Dagger Spray","floor":11.0},{"not_picked":["Catalyst","Calculated Gamble"],"picked":"Escape Plan","floor":13.0},{"not_picked":["Glass Knife","Envenom"],"picked":"Corpse Explosion","floor":16.0},{"not_picked":["Bouncing Flask","Well Laid Plans"],"picked":"Crippling Poison+1","floor":18.0},{"not_picked":["Crippling Poison+1","Dagger Throw","Acrobatics"],"picked":"SKIP","floor":19.0},{"not_picked":["Prepared","Endless Agony"],"picked":"PiercingWail+1","floor":27},{"not_picked":["Predator","Deflect"],"picked":"All Out Attack+1","floor":28},{"not_picked":["Prepared","Predator"],"picked":"Noxious Fumes","floor":29},{"not_picked":["Underhanded Strike","Quick Slash"],"picked":"Acrobatics+1","floor":31},{"not_picked":["A Thousand Cuts","Envenom"],"picked":"Malaise","floor":33},{"not_picked":["Prepared","Setup","Acrobatics"],"picked":"SKIP","floor":35},{"not_picked":["Backstab","Dagger Spray"],"picked":"Heel Hook+1","floor":36},{"not_picked":["Blade Dance+1","Sucker Punch","Bane+1"],"picked":"SKIP","floor":37},{"not_picked":["Slice","Calculated Gamble"],"picked":"Backflip","floor":40},{"not_picked":["Secret Weapon","Chrysalis"],"picked":"Thinking Ahead","floor":44},{"not_picked":["Jack Of All Trades","Blind"],"picked":"Good Instincts","floor":44}],"player_experience":1069327,"relics_obtained":[{"floor":7.0,"key":"Blood Vial"},{"floor":9.0,"key":"Regal Pillow"},{"floor":22.0,"key":"Enchiridion"},{"floor":26.0,"key":"Ninja Scroll"},{"floor":27,"key":"Anchor"},{"floor":29,"key":"Dodecahedron"},{"floor":40,"key":"Pantograph"},{"floor":43,"key":"The Courier"}],"event_choices":[{"damage_healed":0.0,"max_hp_gain":0.0,"max_hp_loss":0.0,"gold_gain":75.0,"event_name":"World of Goop","player_choice":"Gather Gold","floor":14.0,"gold_loss":0.0,"damage_taken":11.0},{"damage_healed":0.0,"max_hp_gain":0.0,"max_hp_loss":0.0,"gold_gain":0.0,"event_name":"Addict","player_choice":"Obtained Relic","floor":20.0,"gold_loss":85.0,"damage_taken":0.0,"relics_obtained":["Ancient Tea Set"]},{"damage_healed":0.0,"max_hp_gain":0.0,"max_hp_loss":0.0,"gold_gain":0.0,"event_name":"Cursed Tome","player_choice":"Obtained Book","floor":22.0,"gold_loss":0.0,"damage_taken":21.0},{"damage_healed":0.0,"max_hp_gain":0.0,"max_hp_loss":0.0,"gold_gain":0.0,"event_name":"Back to Basics","player_choice":"Simplicity","floor":24.0,"gold_loss":0.0,"damage_taken":0.0,"cards_upgraded":["Defend_G","Defend_G","Defend_G","Defend_G","Defend_G","Strike_G","Strike_G","Strike_G","Strike_G","Strike_G"]},{"damage_healed":0.0,"max_hp_gain":0.0,"max_hp_loss":0.0,"gold_gain":0.0,"event_name":"Ghosts","player_choice":"Ignored","floor":25.0,"gold_loss":0.0,"damage_taken":0.0},{"damage_healed":0,"gold_gain":0,"player_choice":"Fight","damage_taken":0,"max_hp_gain":0,"max_hp_loss":0,"event_name":"Colosseum","floor":30,"gold_loss":0},{"damage_healed":0,"gold_gain":0,"player_choice":"Fled From Nobs","damage_taken":0,"max_hp_gain":0,"max_hp_loss":0,"event_name":"Colosseum","floor":30,"gold_loss":0},{"damage_healed":0,"gold_gain":0,"player_choice":"Ignored","damage_taken":0,"max_hp_gain":0,"max_hp_loss":0,"event_name":"Mysterious Sphere","floor":38,"gold_loss":0},{"damage_healed":60,"gold_gain":0,"player_choice":"Heal","damage_taken":0,"max_hp_gain":0,"max_hp_loss":13,"event_name":"The Moai Head","floor":41,"gold_loss":0},{"cards_removed":["Strike_G"],"damage_healed":0,"gold_gain":0,"player_choice":"Removed Attack","damage_taken":0,"max_hp_gain":0,"max_hp_loss":0,"event_name":"Falling","floor":42,"gold_loss":0},{"damage_healed":0,"gold_gain":0,"player_choice":"Memory 3","damage_taken":10,"max_hp_gain":0,"max_hp_loss":0,"event_name":"SensoryStone","floor":44,"gold_loss":0},{"damage_healed":0,"gold_gain":0,"player_choice":"Paid","damage_taken":0,"relics_obtained":["Red Mask"],"max_hp_gain":0,"max_hp_loss":0,"event_name":"Tomb of Lord Red Mask","floor":46,"gold_loss":23}],"is_beta":false,"boss_relics":[{"not_picked":["Orrery","Eternal Feather"],"picked":"Velvet Choker"},{"not_picked":["Sozu","Runic Pyramid"],"picked":"Fusion Hammer"}],"items_purged_floors":[45],"is_endless":false,"potions_floor_spawned":[3,11,13,18,19,36,37],"killed_by":"Giant Head","ascension_level":20}