{"gold_per_floor":[16,16,16,16,16,16,47,47,115,144,160,160,186,205,205,205],"floor_reached":16,"playtime":458,"items_purged":[],"score":232,"play_id":"d9ccf3fa-4ce8-4aa9-93d2-6f2899ed2aa1","local_time":"20181130120637","is_ascension_mode":true,"campfire_choices":[{"data":"1","floor":6,"key":"LIFT"},{"data":"2","floor":8,"key":"LIFT"},{"floor":12,"key":"REST"},{"data":"3","floor":15,"key":"LIFT"}],"neow_cost":"NO_GOLD","seed_source_timestamp":428846278921702,"circlet_count":0,"master_deck":["AscendersBane","Strike_B","Strike_B+1","Strike_B","Defend_B","Defend_B","Defend_B+1","Defend_B","Zap+1","Dualcast","Barrage+1","Sweeping Beam","Genetic Algorithm","Darkness","White Noise"],"special_seed":0,"relics":["Cracked Core","Girya","Singing Bowl","Whetstone","Pear"],"potions_floor_usage":[7,10,16],"damage_taken":[{"damage":2.0,"enemies":"2 Louse","floor":1.0,"turns":3.0},{"damage":22,"enemies":"3 Sentries","floor":7,"turns":5},{"damage":11,"enemies":"Gremlin Nob","floor":10,"turns":3},{"damage":14,"enemies":"Small Slimes","floor":11,"turns":3},{"damage":22,"enemies":"3 Sentries","floor":13,"turns":6},{"damage":0,"enemies":"Cultist","floor":14,"turns":3},{"damage":23,"enemies":"Hexaghost","floor":16,"turns":7}],"seed_played":"-7098332090463069852","potions_obtained":[{"floor":5.0,"key":"FairyPotion"},{"floor":5.0,"key":"AttackPotion"},{"floor":7,"key":"SteroidPotion"},{"floor":13,"key":"AttackPotion"},{"floor":14,"key":"SpeedPotion"}],"is_trial":false,"path_per_floor":["M","?","$","?","?","R","E","R","T","E","M","R","E","M","R","B"],"character_chosen":"DEFECT","items_purchased":[],"campfire_rested":1,"item_purchase_floors":[],"current_hp_per_floor":[62,41,41,34,34,34,12,12,12,1,7,28,16,16,16,0],"gold":205,"neow_bonus":"ONE_RARE_RELIC","is_prod":false,"is_daily":false,"chose_seed":false,"campfire_upgraded":0,"win_rate":0,"timestamp":1543597597,"path_taken":["M","?","$","?","?","R","E","R","T","E","?","R","E","?","R","BOSS"],"build_version":"2018-11-15","purchased_purges":0,"victory":false,"max_hp_per_floor":[71,71,71,71,71,71,71,71,71,71,73,73,83,83,83,83],"card_choices":[{"not_picked":["Rebound","Aggregate"],"picked":"Barrage","floor":1.0},{"not_picked":["Storm","Barrage"],"picked":"Sweeping Beam","floor":7},{"not_picked":["Conserve Battery","Fusion"],"picked":"Genetic Algorithm","floor":10},{"not_picked":["Skim","Heatsinks","Undo"],"picked":"Singing Bowl","floor":11},{"not_picked":["Hologram","Barrage"],"picked":"Darkness","floor":13},{"not_picked":["Chaos","Chill"],"picked":"White Noise","floor":14}],"player_experience":1210355,"relics_obtained":[{"floor":9,"key":"Singing Bowl"},{"floor":10,"key":"Whetstone"},{"floor":13,"key":"Pear"}],"event_choices":[{"damage_healed":0.0,"max_hp_gain":0.0,"max_hp_loss":0.0,"gold_gain":0.0,"event_name":"Shining Light","player_choice":"Entered Light","floor":2.0,"gold_loss":0.0,"damage_taken":21.0,"cards_upgraded":["Zap","Defend_B"]},{"cards_removed":["Strike_B"],"damage_healed":0.0,"max_hp_gain":0.0,"max_hp_loss":0.0,"gold_gain":0.0,"event_name":"Golden Wing","player_choice":"Card Removal","floor":4.0,"gold_loss":0.0,"damage_taken":7.0},{"damage_healed":0.0,"max_hp_gain":0.0,"max_hp_loss":0.0,"gold_gain":0.0,"event_name":"Lab","player_choice":"Got Potions","floor":5.0,"gold_loss":0.0,"damage_taken":0.0}],"is_beta":false,"boss_relics":[],"items_purged_floors":[],"is_endless":false,"potions_floor_spawned":[7,13,14],"killed_by":"Hexaghost","ascension_level":20}