{"gold_per_floor":[116,116,133,147,147,147,172,246,246,246,10,41,41,69,69,167,167,190,115,115,135,153,153,53,53,77,77,115,115,135,178,178,271,271,287,287,312,202,227,265,286,309,362,378,411,476,515,540,540,540,540,540,540,17,56,56],"floor_reached":57,"playtime":7192,"items_purged":["Strike_B","Pain","Beam Cell+1"],"score":2905,"play_id":"aa3f136d-62ed-44bf-8ded-6a8226e404ef","local_time":"20190509025647","is_ascension_mode":true,"campfire_choices":[{"data":"Zap","floor":6,"key":"SMITH"},{"floor":10,"key":"REST"},{"floor":15,"key":"REST"},{"floor":23,"key":"REST"},{"data":"Hologram","floor":25,"key":"SMITH"},{"floor":27,"key":"REST"},{"floor":32,"key":"RECALL"},{"floor":49,"key":"REST"},{"floor":53,"key":"REST"}],"neow_cost":"NONE","seed_source_timestamp":373684580202836,"circlet_count":0,"master_deck":["AscendersBane","Defend_B+1","Defend_B+1","Defend_B+1","Zap+1","Dualcast+1","Turbo+1","Machine Learning+1","Doom and Gloom+1","Chill","Cold Snap","Hologram+1","Leap","Recycle+1","Coolheaded+1","Reinforced Body+1","Electrodynamics","Leap+1","Cold Snap+1","Coolheaded+1","Biased Cognition","Defragment","Chaos+1","Compile Driver+1","Recycle+1","Undo+1","Core Surge","Multi-Cast+1","Capacitor","Darkness+1"],"relics":["Astrolabe","Golden Idol","Tiny Chest","Toxic Egg 2","Oddly Smooth Stone","Matryoshka","Odd Mushroom","Lizard Tail","WarpedTongs","Bag of Preparation","Centennial Puzzle","Dead Branch","Strawberry","Fusion Hammer","Bird Faced Urn","DataDisk","Juzu Bracelet","Incense Burner","Smiling Mask","Bronze Scales","Medical Kit","Unceasing Top"],"potions_floor_usage":[14,16,28,33,41,55,56,56],"damage_taken":[{"damage":16,"enemies":"Small Slimes","floor":1,"turns":4},{"damage":7,"enemies":"Jaw Worm","floor":3,"turns":2},{"damage":0,"enemies":"Cultist","floor":4,"turns":3},{"damage":0,"enemies":"Large Slime","floor":7,"turns":5},{"damage":8,"enemies":"3 Sentries","floor":8,"turns":6},{"damage":30,"enemies":"Gremlin Nob","floor":12,"turns":4},{"damage":11,"enemies":"The Mushroom Lair","floor":14,"turns":5},{"damage":0,"enemies":"The Guardian","floor":16,"turns":12},{"damage":7,"enemies":"Chosen","floor":18,"turns":5},{"damage":7,"enemies":"Shell Parasite","floor":21,"turns":7},{"damage":28,"enemies":"Centurion and Healer","floor":22,"turns":7},{"damage":0,"enemies":"Slavers","floor":28,"turns":4},{"damage":0,"enemies":"Snecko","floor":30,"turns":7},{"damage":6,"enemies":"Book of Stabbing","floor":31,"turns":6},{"damage":58,"enemies":"Automaton","floor":33,"turns":15},{"damage":0,"enemies":"3 Shapes","floor":35,"turns":3},{"damage":0,"enemies":"Orb Walker","floor":37,"turns":3},{"damage":7,"enemies":"4 Shapes","floor":39,"turns":3},{"damage":14,"enemies":"Giant Head","floor":40,"turns":8},{"damage":0,"enemies":"Writhing Mass","floor":41,"turns":8},{"damage":23,"enemies":"3 Darklings","floor":42,"turns":15},{"damage":6,"enemies":"Sphere and 2 Shapes","floor":44,"turns":25},{"damage":5,"enemies":"Reptomancer","floor":45,"turns":8},{"damage":9,"enemies":"2 Orb Walkers","floor":46,"turns":3},{"damage":35,"enemies":"Giant Head","floor":47,"turns":14},{"damage":0,"enemies":"Transient","floor":48,"turns":6},{"damage":49,"enemies":"Awakened One","floor":50,"turns":40},{"damage":1,"enemies":"Time Eater","floor":51,"turns":41},{"damage":28,"enemies":"Shield and Spear","floor":55,"turns":8},{"damage":59,"enemies":"The Heart","floor":56,"turns":11}],"seed_played":"-289402214994229292","potions_obtained":[{"floor":1,"key":"Fruit Juice"},{"floor":8,"key":"FairyPotion"},{"floor":14,"key":"Explosive Potion"},{"floor":21,"key":"Poison Potion"},{"floor":22,"key":"FocusPotion"},{"floor":30,"key":"Explosive Potion"},{"floor":31,"key":"Block Potion"},{"floor":33,"key":"Poison Potion"},{"floor":35,"key":"GamblersBrew"},{"floor":37,"key":"FocusPotion"},{"floor":41,"key":"SteroidPotion"},{"floor":47,"key":"Block Potion"},{"floor":55,"key":"LiquidBronze"}],"is_trial":false,"path_per_floor":["M","?","M","M","?","R","M","E","T","R","$","E","$","?","R","B",null,"M","$","?","M","M","R","$","R","T","R","E","?","M","E","R","B",null,"M","?","M","?","M","E","M","M","T","M","E","?","E","M","R","B","B",null,"R","$","E","B",null],"character_chosen":"DEFECT","items_purchased":["Recycle+1","Oddly Smooth Stone","Bronze Scales","Medical Kit","Darkness+1"],"campfire_rested":6,"item_purchase_floors":[11,11,54,54,54],"current_hp_per_floor":[48,27,20,20,20,20,20,12,12,31,31,1,1,6,26,26,58,51,51,51,44,16,36,36,36,36,56,56,56,56,57,57,38,67,67,67,67,67,60,46,60,51,51,76,76,69,43,57,76,43,76,76,76,76,62,15],"gold":56,"neow_bonus":"BOSS_RELIC","is_prod":false,"is_daily":false,"chose_seed":false,"campfire_upgraded":2,"win_rate":0,"timestamp":1557385007,"path_taken":["M","?","M","M","?","R","M","E","T","R","$","E","?","?","R","BOSS","M","$","?","M","M","R","?","R","T","R","E","?","?","E","R","BOSS","M","?","M","?","?","E","M","M","T","M","E","?","E","M","R","BOSS","BOSS","R","$","E","BOSS"],"build_version":"2019-01-23","purchased_purges":3,"victory":true,"max_hp_per_floor":[71,71,71,71,64,64,64,64,64,64,64,64,64,69,69,69,69,69,69,69,69,69,69,69,69,69,69,69,69,69,76,76,76,76,76,76,76,76,76,76,76,76,76,76,76,76,76,76,76,76,76,76,76,76,76,76],"card_choices":[{"not_picked":["Cold Snap","Fusion"],"picked":"Doom and Gloom","floor":1},{"not_picked":["Reprogram","Lockon"],"picked":"Chill","floor":3},{"not_picked":["Stack","Hologram"],"picked":"Cold Snap","floor":4},{"not_picked":["Leap","Loop"],"picked":"Hologram","floor":7},{"not_picked":["Gash","Chaos"],"picked":"Leap","floor":8},{"not_picked":["Beam Cell","Fusion+1"],"picked":"Coolheaded+1","floor":12},{"not_picked":["Gash","Chill+1"],"picked":"Reinforced Body+1","floor":14},{"not_picked":["Creative AI","Machine Learning"],"picked":"Electrodynamics","floor":16},{"not_picked":["Reinforced Body+1","Force Field+1"],"picked":"Leap+1","floor":18},{"not_picked":["Scrape","Go for the Eyes","Conserve Battery+1"],"picked":"SKIP","floor":21},{"not_picked":["Stack+1","Steam+1"],"picked":"Cold Snap","floor":22},{"not_picked":["FTL","Ball Lightning","Sunder"],"picked":"SKIP","floor":28},{"not_picked":["Gash","Scrape"],"picked":"Coolheaded+1","floor":30},{"not_picked":["Ball Lightning","Barrage","Stack+1"],"picked":"SKIP","floor":31},{"not_picked":["Seek+1","Core Surge"],"picked":"Biased Cognition","floor":33},{"not_picked":["Rebound","Compile Driver+1"],"picked":"Defragment","floor":35},{"not_picked":["Stack+1","Cold Snap"],"picked":"Chaos+1","floor":37},{"not_picked":["Streamline","Cold Snap"],"picked":"Compile Driver+1","floor":39},{"not_picked":["Ball Lightning","Reprogram+1"],"picked":"Recycle+1","floor":40},{"not_picked":["Barrage","Reprogram+1","Steam+1"],"picked":"SKIP","floor":41},{"not_picked":["Chaos+1","Cold Snap+1"],"picked":"Undo+1","floor":42},{"not_picked":["Barrage+1","Streamline"],"picked":"Core Surge","floor":44},{"not_picked":["Force Field+1","Gash+1"],"picked":"Multi-Cast+1","floor":45},{"not_picked":["Auto Shields+1","Redo+1"],"picked":"Capacitor","floor":46},{"not_picked":["Steam+1","Barrage","Melter"],"picked":"SKIP","floor":47},{"not_picked":["Auto Shields+1","Undo+1","Lockon"],"picked":"SKIP","floor":48},{"not_picked":["Stack+1","Streamline+1","Doom and Gloom+1"],"picked":"SKIP","floor":55}],"player_experience":1377521,"relics_obtained":[{"floor":8,"key":"Tiny Chest"},{"floor":9,"key":"Toxic Egg 2"},{"floor":12,"key":"Matryoshka"},{"floor":14,"key":"Odd Mushroom"},{"floor":26,"key":"Bag of Preparation"},{"floor":26,"key":"Centennial Puzzle"},{"floor":28,"key":"Dead Branch"},{"floor":31,"key":"Strawberry"},{"floor":40,"key":"Bird Faced Urn"},{"floor":43,"key":"DataDisk"},{"floor":45,"key":"Juzu Bracelet"},{"floor":46,"key":"Incense Burner"},{"floor":47,"key":"Smiling Mask"},{"floor":55,"key":"Unceasing Top"}],"event_choices":[{"damage_healed":0,"gold_gain":0,"player_choice":"Entered Light","damage_taken":21,"max_hp_gain":0,"max_hp_loss":0,"event_name":"Shining Light","floor":2,"gold_loss":0,"cards_upgraded":["Doom and Gloom","Dualcast"]},{"damage_healed":0,"gold_gain":0,"player_choice":"Lose Max HP","damage_taken":0,"relics_obtained":["Golden Idol"],"max_hp_gain":0,"max_hp_loss":7,"event_name":"Golden Idol","floor":5,"gold_loss":0},{"damage_healed":0,"gold_gain":0,"player_choice":"Fought Mushrooms","damage_taken":0,"max_hp_gain":0,"max_hp_loss":0,"event_name":"Mushrooms","floor":14,"gold_loss":0},{"damage_healed":0,"gold_gain":0,"player_choice":"Rummage","damage_taken":0,"relics_obtained":["WarpedTongs"],"max_hp_gain":0,"max_hp_loss":0,"event_name":"Accursed Blacksmith","floor":20,"gold_loss":0,"cards_obtained":["Pain"]},{"damage_healed":0,"gold_gain":0,"player_choice":"Simplicity","damage_taken":0,"max_hp_gain":0,"max_hp_loss":0,"event_name":"Back to Basics","floor":29,"gold_loss":0,"cards_upgraded":["Defend_B","Defend_B","Defend_B","Defend_B"]},{"damage_healed":0,"gold_gain":0,"player_choice":"Ignored","damage_taken":0,"max_hp_gain":0,"max_hp_loss":0,"event_name":"Tomb of Lord Red Mask","floor":36,"gold_loss":0},{"cards_removed":["Defend_B"],"damage_healed":0,"gold_gain":0,"player_choice":"Upgrade and Remove","damage_taken":0,"max_hp_gain":0,"max_hp_loss":0,"event_name":"Designer","floor":38,"gold_loss":110,"cards_upgraded":["Cold Snap"]},{"damage_healed":0,"gold_gain":0,"player_choice":"Fight","damage_taken":0,"max_hp_gain":0,"max_hp_loss":0,"event_name":"Mysterious Sphere","floor":46,"gold_loss":0}],"is_beta":false,"boss_relics":[{"not_picked":["Eternal Feather","Calling Bell"],"picked":"Lizard Tail"},{"not_picked":["Runic Dome","Black Star"],"picked":"Fusion Hammer"}],"items_purged_floors":[19,24,54],"is_endless":false,"potions_floor_spawned":[1,8,14,21,22,30,31,33,35,37,39,41,47,55],"ascension_level":20}