{"gold_per_floor":[20,40,5,17,32,32,43,43,43,54,54,154,166,184,184,184],"floor_reached":16,"playtime":495,"items_purged":[],"score":158,"play_id":"12fdc4c1-2490-4e98-88eb-f5930ec1bbf4","local_time":"20190713110242","is_ascension_mode":true,"campfire_choices":[{"data":"1","floor":6,"key":"LIFT"},{"data":"2","floor":8,"key":"LIFT"},{"data":"Bullet Time","floor":11,"key":"SMITH"},{"data":"3","floor":15,"key":"LIFT"}],"neow_cost":"NO_GOLD","seed_source_timestamp":71099563274676,"circlet_count":0,"master_deck":["AscendersBane","Strike_G","Strike_G","Strike_G","Strike_G","Strike_G","Defend_G","Defend_G","Defend_G","Defend_G","Defend_G","Survivor","Neutralize","Predator","Deflect","Slice","Dagger Spray","Bullet Time+1","Escape Plan"],"relics":["Ring of the Snake","Girya","Letter Opener"],"potions_floor_usage":[16],"damage_taken":[{"damage":4,"enemies":"2 Louse","floor":1,"turns":4},{"damage":3,"enemies":"Cultist","floor":2,"turns":4},{"damage":2,"enemies":"Small Slimes","floor":4,"turns":4},{"damage":0,"enemies":"Blue Slaver","floor":5,"turns":4},{"damage":0,"enemies":"Large Slime","floor":7,"turns":4},{"damage":0,"enemies":"Exordium Wildlife","floor":10,"turns":2},{"damage":1,"enemies":"2 Fungi Beasts","floor":13,"turns":2},{"damage":5,"enemies":"Red Slaver","floor":14,"turns":3},{"damage":65,"enemies":"Slime Boss","floor":16,"turns":8}],"seed_played":"5110394808106141142","potions_obtained":[{"floor":1,"key":"SpeedPotion"},{"floor":5,"key":"LiquidBronze"}],"is_trial":false,"path_per_floor":["M","M","?","M","M","R","M","R","T","M","R","?","M","M","R","B"],"character_chosen":"THE_SILENT","items_purchased":[],"campfire_rested":0,"item_purchase_floors":[],"current_hp_per_floor":[59,56,70,68,68,68,68,68,68,68,68,68,67,62,62,0],"gold":184,"neow_bonus":"ONE_RARE_RELIC","is_prod":false,"is_daily":false,"chose_seed":false,"campfire_upgraded":1,"win_rate":0,"timestamp":1563030162,"path_taken":["M","M","?","M","M","R","M","R","T","M","R","?","?","M","R","BOSS"],"build_version":"2019-07-05","purchased_purges":0,"victory":false,"max_hp_per_floor":[70,70,70,70,70,70,70,70,70,70,70,70,70,70,70,70],"card_choices":[{"not_picked":["Deflect","Dagger Spray"],"picked":"Predator","floor":1},{"not_picked":["Expertise","Deadly Poison"],"picked":"Deflect","floor":2},{"not_picked":["Poisoned Stab","Concentrate"],"picked":"Slice","floor":4},{"not_picked":["Finisher","All Out Attack"],"picked":"Dagger Spray","floor":5},{"not_picked":["Acrobatics","Prepared","Sucker Punch"],"picked":"SKIP","floor":7},{"not_picked":["Sucker Punch","Dagger Throw"],"picked":"Bullet Time","floor":10},{"not_picked":["Outmaneuver","Blade Dance","Deflect"],"picked":"SKIP","floor":13},{"not_picked":["Quick Slash","Acrobatics"],"picked":"Escape Plan","floor":14}],"player_experience":509058,"relics_obtained":[{"floor":9,"key":"Letter Opener"}],"event_choices":[{"damage_healed":17,"gold_gain":0,"player_choice":"Healed","damage_taken":0,"max_hp_gain":0,"max_hp_loss":0,"event_name":"The Cleric","floor":3,"gold_loss":35},{"damage_healed":0,"gold_gain":100,"player_choice":"Pray","damage_taken":0,"max_hp_gain":0,"max_hp_loss":0,"event_name":"Golden Shrine","floor":12,"gold_loss":0}],"is_beta":false,"boss_relics":[],"items_purged_floors":[],"is_endless":false,"potions_floor_spawned":[1,5,10,14],"killed_by":"Slime Boss","ascension_level":13}