{"gold_per_floor":[116,116,129,28,28,47,59,59,59,59,76,76,90,110,110,212,212,137,137,137,137,137,137,137,0,0,0,0,0,0,0,0,0,0,0,0,0,0,0,0,0,0],"floor_reached":42,"playtime":1956,"items_purged":[],"score":580,"play_id":"211af095-d8b4-4f21-9f5f-a01cacbca8ba","local_time":"20190721235132","is_ascension_mode":true,"campfire_choices":[{"data":"Noxious Fumes","floor":8,"key":"SMITH"},{"data":"Poisoned Stab","floor":10,"key":"SMITH"},{"data":"Dagger Spray","floor":12,"key":"SMITH"},{"data":"Malaise","floor":15,"key":"SMITH"},{"floor":24,"key":"REST"},{"floor":27,"key":"REST"},{"floor":32,"key":"REST"},{"data":"Catalyst","floor":40,"key":"SMITH"}],"neow_cost":"NONE","seed_source_timestamp":342006297682478,"circlet_count":0,"master_deck":["Strike_G","Strike_G","Strike_G","Strike_G","Defend_G","Defend_G","Defend_G","Defend_G","Defend_G","Survivor","Neutralize+1","Poisoned Stab+1","PiercingWail","Sucker Punch","Escape Plan","Flying Knee","Noxious Fumes+1","Dagger Spray+1","Malaise+1","Predator+1","Wraith Form v2","Dagger Spray+1","Venomology","Writhe","Bouncing Flask","Leg Sweep+1","Decay","Envenom","Catalyst+1","Cloak And Dagger","Heel Hook+1","Cloak And Dagger+1"],"relics":["Ring of the Snake","Bag of Marbles","Letter Opener","Ectoplasm","Pantograph","FossilizedHelix","Tiny Chest","Whetstone","Eternal Feather"],"potions_floor_usage":[16,20,22,23,23,28,29,29,33,33,33,33,33,33,38,38,41,41,42],"damage_taken":[{"damage":4,"enemies":"Small Slimes","floor":1,"turns":4},{"damage":4,"enemies":"Jaw Worm","floor":3,"turns":2},{"damage":0,"enemies":"Cultist","floor":6,"turns":3},{"damage":2,"enemies":"2 Fungi Beasts","floor":7,"turns":4},{"damage":2,"enemies":"Blue Slaver","floor":11,"turns":4},{"damage":0,"enemies":"3 Louse","floor":13,"turns":3},{"damage":0,"enemies":"Large Slime","floor":14,"turns":4},{"damage":24,"enemies":"Hexaghost","floor":16,"turns":10},{"damage":3,"enemies":"2 Thieves","floor":18,"turns":5},{"damage":10,"enemies":"Shell Parasite","floor":19,"turns":7},{"damage":14,"enemies":"Snake Plant","floor":20,"turns":6},{"damage":10,"enemies":"Centurion and Healer","floor":22,"turns":7},{"damage":9,"enemies":"Book of Stabbing","floor":23,"turns":8},{"damage":17,"enemies":"Sentry and Sphere","floor":28,"turns":5},{"damage":22,"enemies":"Snake Plant","floor":29,"turns":3},{"damage":64,"enemies":"Collector","floor":33,"turns":9},{"damage":17,"enemies":"3 Darklings","floor":35,"turns":5},{"damage":2,"enemies":"Orb Walker","floor":38,"turns":4},{"damage":6,"enemies":"Writhing Mass","floor":39,"turns":6},{"damage":18,"enemies":"4 Shapes","floor":41,"turns":5},{"damage":49,"enemies":"Reptomancer","floor":42,"turns":3}],"seed_played":"-4783047348458014525","potions_obtained":[{"floor":6,"key":"Swift Potion"},{"floor":7,"key":"FearPotion"},{"floor":18,"key":"Poison Potion"},{"floor":20,"key":"EssenceOfSteel"},{"floor":23,"key":"Energy Potion"},{"floor":29,"key":"EntropicBrew"},{"floor":35,"key":"PowerPotion"},{"floor":36,"key":"FairyPotion"},{"floor":38,"key":"Poison Potion"}],"is_trial":false,"path_per_floor":["M","?","M","$","?","M","M","R","T","R","M","R","M","M","R","B",null,"M","M","M","?","M","E","R","?","T","R","M","M","?","T","R","B",null,"M","?","$","M","M","R","M","E"],"character_chosen":"THE_SILENT","items_purchased":["PiercingWail","Sucker Punch"],"campfire_rested":3,"item_purchase_floors":[4,4],"current_hp_per_floor":[59,59,55,55,55,55,53,53,53,53,51,51,51,51,51,27,59,56,46,32,32,22,13,34,34,34,55,38,16,16,16,37,12,56,39,39,39,37,31,49,31,0],"gold":0,"neow_bonus":"RANDOM_COMMON_RELIC","is_prod":false,"is_daily":false,"chose_seed":false,"campfire_upgraded":5,"win_rate":0,"timestamp":1563771092,"path_taken":["M","?","M","$","?","M","M","R","T","R","?","R","M","M","R","BOSS","M","M","M","?","M","E","R","?","T","R","M","M","?","?","R","BOSS","M","?","$","M","M","R","M","E"],"build_version":"2019-07-17","purchased_purges":0,"victory":false,"max_hp_per_floor":[70,70,70,70,70,70,70,70,70,70,70,70,70,70,70,70,70,70,70,70,70,70,70,70,70,70,70,70,70,70,70,70,70,70,70,70,70,70,70,70,70,70],"card_choices":[{"not_picked":["Underhanded Strike","Dodge and Roll"],"picked":"Poisoned Stab","floor":1},{"not_picked":["Dodge and Roll","Setup","Acrobatics"],"picked":"SKIP","floor":3},{"not_picked":["Reflex","Calculated Gamble"],"picked":"Flying Knee","floor":6},{"not_picked":["Terror","Slice"],"picked":"Noxious Fumes","floor":7},{"not_picked":["Cloak And Dagger","Backflip"],"picked":"Dagger Spray","floor":11},{"not_picked":["Catalyst","Prepared"],"picked":"Malaise","floor":13},{"not_picked":["Deadly Poison","Blade Dance"],"picked":"Predator","floor":14},{"not_picked":["Malaise","Doppelganger"],"picked":"Wraith Form v2","floor":16},{"not_picked":["Prepared","Blade Dance"],"picked":"Dagger Spray","floor":18},{"not_picked":["Deadly Poison","All Out Attack","Acrobatics"],"picked":"SKIP","floor":19},{"not_picked":["Underhanded Strike","Prepared"],"picked":"Venomology","floor":20},{"not_picked":["Caltrops","Acrobatics+1"],"picked":"Bouncing Flask","floor":22},{"not_picked":["Blur","Tactician","Dagger Spray"],"picked":"SKIP","floor":23},{"not_picked":["Prepared+1","Outmaneuver+1"],"picked":"Leg Sweep+1","floor":28},{"not_picked":["Deadly Poison","Prepared","Flechettes"],"picked":"SKIP","floor":29},{"not_picked":["Unload","Burst"],"picked":"Envenom","floor":33},{"not_picked":["Quick Slash","Bane"],"picked":"Catalyst","floor":35},{"not_picked":["Quick Slash+1","Slice+1"],"picked":"Cloak And Dagger","floor":38},{"not_picked":["Distraction+1","Backstab"],"picked":"Heel Hook+1","floor":39},{"not_picked":["Setup","Prepared+1"],"picked":"Cloak And Dagger+1","floor":41}],"player_experience":205773,"relics_obtained":[{"floor":9,"key":"Letter Opener"},{"floor":23,"key":"FossilizedHelix"},{"floor":26,"key":"Tiny Chest"},{"floor":31,"key":"Whetstone"}],"event_choices":[{"damage_healed":0,"gold_gain":0,"player_choice":"Grow","damage_taken":0,"max_hp_gain":0,"max_hp_loss":0,"event_name":"Living Wall","floor":2,"gold_loss":0,"cards_upgraded":["Neutralize"]},{"damage_healed":0,"gold_gain":0,"cards_transformed":["Strike_G"],"player_choice":"Transformed","damage_taken":0,"max_hp_gain":0,"max_hp_loss":0,"event_name":"Transmorgrifier","floor":5,"gold_loss":0,"cards_obtained":["Escape Plan"]},{"damage_healed":0,"gold_gain":0,"player_choice":"Opened","damage_taken":0,"relics_obtained":["Pantograph"],"max_hp_gain":0,"max_hp_loss":0,"event_name":"The Mausoleum","floor":21,"gold_loss":0,"cards_obtained":["Writhe"]},{"damage_healed":0,"gold_gain":0,"player_choice":"Paid Fearfully","damage_taken":0,"max_hp_gain":0,"max_hp_loss":0,"event_name":"Masked Bandits","floor":25,"gold_loss":137},{"damage_healed":0,"gold_gain":0,"player_choice":"Smashed Altar","damage_taken":0,"max_hp_gain":0,"max_hp_loss":0,"event_name":"Forgotten Altar","floor":30,"gold_loss":0,"cards_obtained":["Decay"]},{"damage_healed":0,"gold_gain":0,"player_choice":"Got Potions","damage_taken":0,"max_hp_gain":0,"max_hp_loss":0,"event_name":"Lab","floor":36,"gold_loss":0}],"is_beta":false,"boss_relics":[{"not_picked":["Ring of the Serpent","White Beast Statue"],"picked":"Ectoplasm"},{"not_picked":["HoveringKite","Snecko Eye"],"picked":"Eternal Feather"}],"items_purged_floors":[],"is_endless":false,"potions_floor_spawned":[6,7,18,20,23,29,35,38],"killed_by":"Reptomancer","ascension_level":8}