{"gold_per_floor":[113,123,142,67,77,77,103,103,103,128,128,128],"floor_reached":12,"playtime":433,"items_purged":["Regret"],"score":176,"play_id":"69a05cbf-ca59-4834-bb78-f5e58412a879","local_time":"20181125130742","is_ascension_mode":true,"campfire_choices":[{"data":"Feed","floor":6,"key":"SMITH"},{"data":"Bash","floor":8,"key":"SMITH"},{"data":"Disarm","floor":11,"key":"SMITH"}],"neow_cost":"CURSE","seed_source_timestamp":523758536777,"circlet_count":0,"master_deck":["AscendersBane","Strike_R","Strike_R","Strike_R","Strike_R","Strike_R","Defend_R","Defend_R","Defend_R","Defend_R","Bash+1","Feed+1","Spot Weakness","Sword Boomerang","Disarm+1","Sword Boomerang","Dropkick"],"relics":["Burning Blood","Bag of Preparation","Ornamental Fan","Shovel"],"potions_floor_usage":[7,10,12],"damage_taken":[{"damage":11,"enemies":"Cultist","floor":1,"turns":4},{"damage":6,"enemies":"2 Louse","floor":2,"turns":4},{"damage":14,"enemies":"Jaw Worm","floor":3,"turns":3},{"damage":7,"enemies":"Looter","floor":5,"turns":4},{"damage":40,"enemies":"3 Sentries","floor":7,"turns":7},{"damage":32,"enemies":"Gremlin Nob","floor":10,"turns":4},{"damage":25,"enemies":"Lots of Slimes","floor":12,"turns":4}],"seed_played":"-7758273873298263117","potions_obtained":[{"floor":2,"key":"SpeedPotion"},{"floor":5,"key":"Block Potion"},{"floor":7,"key":"Regen Potion"}],"is_trial":false,"path_per_floor":["M","M","M","$","M","R","E","R","T","E","R","M"],"character_chosen":"IRONCLAD","items_purchased":[],"campfire_rested":0,"item_purchase_floors":[],"current_hp_per_floor":[66,69,64,64,63,63,33,33,33,19,19,0],"gold":128,"neow_bonus":"THREE_RARE_CARDS","is_prod":false,"is_daily":false,"chose_seed":false,"campfire_upgraded":3,"win_rate":0,"timestamp":1543169262,"path_taken":["M","M","M","$","M","R","E","R","T","E","R","M"],"build_version":"2018-11-15","purchased_purges":1,"victory":false,"max_hp_per_floor":[78,81,84,84,84,84,88,88,88,88,88,92],"card_choices":[{"not_picked":["Brutality","Bludgeon"],"picked":"Feed","floor":0},{"not_picked":["Rampage","Warcry"],"picked":"Spot Weakness","floor":1},{"not_picked":["Clothesline","Warcry"],"picked":"Sword Boomerang","floor":2},{"not_picked":["Thunderclap","Metallicize"],"picked":"Disarm","floor":3},{"not_picked":["Sword Boomerang","Body Slam","Corruption"],"picked":"SKIP","floor":5},{"not_picked":["Carnage","Cleave"],"picked":"Sword Boomerang","floor":7},{"not_picked":["Twin Strike","Rampage"],"picked":"Dropkick","floor":10}],"player_experience":1153636,"relics_obtained":[{"floor":7,"key":"Bag of Preparation"},{"floor":9,"key":"Ornamental Fan"},{"floor":10,"key":"Shovel"}],"event_choices":[],"is_beta":false,"boss_relics":[],"items_purged_floors":[4],"is_endless":false,"potions_floor_spawned":[2,5,7],"killed_by":"Lots of Slimes","ascension_level":20}