{"gold_per_floor":[113,124,142,317,317,343,343,368,450,450,464,464,184,195,195,290,290,290,215,215,165,165,165,165,165,165,165,165,165,165,165,165,165,165,165,165,165,16,16,16,16,16,16,16,16,16,16,16,16,16],"floor_reached":51,"playtime":5083,"items_purged":["Doubt"],"score":1014,"play_id":"d80f74d8-737e-4a71-87ae-483de477461c","local_time":"20180713004913","is_ascension_mode":false,"campfire_choices":[{"data":"Spot Weakness","floor":7,"key":"SMITH"},{"data":"Heavy Blade","floor":10,"key":"SMITH"},{"data":"Anger","floor":15,"key":"SMITH"},{"data":"Demon Form","floor":23,"key":"SMITH"},{"floor":29,"key":"REST"},{"data":"Rage","floor":32,"key":"SMITH"},{"floor":41,"key":"REST"},{"floor":44,"key":"REST"},{"data":"Flex","floor":46,"key":"SMITH"},{"floor":49,"key":"REST"}],"neow_cost":"NONE","seed_source_timestamp":102089745275304,"circlet_count":0,"master_deck":["Strike_R","Strike_R","Strike_R","Strike_R","Strike_R","Defend_R","Defend_R","Defend_R","Defend_R","Bash","Demon Form+1","Pommel Strike","Clash","Spot Weakness+1","Metallicize","Heavy Blade+1","Anger+1","Bash","Reaper+1","Impervious","Dual Wield+1","Pommel Strike+1","Clash+1","Perfected Strike","Battle Trance+1","Shrug It Off","Armaments+1","Perfected Strike+1","Rage+1","Reaper","Headbutt+1","Shrug It Off+1","Cleave+1","Body Slam+1","Flex+1","Entrench","Clash","Clash+1","Heavy Blade"],"relics":["Burning Blood","Ice Cream","Blood Vial","Letter Opener","Lee\u0027s Waffle","Ectoplasm","Dodecahedron","Meat on the Bone","Juzu Bracelet","Black Star","Old Coin","Anchor","Unceasing Top","Sundial","Strawberry","Whetstone","Ornamental Fan","Mercury Hourglass","Matryoshka"],"potions_floor_usage":[33],"damage_taken":[{"damage":0,"enemies":"Cultist","floor":1,"turns":4},{"damage":6,"enemies":"Jaw Worm","floor":2,"turns":3},{"damage":5,"enemies":"2 Louse","floor":3,"turns":3},{"damage":31,"enemies":"Lagavulin","floor":6,"turns":6},{"damage":21,"enemies":"3 Sentries","floor":8,"turns":7},{"damage":9,"enemies":"Looter","floor":11,"turns":4},{"damage":9,"enemies":"Blue Slaver","floor":14,"turns":2},{"damage":35,"enemies":"Slime Boss","floor":16,"turns":5},{"damage":5,"enemies":"Chosen","floor":18,"turns":3},{"damage":17,"enemies":"Spheric Guardian","floor":20,"turns":4},{"damage":12,"enemies":"Snake Plant","floor":22,"turns":4},{"damage":44,"enemies":"Slavers","floor":24,"turns":4},{"damage":20,"enemies":"3 Cultists","floor":25,"turns":5},{"damage":29,"enemies":"Cultist and Chosen","floor":27,"turns":4},{"damage":18,"enemies":"Book of Stabbing","floor":28,"turns":4},{"damage":33,"enemies":"Snake Plant","floor":30,"turns":5},{"damage":15,"enemies":"Snecko","floor":31,"turns":3},{"damage":63,"enemies":"Automaton","floor":33,"turns":9},{"damage":8,"enemies":"3 Shapes","floor":35,"turns":9},{"damage":45,"floor":36,"turns":6},{"damage":17,"enemies":"Flame Bruiser 1 Orb","floor":37,"turns":6},{"damage":23,"enemies":"Spire Growth","floor":39,"turns":5},{"damage":46,"enemies":"2 Orb Walkers","floor":40,"turns":4},{"damage":45,"enemies":"Giant Head","floor":42,"turns":8},{"damage":16,"enemies":"Sphere and 2 Shapes","floor":45,"turns":4},{"damage":73,"enemies":"2 Orb Walkers","floor":47,"turns":7},{"damage":18,"enemies":"3 Darklings","floor":48,"turns":4},{"damage":83,"enemies":"Awakened One","floor":50,"turns":11}],"seed_played":"-2990838579703449439","potions_obtained":[{"floor":3,"key":"FairyPotion"},{"floor":8,"key":"EssenceOfSteel"},{"floor":11,"key":"Explosive Potion"},{"floor":20,"key":"Regen Potion"},{"floor":24,"key":"Energy Potion"},{"floor":35,"key":"Block Potion"}],"is_trial":false,"path_per_floor":["M","M","M","?","?","E","R","E","T","R","M","?","$","M","R","B",null,"M","?","M","?","M","R","E","M","T","M","E","R","M","M","R","B",null,"M","?","M","$","M","E","R","E","T","R","M","R","E","M","R","B"],"character_chosen":"IRONCLAD","items_purchased":["Lee\u0027s Waffle","Anchor"],"campfire_rested":4,"item_purchase_floors":[13,38],"current_hp_per_floor":[80,80,80,80,85,60,60,45,45,45,44,44,92,89,89,62,92,92,92,81,81,81,81,45,45,45,44,46,73,60,53,53,33,92,92,60,59,59,65,59,86,60,60,89,89,89,51,94,99,51],"gold":16,"neow_bonus":"ONE_RANDOM_RARE_CARD","is_prod":false,"is_daily":false,"chose_seed":false,"campfire_upgraded":6,"win_rate":0.0,"timestamp":1531457353,"path_taken":["M","M","?","?","?","E","R","E","T","R","M","?","$","M","R","BOSS","M","?","?","?","M","R","E","M","T","?","E","R","M","M","R","BOSS","M","?","M","$","M","E","R","E","T","R","M","R","E","M","R","BOSS"],"build_version":"2018-07-12","purchased_purges":1,"victory":true,"max_hp_per_floor":[80,80,80,80,85,85,85,85,85,85,85,85,92,92,92,92,92,92,92,92,92,92,92,92,92,92,92,92,92,92,92,92,92,92,92,92,92,92,92,92,92,99,99,99,99,99,99,99,99,99],"card_choices":[{"not_picked":["Second Wind","Power Through"],"picked":"Pommel Strike","floor":1},{"not_picked":["True Grit","Warcry"],"picked":"Clash","floor":2},{"not_picked":["Cleave","Armaments"],"picked":"Spot Weakness","floor":3},{"not_picked":["Warcry","Pommel Strike"],"picked":"Metallicize","floor":6},{"not_picked":["True Grit","Shrug It Off"],"picked":"Heavy Blade","floor":8},{"not_picked":["True Grit","Searing Blow"],"picked":"Anger","floor":11},{"not_picked":["Shockwave","Clothesline"],"picked":"Reaper","floor":14},{"not_picked":["Fiend Fire","Dark Embrace"],"picked":"Impervious","floor":16},{"not_picked":["Pummel","Pommel Strike"],"picked":"Dual Wield+1","floor":18},{"not_picked":["Shockwave","Thunderclap"],"picked":"Pommel Strike+1","floor":20},{"not_picked":["Pommel Strike","Iron Wave"],"picked":"Clash","floor":22},{"not_picked":["Sword Boomerang+1","Feed"],"picked":"Perfected Strike","floor":24},{"not_picked":["Thunderclap","Headbutt"],"picked":"Battle Trance+1","floor":25},{"not_picked":["Thunderclap","Clothesline+1"],"picked":"Shrug It Off","floor":27},{"not_picked":["True Grit+1","Hemokinesis"],"picked":"Armaments+1","floor":28},{"not_picked":["Cleave","Flex"],"picked":"Perfected Strike+1","floor":30},{"not_picked":["Shockwave","Body Slam"],"picked":"Rage","floor":31},{"not_picked":["Bludgeon","Fiend Fire"],"picked":"Reaper","floor":33},{"not_picked":["Rampage","Hemokinesis+1"],"picked":"Headbutt+1","floor":35},{"not_picked":["Iron Wave+1","Perfected Strike+1"],"picked":"Shrug It Off+1","floor":36},{"not_picked":["Clothesline","Pommel Strike"],"picked":"Cleave+1","floor":37},{"not_picked":["Carnage","Pommel Strike"],"picked":"Body Slam+1","floor":39},{"not_picked":["Clothesline","Clash"],"picked":"Flex","floor":40},{"not_picked":["Searing Blow+1","Sever Soul+1"],"picked":"Entrench","floor":42},{"not_picked":["Body Slam","Pommel Strike+1"],"picked":"Clash","floor":45},{"not_picked":["Fire Breathing+1","Perfected Strike+1"],"picked":"Clash+1","floor":47},{"not_picked":["Clothesline","Juggernaut"],"picked":"Heavy Blade","floor":48}],"player_experience":6995,"relics_obtained":[{"floor":6,"key":"Ice Cream"},{"floor":8,"key":"Blood Vial"},{"floor":9,"key":"Letter Opener"},{"floor":24,"key":"Dodecahedron"},{"floor":26,"key":"Meat on the Bone"},{"floor":28,"key":"Juzu Bracelet"},{"floor":36,"key":"Old Coin"},{"floor":40,"key":"Unceasing Top"},{"floor":40,"key":"Sundial"},{"floor":42,"key":"Strawberry"},{"floor":42,"key":"Whetstone"},{"floor":43,"key":"Ornamental Fan"},{"floor":47,"key":"Mercury Hourglass"},{"floor":47,"key":"Matryoshka"}],"event_choices":[{"event_name":"Liars Game","player_choice":"agreed","floor":4,"damage_taken":0},{"event_name":"Big Fish","player_choice":"Donut","floor":5,"damage_taken":0},{"event_name":"Match and Keep!","player_choice":"2 cards matched","floor":12,"damage_taken":0},{"event_name":"Beggar","player_choice":"Gave Gold","floor":19,"damage_taken":0},{"event_name":"The Joust","player_choice":"Bet on Murderer","floor":21,"damage_taken":0},{"event_name":"MindBloom","player_choice":"Fight","floor":36,"damage_taken":0}],"boss_relics":[{"not_picked":["Velvet Choker","Runic Pyramid"],"picked":"Ectoplasm"},{"not_picked":["White Beast Statue","Runic Dome"],"picked":"Black Star"}],"items_purged_floors":[13],"is_endless":false,"potions_floor_spawned":[3,8,11,16,18,20,24,25,30,35,36,39,42,47],"ascension_level":0}