{"gold_per_floor":[111,36,36,0,14,41,41,41,41,41,51,64,77,96,96,199,199,216,216,71,85,101,101,132,132,156,169,182,213,213,11,11,108,108,126,126,139,139,139,170,170,196,269,33,33,53,53,64,64,64],"floor_reached":50,"playtime":4592,"items_purged":["Strike_G"],"score":510,"play_id":"c02bfe01-7f88-4bde-8cc6-e3c1209f80b9","local_time":"20190709155148","is_ascension_mode":false,"campfire_choices":[{"floor":7.0,"key":"REST"},{"floor":15.0,"key":"REST"},{"floor":23.0,"key":"REST"},{"floor":25.0,"key":"REST"},{"floor":32.0,"key":"REST"},{"floor":41.0,"key":"REST"},{"floor":45.0,"key":"DIG"},{"floor":49,"key":"REST"}],"neow_cost":"NONE","seed_source_timestamp":0,"circlet_count":0,"master_deck":["Strike_G","Strike_G","Defend_G","Defend_G","Defend_G","Defend_G","Survivor","Neutralize","Noxious Fumes","Blade Dance","Dagger Throw","Blur","Envenom","Escape Plan","Blur+1","Dagger Spray","Poisoned Stab+1","Dash","Poisoned Stab","Corpse Explosion","Bane","Sadistic Nature","Corpse Explosion","Blur","Dramatic Entrance","Bouncing Flask+1","Decay","Shame","Bane","Blade Dance+1","PiercingWail+1","Crippling Poison+1"],"special_seed":0,"relics":["Ring of the Snake","Sundial","Bag of Marbles","Letter Opener","Sozu","Regal Pillow","Matryoshka","Meat on the Bone","Bronze Scales","Shovel","Cursed Key","Dodecahedron","Dream Catcher","Boot","Bottled Flame","Medical Kit","Paper Crane"],"potions_floor_usage":[50],"damage_taken":[{"damage":1.0,"enemies":"Cultist","floor":1.0,"turns":5.0},{"damage":0.0,"enemies":"2 Louse","floor":5.0,"turns":3.0},{"damage":43.0,"enemies":"Gremlin Nob","floor":6.0,"turns":7.0},{"damage":3.0,"enemies":"Small Slimes","floor":11.0,"turns":5.0},{"damage":0.0,"enemies":"Looter","floor":12.0,"turns":4.0},{"damage":2.0,"enemies":"2 Fungi Beasts","floor":13.0,"turns":4.0},{"damage":2.0,"enemies":"Blue Slaver","floor":14.0,"turns":4.0},{"damage":16.0,"enemies":"The Guardian","floor":16.0,"turns":14.0},{"damage":17.0,"enemies":"Spheric Guardian","floor":18.0,"turns":6.0},{"damage":10.0,"enemies":"Chosen","floor":21.0,"turns":5.0},{"damage":16.0,"enemies":"3 Cultists","floor":22.0,"turns":6.0},{"damage":53.0,"enemies":"Slavers","floor":24.0,"turns":5.0},{"damage":30.0,"enemies":"Sentry and Sphere","floor":27.0,"turns":6.0},{"damage":6.0,"enemies":"Snake Plant","floor":28.0,"turns":4.0},{"damage":23.0,"enemies":"Book of Stabbing","floor":29.0,"turns":6.0},{"damage":31.0,"enemies":"Collector","floor":33.0,"turns":6.0},{"damage":13.0,"enemies":"3 Darklings","floor":35.0,"turns":3.0},{"damage":13.0,"enemies":"Orb Walker","floor":37.0,"turns":3.0},{"damage":30.0,"enemies":"Reptomancer","floor":40.0,"turns":6.0},{"damage":16.0,"enemies":"3 Darklings","floor":46.0,"turns":4.0},{"damage":42.0,"enemies":"Jaw Worm Horde","floor":48.0,"turns":2.0},{"damage":57,"enemies":"Donu and Deca","floor":50,"turns":5}],"seed_played":"7778332762494607714","potions_obtained":[{"floor":1.0,"key":"Strength Potion"},{"floor":11.0,"key":"Poison Potion"},{"floor":12.0,"key":"EssenceOfSteel"}],"is_trial":false,"path_per_floor":["M","$","T","$","M","E","R","?","T","?","M","M","M","M","R","B",null,"M","?","$","M","M","R","E","R","T","M","M","E","?","$","R","B",null,"M","$","M","?","?","E","R","T","T","$","R","M","?","M","R","B"],"character_chosen":"THE_SILENT","items_purchased":["Noxious Fumes","Regal Pillow","Bane","Sadistic Nature","Medical Kit","Bane"],"campfire_rested":7,"item_purchase_floors":[4,20,31,31,44,44],"current_hp_per_floor":[69,69,69,69,69,26,47,40,40,40,37,37,35,33,54,38,70,53,53,53,43,27,63,10,46,46,28,34,23,23,23,59,40,70,57,57,44,44,44,26,60,60,60,60,60,44,44,14,48,0],"gold":64,"neow_bonus":"REMOVE_CARD","is_prod":false,"is_daily":false,"chose_seed":false,"campfire_upgraded":0,"win_rate":0.0,"timestamp":1562705508,"path_taken":["M","$","?","$","M","E","R","?","T","?","M","M","M","M","R","BOSS","M","?","$","M","M","R","E","R","T","M","?","E","?","$","R","BOSS","M","$","M","?","?","E","R","?","T","$","R","M","?","M","R","BOSS"],"build_version":"2019-07-05","purchased_purges":1,"victory":false,"max_hp_per_floor":[70,70,70,70,70,70,70,70,70,70,70,70,70,70,70,70,70,70,70,70,70,70,70,70,70,70,70,70,70,70,70,70,70,70,70,70,70,70,66,66,66,66,66,66,66,66,66,66,66,66],"card_choices":[{"not_picked":["Dagger Throw","Slice","Well Laid Plans"],"picked":"SKIP","floor":1.0},{"not_picked":["Well Laid Plans","Sucker Punch","Calculated Gamble"],"picked":"SKIP","floor":5.0},{"not_picked":["Slice","Underhanded Strike","Sucker Punch"],"picked":"SKIP","floor":6.0},{"not_picked":["Deflect","Heel Hook"],"picked":"Blade Dance","floor":11.0},{"not_picked":["Slice","Distraction"],"picked":"Dagger Throw","floor":12.0},{"not_picked":["Acrobatics","Malaise"],"picked":"Blur","floor":13.0},{"not_picked":["Cloak And Dagger","Prepared","Dagger Throw"],"picked":"SKIP","floor":14.0},{"not_picked":["Tools of the Trade","Glass Knife"],"picked":"Envenom","floor":16.0},{"not_picked":["Slice","Deflect+1"],"picked":"Escape Plan","floor":18.0},{"not_picked":["Caltrops","Flying Knee"],"picked":"Blur+1","floor":21.0},{"not_picked":["Deadly Poison","Heel Hook"],"picked":"Dagger Spray","floor":22.0},{"not_picked":["Tactician","Blade Dance"],"picked":"Poisoned Stab+1","floor":24.0},{"not_picked":["Flechettes","Expertise"],"picked":"Dash","floor":27.0},{"not_picked":["Dodge and Roll","Dagger Throw"],"picked":"Poisoned Stab","floor":28.0},{"not_picked":["Escape Plan","Choke"],"picked":"Corpse Explosion","floor":29.0},{"not_picked":["Wraith Form v2","Malaise"],"picked":"Corpse Explosion","floor":33.0},{"not_picked":["Flying Knee","Calculated Gamble+1","Underhanded Strike+1"],"picked":"SKIP","floor":35.0},{"not_picked":["Slice","Finisher"],"picked":"Blur","floor":37.0},{"not_picked":["Trip","Panacea"],"picked":"Dramatic Entrance","floor":38.0},{"not_picked":["Burst","Terror+1"],"picked":"Bouncing Flask+1","floor":40.0},{"not_picked":["Reflex+1","Escape Plan"],"picked":"Blade Dance+1","floor":46.0},{"not_picked":["Dodge and Roll+1","Deflect+1"],"picked":"PiercingWail+1","floor":48},{"not_picked":["Deflect+1","Dodge and Roll+1"],"picked":"Crippling Poison+1","floor":49}],"player_experience":68739,"relics_obtained":[{"floor":3.0,"key":"Sundial"},{"floor":6.0,"key":"Bag of Marbles"},{"floor":9.0,"key":"Letter Opener"},{"floor":24.0,"key":"Matryoshka"},{"floor":26.0,"key":"Meat on the Bone"},{"floor":26.0,"key":"Bronze Scales"},{"floor":29.0,"key":"Shovel"},{"floor":40.0,"key":"Dodecahedron"},{"floor":42.0,"key":"Dream Catcher"},{"floor":42.0,"key":"Boot"},{"floor":43.0,"key":"Bottled Flame"},{"floor":45.0,"key":"Paper Crane"}],"event_choices":[{"cards_removed":["Strike_G"],"damage_healed":0.0,"max_hp_gain":0.0,"max_hp_loss":0.0,"gold_gain":0.0,"event_name":"Golden Wing","player_choice":"Card Removal","floor":8.0,"gold_loss":0.0,"damage_taken":7.0},{"damage_healed":0.0,"max_hp_gain":0.0,"max_hp_loss":0.0,"gold_gain":0.0,"event_name":"FaceTrader","player_choice":"Leave","floor":10.0,"gold_loss":0.0,"damage_taken":0.0},{"damage_healed":0.0,"max_hp_gain":0.0,"max_hp_loss":0.0,"gold_gain":0.0,"event_name":"The Woman in Blue","player_choice":"Bought 0 Potions","floor":19.0,"gold_loss":0.0,"damage_taken":0.0},{"damage_healed":0.0,"max_hp_gain":0.0,"max_hp_loss":0.0,"gold_gain":0.0,"event_name":"Ghosts","player_choice":"Ignored","floor":30.0,"gold_loss":0.0,"damage_taken":0.0},{"damage_healed":0.0,"max_hp_gain":0.0,"max_hp_loss":0.0,"gold_gain":0.0,"event_name":"SensoryStone","player_choice":"Memory 1","floor":38.0,"gold_loss":0.0,"damage_taken":0.0},{"damage_healed":0.0,"max_hp_gain":0.0,"max_hp_loss":4.0,"gold_gain":0.0,"event_name":"Winding Halls","player_choice":"Max HP","floor":39.0,"gold_loss":0.0,"damage_taken":0.0},{"cards_removed":["Defend_G"],"damage_healed":0.0,"max_hp_gain":0.0,"max_hp_loss":0.0,"gold_gain":0.0,"event_name":"Falling","player_choice":"Removed Skill","floor":47.0,"gold_loss":0.0,"damage_taken":0.0}],"is_beta":false,"boss_relics":[{"not_picked":["Orrery","Coffee Dripper"],"picked":"Sozu"},{"not_picked":["Tiny House","Runic Dome"],"picked":"Cursed Key"}],"items_purged_floors":[2],"is_endless":false,"potions_floor_spawned":[1,11,12,21,24,28,29,33,37],"killed_by":"Donu and Deca","ascension_level":0}