{"gold_per_floor":[110,110,129,129,129,129,149,149,149,176,50,50,76,94,94,189,189,201,162,172,172,187,187,199,233,233,312,324,324],"floor_reached":29,"playtime":1692,"items_purged":["Strike_R"],"score":304,"play_id":"99ac6387-99ad-4b03-80c9-111c69f59146","local_time":"20190722201846","is_ascension_mode":true,"campfire_choices":[{"data":"Juggernaut","floor":6.0,"key":"SMITH"},{"data":"Flame Barrier","floor":8.0,"key":"SMITH"},{"data":"Strike_R","floor":15.0,"key":"PURGE"},{"data":"Demon Form+1","floor":23,"key":"PURGE"}],"neow_cost":"NONE","seed_source_timestamp":0,"circlet_count":0,"master_deck":["Strike_R+1","Defend_R+1","Defend_R+1","Defend_R+1","Bash","Juggernaut+1","Cleave","Seeing Red+1","Flame Barrier+1","Shrug It Off+1","Rage+1","Infernal Blade+1","Anger","Reaper","Headbutt+1","Shrug It Off+1","Shockwave+1","Second Wind+1","Infernal Blade+1","Spot Weakness+1","RitualDagger","Entrench+1","True Grit+1","True Grit+1","Warcry+1","Inflame+1"],"special_seed":0,"relics":["Burning Blood","Orichalcum","Peace Pipe","Toxic Egg 2","Prayer Wheel","Mango","Astrolabe","Blood Vial","War Paint","Pantograph"],"potions_floor_usage":[25],"damage_taken":[{"damage":3.0,"enemies":"Small Slimes","floor":1.0,"turns":4.0},{"damage":0.0,"enemies":"2 Louse","floor":3.0,"turns":3.0},{"damage":0.0,"enemies":"Cultist","floor":7.0,"turns":4.0},{"damage":23.0,"enemies":"3 Sentries","floor":10.0,"turns":6.0},{"damage":8.0,"enemies":"Gremlin Nob","floor":13.0,"turns":4.0},{"damage":0.0,"enemies":"Red Slaver","floor":14.0,"turns":5.0},{"damage":5.0,"enemies":"The Guardian","floor":16.0,"turns":9.0},{"damage":6.0,"enemies":"Shell Parasite","floor":18.0,"turns":5.0},{"damage":25.0,"enemies":"Chosen","floor":20.0,"turns":5.0},{"damage":24.0,"enemies":"3 Cultists","floor":22.0,"turns":6.0},{"damage":20,"enemies":"Shelled Parasite and Fungi","floor":24,"turns":6},{"damage":13,"enemies":"Book of Stabbing","floor":25,"turns":7},{"damage":12,"enemies":"Snake Plant","floor":28,"turns":5},{"damage":91,"enemies":"Gremlin Leader","floor":29,"turns":8}],"seed_played":"-1531811043024351766","potions_obtained":[{"floor":1.0,"key":"Dexterity Potion"},{"floor":10.0,"key":"FearPotion"},{"floor":13.0,"key":"Explosive Potion"},{"floor":20.0,"key":"Ancient Potion"},{"floor":24,"key":"PowerPotion"},{"floor":28,"key":"FairyPotion"}],"is_trial":false,"path_per_floor":["M","?","M","?","?","R","M","R","T","E","$","T","E","M","R","B",null,"M","$","M","?","M","R","M","E","T","T","M","E"],"character_chosen":"IRONCLAD","items_purchased":["Shrug It Off+1","Infernal Blade+1"],"campfire_rested":0,"item_purchase_floors":[11,19],"current_hp_per_floor":[80,64,70,67,67,67,73,73,73,56,56,56,68,74,74,75,94,94,94,75,69,63,63,56,49,49,49,51,0],"gold":324,"neow_bonus":"ONE_RANDOM_RARE_CARD","is_prod":false,"is_daily":false,"chose_seed":false,"campfire_upgraded":2,"win_rate":0,"timestamp":1563819526,"path_taken":["M","?","M","?","?","R","?","R","T","E","?","?","E","?","R","BOSS","M","?","M","?","M","R","M","E","T","?","?","E"],"build_version":"2019-07-17","purchased_purges":1,"victory":false,"max_hp_per_floor":[80,80,80,80,80,80,80,80,80,80,80,80,94,94,94,94,94,94,94,94,94,94,94,94,94,94,94,94,94],"card_choices":[{"not_picked":["Intimidate","Evolve"],"picked":"Cleave","floor":1.0},{"not_picked":["Clash","Pommel Strike"],"picked":"Seeing Red","floor":3.0},{"not_picked":["Hemokinesis","Headbutt"],"picked":"Flame Barrier","floor":7.0},{"not_picked":["Warcry","Havoc","Feel No Pain"],"picked":"SKIP","floor":10.0},{"not_picked":["Entrench+1","Reaper"],"picked":"Rage+1","floor":13.0},{"not_picked":["Body Slam","Thunderclap"],"picked":"Infernal Blade+1","floor":14.0},{"not_picked":["Battle Trance+1","Inflame"],"picked":"Anger","floor":14.0},{"not_picked":["Bludgeon","Demon Form"],"picked":"Reaper","floor":16.0},{"not_picked":["Shrug It Off+1","Thunderclap"],"picked":"Shockwave+1","floor":18.0},{"not_picked":["True Grit+1","Bloodletting+1"],"picked":"Second Wind+1","floor":18.0},{"not_picked":["Perfected Strike","Blood for Blood"],"picked":"Spot Weakness+1","floor":20.0},{"not_picked":["Clash","Anger+1","Whirlwind"],"picked":"SKIP","floor":20.0},{"not_picked":["Second Wind+1","Perfected Strike+1"],"picked":"Entrench+1","floor":22.0},{"not_picked":["Carnage","Sever Soul+1","Twin Strike"],"picked":"SKIP","floor":22.0},{"not_picked":["Thunderclap+1","Armaments+1"],"picked":"True Grit+1","floor":24},{"not_picked":["Perfected Strike","Impervious+1"],"picked":"True Grit+1","floor":24},{"not_picked":["Searing Blow","Clash","Perfected Strike"],"picked":"SKIP","floor":25},{"not_picked":["Twin Strike","Pommel Strike"],"picked":"Warcry+1","floor":28},{"not_picked":["Perfected Strike","Iron Wave"],"picked":"Inflame+1","floor":28}],"player_experience":279014,"relics_obtained":[{"floor":9.0,"key":"Peace Pipe"},{"floor":10.0,"key":"Toxic Egg 2"},{"floor":12.0,"key":"Prayer Wheel"},{"floor":13.0,"key":"Mango"},{"floor":25,"key":"Blood Vial"},{"floor":26,"key":"War Paint"},{"floor":27,"key":"Pantograph"}],"event_choices":[{"damage_healed":0.0,"max_hp_gain":0.0,"max_hp_loss":0.0,"gold_gain":0.0,"event_name":"Shining Light","player_choice":"Entered Light","floor":2.0,"gold_loss":0.0,"damage_taken":16.0,"cards_upgraded":["Defend_R","Strike_R"]},{"damage_healed":0.0,"max_hp_gain":0.0,"max_hp_loss":0.0,"gold_gain":0.0,"event_name":"Scrap Ooze","player_choice":"Success","floor":4.0,"gold_loss":0.0,"damage_taken":3.0,"relics_obtained":["Orichalcum"]},{"damage_healed":0.0,"max_hp_gain":0.0,"max_hp_loss":0.0,"gold_gain":0.0,"event_name":"Upgrade Shrine","player_choice":"Upgraded","floor":5.0,"gold_loss":0.0,"damage_taken":0.0,"cards_upgraded":["Seeing Red"]},{"damage_healed":0.0,"max_hp_gain":0.0,"max_hp_loss":0.0,"gold_gain":0.0,"event_name":"Nest","player_choice":"Joined the Cult","floor":21.0,"gold_loss":0.0,"damage_taken":6.0,"cards_obtained":["RitualDagger"]}],"is_beta":false,"boss_relics":[{"not_picked":["Runic Pyramid","Busted Crown"],"picked":"Astrolabe"}],"items_purged_floors":[11],"is_endless":false,"potions_floor_spawned":[1,10,13,20,24,28],"killed_by":"Gremlin Leader","ascension_level":4}