{"gold_per_floor":[115,115,131,151,163,163,163,163,189,189,189,242,267,280,280,377,377,395,395,320,335,3,3,20,20,43,43,58,58,76,76,76,173,173,191,91,106,106,119,119,136,136,136,136,136,136,11,23,23,23],"floor_reached":51,"playtime":2350,"items_purged":["Strike_G","Strike_G+1","Strike_G+1"],"score":645,"play_id":"ac2e9466-19a7-496e-a8f2-a6f3572ab14b","local_time":"20190720220256","is_ascension_mode":false,"campfire_choices":[{"data":"Neutralize","floor":6,"key":"SMITH"},{"data":"Dagger Spray","floor":8,"key":"SMITH"},{"data":"Poisoned Stab","floor":10,"key":"SMITH"},{"data":"Catalyst","floor":15,"key":"SMITH"},{"data":"Noxious Fumes","floor":23,"key":"SMITH"},{"data":"Malaise","floor":25,"key":"SMITH"},{"data":"Sucker Punch","floor":29,"key":"SMITH"},{"data":"Dash","floor":32,"key":"SMITH"},{"floor":40,"key":"REST"},{"floor":44,"key":"REST"},{"floor":46,"key":"RECALL"},{"floor":49,"key":"REST"}],"neow_cost":"NONE","seed_source_timestamp":853733274143745,"circlet_count":0,"master_deck":["Strike_G+1","Defend_G+1","Defend_G+1","Defend_G+1","Defend_G+1","Defend_G+1","Survivor","Neutralize+1","Poisoned Stab+1","Sucker Punch+1","Dagger Spray+1","Catalyst+1","Malaise+1","Noxious Fumes+1","Backflip","After Image","Dash+1","Crippling Poison+1","After Image","PiercingWail","Dash+1","Footwork","Bullet Time","Skewer+1","Phantasmal Killer","Footwork+1"],"relics":["Ring of the Snake","Ancient Tea Set","Orichalcum","Dream Catcher","Sozu","Bag of Marbles","Blood Vial","Fusion Hammer","Oddly Smooth Stone"],"potions_floor_usage":[33],"damage_taken":[{"damage":0,"enemies":"Small Slimes","floor":1,"turns":4},{"damage":0,"enemies":"2 Louse","floor":3,"turns":2},{"damage":5,"enemies":"Jaw Worm","floor":4,"turns":4},{"damage":0,"enemies":"Red Slaver","floor":5,"turns":5},{"damage":8,"enemies":"Gremlin Nob","floor":13,"turns":5},{"damage":5,"enemies":"3 Louse","floor":14,"turns":3},{"damage":6,"enemies":"The Guardian","floor":16,"turns":11},{"damage":14,"enemies":"Spheric Guardian","floor":18,"turns":5},{"damage":7,"enemies":"Shell Parasite","floor":21,"turns":5},{"damage":0,"enemies":"Snecko","floor":24,"turns":5},{"damage":2,"enemies":"Centurion and Healer","floor":28,"turns":8},{"damage":0,"enemies":"Cultist and Chosen","floor":30,"turns":3},{"damage":12,"enemies":"Automaton","floor":33,"turns":8},{"damage":2,"enemies":"3 Shapes","floor":35,"turns":4},{"damage":11,"enemies":"3 Darklings","floor":37,"turns":6},{"damage":0,"enemies":"Spire Growth","floor":39,"turns":5},{"damage":6,"enemies":"Sphere and 2 Shapes","floor":41,"turns":8},{"damage":1,"enemies":"Jaw Worm Horde","floor":48,"turns":3},{"damage":27,"enemies":"Awakened One","floor":50,"turns":21}],"seed_played":"6795136823939592852","potions_obtained":[{"floor":3,"key":"Ancient Potion"},{"floor":4,"key":"SpeedPotion"},{"floor":13,"key":"Swift Potion"}],"is_trial":false,"path_per_floor":["M","?","M","M","M","R","?","R","T","R","?","T","E","M","R","B",null,"M","?","$","M","$","R","M","R","T","?","M","R","M","?","R","B",null,"M","$","M","?","M","R","M","?","T","R","?","R","$","M","R","B",null],"character_chosen":"THE_SILENT","items_purchased":["After Image","Bag of Marbles","Dash"],"campfire_rested":3,"item_purchase_floors":[22,22,22],"current_hp_per_floor":[70,70,70,65,65,65,51,51,51,51,56,56,48,43,43,37,75,61,61,61,54,54,54,54,54,54,54,54,54,56,56,56,46,75,73,73,64,64,66,75,69,69,69,75,75,75,75,74,75,48],"gold":23,"neow_bonus":"REMOVE_CARD","is_prod":false,"is_daily":false,"chose_seed":false,"campfire_upgraded":8,"win_rate":0,"timestamp":1563674576,"path_taken":["M","?","M","M","M","R","?","R","T","R","?","?","E","M","R","BOSS","M","?","$","M","$","R","M","R","T","?","M","R","M","?","R","BOSS","M","$","M","?","?","R","M","?","T","R","?","R","$","M","R","BOSS"],"build_version":"2019-07-17","purchased_purges":3,"victory":true,"max_hp_per_floor":[70,70,70,70,70,70,70,70,70,70,75,75,75,75,75,75,75,75,75,75,75,75,75,75,75,75,75,75,75,75,75,75,75,75,75,75,75,75,75,75,75,75,75,75,75,75,75,75,75,75],"card_choices":[{"not_picked":["Backflip","Well Laid Plans"],"picked":"Poisoned Stab","floor":1},{"not_picked":["Underhanded Strike","Distraction","Prepared"],"picked":"SKIP","floor":3},{"not_picked":["Finisher","Catalyst"],"picked":"Sucker Punch","floor":4},{"not_picked":["Predator","Dash"],"picked":"Dagger Spray","floor":5},{"not_picked":["Heel Hook","Bane"],"picked":"Catalyst","floor":13},{"not_picked":["Dodge and Roll","Quick Slash","Sucker Punch"],"picked":"SKIP","floor":14},{"not_picked":["Phantasmal Killer","Bullet Time"],"picked":"Malaise","floor":16},{"not_picked":["PiercingWail","Prepared"],"picked":"Noxious Fumes","floor":18},{"not_picked":["Slice","Blade Dance","Poisoned Stab"],"picked":"SKIP","floor":21},{"not_picked":["Sucker Punch","Bouncing Flask","Bane+1"],"picked":"SKIP","floor":24},{"not_picked":["Deadly Poison","Adrenaline"],"picked":"Crippling Poison+1","floor":28},{"not_picked":["Prepared","Blade Dance","Cloak And Dagger+1"],"picked":"SKIP","floor":30},{"not_picked":["A Thousand Cuts","Envenom"],"picked":"After Image","floor":33},{"not_picked":["Infinite Blades+1","Heel Hook"],"picked":"PiercingWail","floor":35},{"not_picked":["Deflect+1","Outmaneuver+1"],"picked":"Dash+1","floor":37},{"not_picked":["Well Laid Plans","Noxious Fumes"],"picked":"Skewer+1","floor":39},{"not_picked":["Flying Knee","Dagger Throw+1"],"picked":"Setup+1","floor":40},{"not_picked":["Sucker Punch+1","Well Laid Plans","Concentrate+1"],"picked":"SKIP","floor":41},{"not_picked":["Heel Hook","Predator"],"picked":"Phantasmal Killer","floor":44},{"not_picked":["Deadly Poison","Dodge and Roll","Flying Knee"],"picked":"SKIP","floor":48},{"not_picked":["Bane+1","Acrobatics+1"],"picked":"Footwork+1","floor":49}],"player_experience":4059968,"relics_obtained":[{"floor":9,"key":"Ancient Tea Set"},{"floor":12,"key":"Orichalcum"},{"floor":13,"key":"Dream Catcher"},{"floor":26,"key":"Blood Vial"},{"floor":43,"key":"Oddly Smooth Stone"}],"event_choices":[{"damage_healed":0,"gold_gain":0,"player_choice":"Ignored","damage_taken":0,"max_hp_gain":0,"max_hp_loss":0,"event_name":"Liars Game","floor":2,"gold_loss":0},{"damage_healed":0,"gold_gain":0,"player_choice":"Entered Light","damage_taken":14,"max_hp_gain":0,"max_hp_loss":0,"event_name":"Shining Light","floor":7,"gold_loss":0,"cards_upgraded":["Defend_G","Defend_G"]},{"damage_healed":0,"gold_gain":0,"player_choice":"Donut","damage_taken":0,"max_hp_gain":5,"max_hp_loss":0,"event_name":"Big Fish","floor":11,"gold_loss":0},{"damage_healed":0,"gold_gain":0,"player_choice":"Read","damage_taken":0,"max_hp_gain":0,"max_hp_loss":0,"event_name":"The Library","floor":19,"gold_loss":0,"cards_obtained":["Backflip"]},{"damage_healed":0,"gold_gain":0,"player_choice":"Simplicity","damage_taken":0,"max_hp_gain":0,"max_hp_loss":0,"event_name":"Back to Basics","floor":27,"gold_loss":0,"cards_upgraded":["Strike_G","Strike_G","Strike_G","Defend_G","Defend_G","Defend_G"]},{"damage_healed":0,"gold_gain":0,"player_choice":"Ignored","damage_taken":0,"max_hp_gain":0,"max_hp_loss":0,"event_name":"The Mausoleum","floor":31,"gold_loss":0},{"damage_healed":0,"gold_gain":0,"player_choice":"2 cards matched","damage_taken":0,"max_hp_gain":0,"max_hp_loss":0,"event_name":"Match and Keep!","floor":38,"gold_loss":0,"cards_obtained":["Footwork","Bullet Time"]},{"cards_removed":["Setup"],"damage_healed":0,"gold_gain":0,"player_choice":"Removed Skill","damage_taken":0,"max_hp_gain":0,"max_hp_loss":0,"event_name":"Falling","floor":42,"gold_loss":0},{"damage_healed":0,"gold_gain":0,"player_choice":"Ignored","damage_taken":0,"max_hp_gain":0,"max_hp_loss":0,"event_name":"Mysterious Sphere","floor":45,"gold_loss":0}],"is_beta":false,"boss_relics":[{"not_picked":["Snecko Eye","Ring of the Serpent"],"picked":"Sozu"},{"not_picked":["Tiny House","Black Star"],"picked":"Fusion Hammer"}],"items_purged_floors":[20,36,47],"is_endless":false,"potions_floor_spawned":[3,4,13,14,18,21,41,48],"ascension_level":0}