{"gold_per_floor":[119,99,99,110,127,154,168,168,236,236,251,93,93,110,110,205,205,221,234,62,73,253,253,270,270,294,294,310,323,339,357,357,357],"floor_reached":33,"playtime":1991,"items_purged":["Strike_R"],"score":303,"play_id":"88179057-f3ad-4c00-bbf2-96ce6c0fe767","local_time":"20180811143050","is_ascension_mode":false,"campfire_choices":[{"data":"Whirlwind","floor":8,"key":"SMITH"},{"data":"Dual Wield","floor":13,"key":"SMITH"},{"data":"Body Slam","floor":15,"key":"SMITH"},{"floor":23,"key":"REST"},{"floor":25,"key":"REST"},{"floor":32,"key":"REST"}],"neow_cost":"PERCENT_DAMAGE","seed_source_timestamp":167175573449363,"circlet_count":0,"master_deck":["Strike_R","Strike_R","Strike_R","Defend_R","Defend_R","Defend_R","Defend_R","Bash+1","Body Slam+1","Feed","Dual Wield+1","Battle Trance","Whirlwind+1","Pommel Strike","Metallicize","Spot Weakness","Body Slam","Feed","Impervious","Infernal Blade+1","Sword Boomerang+1","Shrug It Off","Armaments","Armaments","Pommel Strike+1","Dropkick+1","Armaments","Clothesline","Spot Weakness+1"],"relics":["Burning Blood"],"potions_floor_usage":[6,11,14,16,16,29,29,31,33],"damage_taken":[{"damage":3,"enemies":"Jaw Worm","floor":1,"turns":5},{"damage":0,"enemies":"Cultist","floor":4,"turns":3},{"damage":0,"enemies":"2 Louse","floor":5,"turns":3},{"damage":15,"enemies":"Gremlin Nob","floor":6,"turns":4},{"damage":33,"enemies":"Gremlin Gang","floor":7,"turns":7},{"damage":2,"enemies":"Large Slime","floor":11,"turns":7},{"damage":10,"enemies":"Looter","floor":14,"turns":2},{"damage":33,"enemies":"The Guardian","floor":16,"turns":14},{"damage":32,"enemies":"Shell Parasite","floor":18,"turns":10},{"damage":0,"enemies":"3 Byrds","floor":19,"turns":6},{"damage":47,"enemies":"Centurion and Healer","floor":21,"turns":14},{"damage":48,"enemies":"Cultist and Chosen","floor":24,"turns":12},{"damage":29,"enemies":"Snecko","floor":28,"turns":9},{"damage":40,"enemies":"Snake Plant","floor":29,"turns":7},{"damage":8,"enemies":"Centurion and Healer","floor":30,"turns":8},{"damage":0,"enemies":"Snecko","floor":31,"turns":3},{"damage":84,"enemies":"Automaton","floor":33,"turns":6}],"seed_played":"-5906761687625471553","potions_obtained":[{"floor":2,"key":"SteroidPotion"},{"floor":5,"key":"Weak Potion"},{"floor":6,"key":"GamblersBrew"},{"floor":11,"key":"FearPotion"},{"floor":14,"key":"Dexterity Potion"},{"floor":24,"key":"BloodPotion"},{"floor":28,"key":"EssenceOfSteel"},{"floor":30,"key":"Block Potion"},{"floor":31,"key":"Energy Potion"}],"is_trial":false,"path_per_floor":["M","?","T","M","M","E","M","R","T","?","M","$","R","M","R","B",null,"M","M","$","M","?","R","M","R","T","?","M","M","M","M","R"],"character_chosen":"IRONCLAD","items_purchased":["Metallicize","Spot Weakness","Body Slam","Shrug It Off","Armaments"],"campfire_rested":3,"item_purchase_floors":[12,12,12,20,20],"current_hp_per_floor":[72,72,72,78,87,81,57,57,57,57,67,67,67,63,63,39,114,91,103,103,62,26,62,23,60,60,60,40,21,22,28,68,0],"gold":357,"neow_bonus":"TWENTY_PERCENT_HP_BONUS","is_prod":false,"is_daily":false,"chose_seed":false,"campfire_upgraded":3,"win_rate":0,"timestamp":1534012250,"path_taken":["M","?","?","M","M","E","M","R","T","?","M","$","R","?","R","BOSS","M","M","$","M","?","R","M","R","T","?","?","M","M","M","R","BOSS"],"build_version":"2018-08-09","purchased_purges":1,"victory":false,"max_hp_per_floor":[96,96,96,96,99,102,105,105,105,105,111,111,111,111,111,114,114,117,123,123,123,123,123,126,126,126,126,129,132,135,135,135,135],"card_choices":[{"not_picked":["Havoc","Flex"],"picked":"Body Slam","floor":1},{"not_picked":["Thunderclap","Reckless Charge"],"picked":"Feed","floor":4},{"not_picked":["Iron Wave","Warcry"],"picked":"Dual Wield","floor":5},{"not_picked":["Havoc","Armaments"],"picked":"Battle Trance","floor":6},{"not_picked":["Perfected Strike","Reckless Charge"],"picked":"Whirlwind","floor":7},{"not_picked":["Cleave","Sword Boomerang"],"picked":"Pommel Strike","floor":11},{"not_picked":["Sword Boomerang","Feel No Pain"],"picked":"Feed","floor":14},{"not_picked":["Feed","Exhume"],"picked":"Impervious","floor":16},{"not_picked":["Heavy Blade","Twin Strike"],"picked":"Infernal Blade+1","floor":18},{"not_picked":["Iron Wave","Feel No Pain"],"picked":"Sword Boomerang+1","floor":19},{"not_picked":["Anger","Sword Boomerang+1"],"picked":"Armaments","floor":21},{"not_picked":["Intimidate","Clothesline+1"],"picked":"Pommel Strike+1","floor":24},{"not_picked":["Body Slam","Wild Strike+1"],"picked":"Dropkick+1","floor":28},{"not_picked":["Heavy Blade","Flex"],"picked":"Armaments","floor":29},{"not_picked":["Iron Wave","Evolve+1"],"picked":"Clothesline","floor":30},{"not_picked":["Clothesline+1","Hemokinesis"],"picked":"Spot Weakness+1","floor":31}],"player_experience":494883,"relics_obtained":[],"event_choices":[{"event_name":"The Woman in Blue","player_choice":"Bought 1 Potion","floor":2,"damage_taken":0},{"event_name":"Upgrade Shrine","player_choice":"Upgraded","floor":10,"damage_taken":0},{"event_name":"Knowing Skull","player_choice":"GOLD GOLD ","floor":22,"damage_taken":0},{"event_name":"Back to Basics","player_choice":"Elegance","floor":27,"damage_taken":0}],"is_beta":false,"boss_relics":[{"not_picked":["White Beast Statue","Mark of Pain","Philosopher\u0027s Stone"]}],"items_purged_floors":[20],"is_endless":false,"potions_floor_spawned":[5,6,11,14,24,28,30,31],"killed_by":"Automaton","ascension_level":0}