{"gold_per_floor":[115,115,135,135,147,147,178,188,188,33,33,0,27,47,47,124,124,124],"floor_reached":18,"playtime":707,"items_purged":["Strike_R"],"score":365,"play_id":"05492011-98b6-468e-b34b-f5ed8c7f7e79","local_time":"20181120132506","is_ascension_mode":true,"campfire_choices":[{"data":"Uppercut","floor":6,"key":"SMITH"},{"data":"Feed","floor":11,"key":"SMITH"},{"data":"Disarm","floor":15,"key":"SMITH"}],"neow_cost":"CURSE","seed_source_timestamp":523540148405673,"circlet_count":0,"master_deck":["AscendersBane","Strike_R","Strike_R","Defend_R","Defend_R","Defend_R","Defend_R","Bash","Uppercut+1","Battle Trance","Rampage","Shrug It Off","Combust","Feed+1","Disarm+1","True Grit","Fiend Fire"],"relics":["Burning Blood","StoneCalendar","Champion Belt","Matryoshka","Paper Frog","Empty Cage"],"potions_floor_usage":[7],"damage_taken":[{"damage":15,"enemies":"Jaw Worm","floor":1,"turns":5},{"damage":8,"enemies":"Cultist","floor":3,"turns":5},{"damage":3,"enemies":"2 Louse","floor":5,"turns":4},{"damage":22,"enemies":"Lagavulin","floor":7,"turns":7},{"damage":5,"enemies":"Looter","floor":8,"turns":4},{"damage":29,"enemies":"3 Sentries","floor":13,"turns":7},{"damage":7,"enemies":"Blue Slaver","floor":14,"turns":5},{"damage":31,"enemies":"Hexaghost","floor":16,"turns":12},{"damage":16,"enemies":"3 Byrds","floor":18,"turns":6}],"seed_played":"7208542695758790386","potions_obtained":[{"floor":1,"key":"Dexterity Potion"},{"floor":8,"key":"FearPotion"},{"floor":13,"key":"BloodPotion"}],"is_trial":false,"path_per_floor":["M","?","M","?","M","R","E","M","T","$","R","?","E","M","R","B",null,"M"],"character_chosen":"IRONCLAD","items_purchased":["Feed"],"campfire_rested":0,"item_purchase_floors":[10],"current_hp_per_floor":[59,59,57,62,65,65,49,50,50,50,50,50,31,34,34,13,72,60],"gold":124,"neow_bonus":"ONE_RARE_RELIC","is_prod":false,"is_daily":false,"chose_seed":false,"campfire_upgraded":3,"win_rate":0,"timestamp":1542738306,"path_taken":["M","?","?","?","M","R","E","M","T","$","R","?","E","M","R","BOSS","M"],"build_version":"2018-11-15","purchased_purges":1,"victory":false,"max_hp_per_floor":[75,75,75,80,80,80,80,80,80,80,80,80,84,88,88,92,92,96],"card_choices":[{"not_picked":["Clash","Twin Strike"],"picked":"Uppercut","floor":1},{"not_picked":["Power Through","Second Wind"],"picked":"Battle Trance","floor":3},{"not_picked":["Wild Strike","Havoc"],"picked":"Rampage","floor":5},{"not_picked":["Body Slam","Burning Pact"],"picked":"Shrug It Off","floor":7},{"not_picked":["Searing Blow","Reckless Charge"],"picked":"Combust","floor":8},{"not_picked":["Searing Blow","Second Wind"],"picked":"Disarm","floor":13},{"not_picked":["Anger","Cleave"],"picked":"True Grit","floor":14},{"not_picked":["Immolate","Berserk"],"picked":"Fiend Fire","floor":16}],"player_experience":1129537,"relics_obtained":[{"floor":7,"key":"Champion Belt"},{"floor":9,"key":"Matryoshka"},{"floor":13,"key":"Paper Frog"}],"event_choices":[{"cards_removed":["Decay"],"damage_healed":0,"gold_gain":0,"player_choice":"Card Removal","damage_taken":0,"max_hp_gain":0,"max_hp_loss":0,"event_name":"Wheel of Change","floor":2,"gold_loss":0},{"damage_healed":0,"gold_gain":0,"player_choice":"Donut","damage_taken":0,"max_hp_gain":5,"max_hp_loss":0,"event_name":"Big Fish","floor":4,"gold_loss":0},{"damage_healed":0,"gold_gain":0,"player_choice":"Left Gold","damage_taken":0,"max_hp_gain":0,"max_hp_loss":0,"event_name":"World of Goop","floor":12,"gold_loss":33}],"is_beta":false,"boss_relics":[{"not_picked":["Fusion Hammer","Ectoplasm"],"picked":"Empty Cage"}],"items_purged_floors":[10],"is_endless":false,"potions_floor_spawned":[1,8,13,16],"killed_by":"3 Byrds","ascension_level":20}