{"gold_per_floor":[117,134,33,33,33,33,61,61,108,108],"floor_reached":10,"playtime":290,"items_purged":["Regret"],"score":128,"play_id":"b800fe99-18ed-4db3-a582-47703af20d29","local_time":"20190520171828","is_ascension_mode":true,"campfire_choices":[{"data":"Zap","floor":6,"key":"SMITH"},{"data":"Sweeping Beam","floor":8,"key":"SMITH"}],"neow_cost":"CURSE","seed_source_timestamp":247801889955951,"circlet_count":0,"master_deck":["AscendersBane","Strike_B","Strike_B","Strike_B","Defend_B","Defend_B","Defend_B","Defend_B","Zap+1","Dualcast","Cold Snap","Seek","Compile Driver","Sweeping Beam+1"],"relics":["Cracked Core","Meat on the Bone","Strawberry"],"potions_floor_usage":[],"damage_taken":[{"damage":15,"enemies":"Jaw Worm","floor":1,"turns":4},{"damage":8,"enemies":"Cultist","floor":2,"turns":5},{"damage":28,"enemies":"Lagavulin","floor":7,"turns":7},{"damage":60,"enemies":"Gremlin Nob","floor":10,"turns":4}],"seed_played":"1046404736086150747","potions_obtained":[],"is_trial":false,"path_per_floor":["M","M","$","?","?","R","E","R","T","E"],"character_chosen":"DEFECT","items_purchased":["Compile Driver"],"campfire_rested":0,"item_purchase_floors":[3],"current_hp_per_floor":[49,41,41,41,81,81,53,53,60,0],"gold":108,"neow_bonus":"THREE_RARE_CARDS","is_prod":false,"is_daily":false,"chose_seed":false,"campfire_upgraded":2,"win_rate":0,"timestamp":1558387108,"path_taken":["M","M","$","?","?","R","E","R","T","E"],"build_version":"2019-01-23","purchased_purges":1,"victory":false,"max_hp_per_floor":[71,71,71,71,81,81,81,81,88,88],"card_choices":[{"not_picked":["Thunder Strike","Machine Learning"],"picked":"Fission","floor":0},{"not_picked":["Stack","Steam"],"picked":"Cold Snap","floor":1},{"not_picked":["Turbo","Rip and Tear"],"picked":"Seek","floor":2},{"not_picked":["Beam Cell","Leap"],"picked":"Sweeping Beam","floor":7}],"player_experience":1431835,"relics_obtained":[{"floor":7,"key":"Meat on the Bone"},{"floor":9,"key":"Strawberry"}],"event_choices":[{"cards_removed":["Strike_B"],"damage_healed":0,"gold_gain":0,"player_choice":"Forget","damage_taken":0,"max_hp_gain":0,"max_hp_loss":0,"event_name":"Living Wall","floor":4,"gold_loss":0},{"cards_removed":["Fission"],"damage_healed":30,"gold_gain":0,"player_choice":"Offered Rare","damage_taken":0,"max_hp_gain":10,"max_hp_loss":0,"event_name":"Bonfire Elementals","floor":5,"gold_loss":0}],"is_beta":false,"boss_relics":[],"items_purged_floors":[3],"is_endless":false,"potions_floor_spawned":[],"killed_by":"Gremlin Nob","ascension_level":20}