{"gold_per_floor":[114,114,130,146,158,158,178,92,92,121,121,154,166,183,183,283,333,350,324,3,3,19,19,53,53],"floor_reached":25,"playtime":1570,"items_purged":[],"score":272,"play_id":"f951f2d1-9935-4c3f-a1ee-d4b74a93fd87","local_time":"20190710103815","is_ascension_mode":true,"campfire_choices":[{"data":"Shrug It Off","floor":6,"key":"SMITH"},{"data":"Armaments","floor":11,"key":"SMITH"},{"floor":15,"key":"REST"},{"floor":23,"key":"REST"}],"neow_cost":"NONE","seed_source_timestamp":19480784934725,"circlet_count":0,"master_deck":["Strike_R","Strike_R","Strike_R","Strike_R","Strike_R","Defend_R","Defend_R","Defend_R","Defend_R","Bash+1","Shrug It Off+1","Cleave","Iron Wave","Body Slam","Panacea","Armaments+1","Metallicize","Cleave","Armaments+1","Juggernaut","Anger","Seeing Red+1","Pommel Strike","Twin Strike+1"],"relics":["Burning Blood","Pantograph","Ginger","Tiny House","Anchor","Red Skull","The Courier"],"potions_floor_usage":[5,5,16,16,19],"damage_taken":[{"damage":0,"enemies":"Small Slimes","floor":1,"turns":3},{"damage":1,"enemies":"Cultist","floor":3,"turns":3},{"damage":5,"enemies":"Jaw Worm","floor":4,"turns":4},{"damage":5,"enemies":"Exordium Thugs","floor":5,"turns":4},{"damage":2,"enemies":"Exordium Wildlife","floor":7,"turns":4},{"damage":31,"enemies":"3 Sentries","floor":10,"turns":8},{"damage":23,"enemies":"Gremlin Nob","floor":12,"turns":5},{"damage":1,"enemies":"2 Fungi Beasts","floor":13,"turns":3},{"damage":0,"enemies":"3 Louse","floor":14,"turns":2},{"damage":21,"enemies":"Slime Boss","floor":16,"turns":11},{"damage":14,"enemies":"Spheric Guardian","floor":18,"turns":5},{"damage":33,"enemies":"2 Thieves","floor":19,"turns":5},{"damage":22,"enemies":"Chosen and Byrds","floor":22,"turns":7},{"damage":73,"enemies":"Book of Stabbing","floor":24,"turns":9},{"damage":17,"enemies":"Snake Plant","floor":25,"turns":3}],"seed_played":"6188655758982722669","potions_obtained":[{"floor":1,"key":"SteroidPotion"},{"floor":3,"key":"Fruit Juice"},{"floor":12,"key":"Swift Potion"},{"floor":14,"key":"Strength Potion"},{"floor":17,"key":"SneckoOil"},{"floor":22,"key":"SteroidPotion"},{"floor":24,"key":"Explosive Potion"}],"is_trial":false,"path_per_floor":["M","?","M","M","M","R","M","$","T","E","R","E","M","M","R","B",null,"M","M","$","?","M","R","E","M"],"character_chosen":"IRONCLAD","items_purchased":["Panacea","Anchor","Red Skull","Flex"],"campfire_rested":2,"item_purchase_floors":[8,20,20,20],"current_hp_per_floor":[88,88,88,88,93,93,93,93,93,68,68,51,56,62,89,78,98,90,63,63,68,52,81,14,0],"gold":53,"neow_bonus":"TEN_PERCENT_HP_BONUS","is_prod":false,"is_daily":false,"chose_seed":false,"campfire_upgraded":2,"win_rate":0,"timestamp":1562780295,"path_taken":["M","?","M","M","M","R","M","$","T","E","R","E","M","?","R","BOSS","M","M","$","?","?","R","E","M"],"build_version":"2019-07-05","purchased_purges":0,"victory":false,"max_hp_per_floor":[88,88,88,88,93,93,93,93,93,93,93,93,93,93,93,93,98,98,98,98,98,98,98,98,98],"card_choices":[{"not_picked":["Burning Pact","Havoc"],"picked":"Shrug It Off","floor":1},{"not_picked":["Infernal Blade","Blood for Blood","Searing Blow"],"picked":"SKIP","floor":3},{"not_picked":["Heavy Blade","Perfected Strike"],"picked":"Cleave","floor":4},{"not_picked":["Havoc","Limit Break"],"picked":"Iron Wave","floor":5},{"not_picked":["Anger","Sword Boomerang"],"picked":"Body Slam","floor":7},{"not_picked":["Pommel Strike","Entrench"],"picked":"Armaments","floor":10},{"not_picked":["Burning Pact","Pommel Strike"],"picked":"Metallicize","floor":12},{"not_picked":["Rupture","Shockwave"],"picked":"Cleave","floor":13},{"not_picked":["Disarm","Flex"],"picked":"Armaments","floor":14},{"not_picked":["Dark Embrace","Impervious"],"picked":"Juggernaut","floor":16},{"not_picked":["Thunderclap","Pommel Strike"],"picked":"Anger","floor":17},{"not_picked":["Heavy Blade","Flex"],"picked":"Seeing Red+1","floor":18},{"not_picked":["Clothesline","Perfected Strike"],"picked":"Pommel Strike","floor":19},{"not_picked":["Pommel Strike","Headbutt","Clothesline"],"picked":"SKIP","floor":22},{"not_picked":["Sever Soul","True Grit"],"picked":"Twin Strike+1","floor":24}],"player_experience":249570,"relics_obtained":[{"floor":10,"key":"Pantograph"},{"floor":12,"key":"Ginger"},{"floor":24,"key":"The Courier"}],"event_choices":[{"damage_healed":0,"gold_gain":0,"player_choice":"Forge","damage_taken":0,"max_hp_gain":0,"max_hp_loss":0,"event_name":"Accursed Blacksmith","floor":2,"gold_loss":0,"cards_upgraded":["Bash"]},{"cards_removed":["Flex"],"damage_healed":5,"gold_gain":0,"player_choice":"Offered Common","damage_taken":0,"max_hp_gain":0,"max_hp_loss":0,"event_name":"Bonfire Elementals","floor":21,"gold_loss":0},{"cards_removed":["Flex"],"damage_healed":5,"gold_gain":0,"player_choice":"Offered Special","damage_taken":0,"max_hp_gain":0,"max_hp_loss":0,"event_name":"Bonfire Elementals","floor":21,"gold_loss":0}],"is_beta":false,"boss_relics":[{"not_picked":["Pandora\u0027s Box","Fusion Hammer"],"picked":"Tiny House"}],"items_purged_floors":[],"is_endless":false,"potions_floor_spawned":[1,3,12,14,22,24],"killed_by":"Snake Plant","ascension_level":1}