{"gold_per_floor":[112,131,131,145,18,18,18,37,90,90,105,5,34,53,53,53],"floor_reached":16,"playtime":615,"items_purged":["Pain","Strike_R"],"score":204,"play_id":"b7e13d8c-44e6-44b3-a7db-91af2b87fbb4","local_time":"20181118215800","is_ascension_mode":true,"campfire_choices":[{"data":"True Grit","floor":6,"key":"SMITH"},{"data":"Bash","floor":10,"key":"SMITH"},{"data":"Double Tap","floor":15,"key":"SMITH"}],"neow_cost":"NONE","seed_source_timestamp":381598744900515,"circlet_count":0,"master_deck":["AscendersBane","Strike_R","Strike_R","Strike_R","Strike_R","Defend_R","Defend_R","Defend_R","Defend_R","Bash+1","Pommel Strike","Double Tap+1","Sword Boomerang","True Grit+1","Clothesline","Havoc"],"relics":["Burning Blood","WarpedTongs","Art of War"],"potions_floor_usage":[13,16],"damage_taken":[{"damage":2,"enemies":"2 Louse","floor":1,"turns":5},{"damage":1,"enemies":"Cultist","floor":2,"turns":3},{"damage":4,"enemies":"Jaw Worm","floor":4,"turns":6},{"damage":33,"enemies":"Exordium Thugs","floor":8,"turns":6},{"damage":14,"enemies":"Large Slime","floor":11,"turns":8},{"damage":14,"enemies":"Lagavulin","floor":13,"turns":9},{"damage":17,"enemies":"3 Louse","floor":14,"turns":5},{"damage":39,"enemies":"Slime Boss","floor":16,"turns":7}],"seed_played":"3998886247104647190","potions_obtained":[{"floor":4,"key":"Ancient Potion"},{"floor":8,"key":"Weak Potion"},{"floor":14,"key":"EssenceOfSteel"}],"is_trial":false,"path_per_floor":["M","M","?","M","$","R","$","M","T","R","M","$","E","M","R","B"],"character_chosen":"IRONCLAD","items_purchased":["True Grit"],"campfire_rested":0,"item_purchase_floors":[5],"current_hp_per_floor":[79,82,82,82,82,82,82,55,55,55,47,47,39,28,28,0],"gold":53,"neow_bonus":"TEN_PERCENT_HP_BONUS","is_prod":false,"is_daily":false,"chose_seed":false,"campfire_upgraded":3,"win_rate":0,"timestamp":1542596280,"path_taken":["M","M","?","M","$","R","?","M","T","R","M","?","E","M","R","BOSS"],"build_version":"2018-11-15","purchased_purges":2,"victory":false,"max_hp_per_floor":[82,82,82,82,82,82,82,82,82,82,82,82,82,82,82,82],"card_choices":[{"not_picked":["Heavy Blade","Body Slam"],"picked":"Pommel Strike","floor":1},{"not_picked":["Entrench","Flex"],"picked":"Double Tap","floor":2},{"not_picked":["Reckless Charge","Warcry"],"picked":"Sword Boomerang","floor":4},{"not_picked":["Headbutt","Heavy Blade","Twin Strike"],"picked":"SKIP","floor":8},{"not_picked":["Anger","Flex","Heavy Blade"],"picked":"SKIP","floor":11},{"not_picked":["Sword Boomerang","Carnage"],"picked":"Clothesline","floor":13},{"not_picked":["Power Through","Blood for Blood"],"picked":"Havoc","floor":14}],"player_experience":1106500,"relics_obtained":[{"floor":13,"key":"Art of War"}],"event_choices":[{"damage_healed":0,"gold_gain":0,"player_choice":"Rummage","damage_taken":0,"relics_obtained":["WarpedTongs"],"max_hp_gain":0,"max_hp_loss":0,"event_name":"Accursed Blacksmith","floor":3,"gold_loss":0,"cards_obtained":["Pain"]}],"is_beta":false,"boss_relics":[],"items_purged_floors":[5,12],"is_endless":false,"potions_floor_spawned":[4,8,14],"killed_by":"Slime Boss","ascension_level":20}