{"gold_per_floor":[112,112,112,112,112,145,145,145,169,210,41,80,101,120,120,213,213,237,39,39,11,11,27,27],"floor_reached":24,"playtime":743,"items_purged":[],"score":545,"play_id":"ca081264-2e1b-4dc4-baac-e67b7206d4fc","local_time":"20181026193159","is_ascension_mode":true,"campfire_choices":[{"data":"Bash","floor":7,"key":"SMITH"},{"data":"Inflame","floor":15,"key":"SMITH"}],"neow_cost":"NONE","seed_source_timestamp":688954583864486,"circlet_count":0,"master_deck":["Strike_R","Strike_R+1","Strike_R+1","Defend_R","Defend_R","Defend_R","Defend_R","Bash+1","AscendersBane","Cleave","Clothesline","Impervious","Feed","Inflame+1","Rampage","Fiend Fire","Evolve","Thinking Ahead","Armaments","Infernal Blade"],"relics":["Burning Blood","NeowsBlessing","Golden Idol","Oddly Smooth Stone","Strawberry","Omamori","Whetstone","Mark of Pain","Paper Frog"],"potions_floor_usage":[12,20,20],"damage_taken":[{"damage":0,"enemies":"Jaw Worm","floor":1,"turns":1},{"damage":0,"enemies":"3 Sentries","floor":6,"turns":2},{"damage":0,"enemies":"Lagavulin","floor":10,"turns":2},{"damage":6,"enemies":"Gremlin Nob","floor":12,"turns":3},{"damage":0,"enemies":"2 Louse","floor":13,"turns":4},{"damage":0,"enemies":"Small Slimes","floor":14,"turns":4},{"damage":64,"enemies":"Slime Boss","floor":16,"turns":8},{"damage":0,"enemies":"Chosen","floor":18,"turns":3},{"damage":11,"enemies":"Colosseum Slavers","floor":20,"turns":5},{"damage":40,"enemies":"2 Thieves","floor":23,"turns":4},{"damage":60,"enemies":"Gremlin Leader","floor":24,"turns":4}],"seed_played":"-2564772066014506678","potions_obtained":[{"floor":6,"key":"Strength Potion"},{"floor":12,"key":"Dexterity Potion"},{"floor":16,"key":"Explosive Potion"}],"is_trial":false,"path_per_floor":["M","?","?","?","?","E","R","?","T","E","$","E","M","M","R","B",null,"M","$","?","$","?","M"],"character_chosen":"IRONCLAD","items_purchased":["Feed","Thinking Ahead","Armaments"],"campfire_rested":0,"item_purchase_floors":[11,19,21],"current_hp_per_floor":[74,74,48,41,46,52,52,52,59,65,65,65,74,83,83,28,79,85,85,83,83,83,52,0],"gold":27,"neow_bonus":"THREE_ENEMY_KILL","is_prod":false,"is_daily":false,"chose_seed":false,"campfire_upgraded":2,"win_rate":0,"timestamp":1540596719,"path_taken":["M","?","?","?","?","E","R","?","T","E","$","E","M","M","R","BOSS","M","$","?","$","?","M","E"],"build_version":"2018-10-25v2","purchased_purges":0,"victory":false,"max_hp_per_floor":[75,75,75,75,80,80,80,80,87,87,87,87,90,93,93,96,96,96,96,99,99,99,102,102],"card_choices":[{"not_picked":["Hemokinesis","Perfected Strike"],"picked":"Cleave","floor":1},{"not_picked":["Burning Pact","Dual Wield"],"picked":"Clothesline","floor":6},{"not_picked":["Wild Strike","Shrug It Off"],"picked":"Impervious","floor":10},{"not_picked":["Havoc","Iron Wave"],"picked":"Inflame","floor":12},{"not_picked":["Seeing Red","Hemokinesis"],"picked":"Rampage","floor":13},{"not_picked":["Clothesline","Power Through","Anger"],"picked":"SKIP","floor":14},{"not_picked":["Barricade","Bludgeon"],"picked":"Fiend Fire","floor":16},{"not_picked":["Twin Strike+1","Pommel Strike"],"picked":"Evolve","floor":18},{"not_picked":["Wild Strike","Clash"],"picked":"Infernal Blade","floor":23}],"player_experience":989457,"relics_obtained":[{"floor":6,"key":"Oddly Smooth Stone"},{"floor":9,"key":"Strawberry"},{"floor":10,"key":"Omamori"},{"floor":12,"key":"Whetstone"}],"event_choices":[{"damage_healed":0,"gold_gain":0,"player_choice":"Leave","damage_taken":0,"max_hp_gain":0,"max_hp_loss":0,"event_name":"The Cleric","floor":2,"gold_loss":0},{"damage_healed":0,"gold_gain":0,"player_choice":"Take Damage","damage_taken":26,"relics_obtained":["Golden Idol"],"max_hp_gain":0,"max_hp_loss":0,"event_name":"Golden Idol","floor":3,"gold_loss":0},{"cards_removed":["Strike_R"],"damage_healed":0,"gold_gain":0,"player_choice":"Card Removal","damage_taken":7,"max_hp_gain":0,"max_hp_loss":0,"event_name":"Golden Wing","floor":4,"gold_loss":0},{"damage_healed":0,"gold_gain":0,"player_choice":"Donut","damage_taken":0,"max_hp_gain":5,"max_hp_loss":0,"event_name":"Big Fish","floor":5,"gold_loss":0},{"cards_removed":["Strike_R"],"damage_healed":0,"gold_gain":0,"player_choice":"Purged","damage_taken":0,"max_hp_gain":0,"max_hp_loss":0,"event_name":"Purifier","floor":8,"gold_loss":0},{"damage_healed":0,"gold_gain":0,"player_choice":"Fight","damage_taken":0,"max_hp_gain":0,"max_hp_loss":0,"event_name":"Colosseum","floor":20,"gold_loss":0},{"damage_healed":0,"gold_gain":0,"player_choice":"Fled From Nobs","damage_taken":0,"max_hp_gain":0,"max_hp_loss":0,"event_name":"Colosseum","floor":20,"gold_loss":0},{"damage_healed":0,"gold_gain":0,"player_choice":"Opened","damage_taken":0,"relics_obtained":["Paper Frog"],"max_hp_gain":0,"max_hp_loss":0,"event_name":"The Mausoleum","floor":22,"gold_loss":0,"cards_obtained":["Writhe"]}],"is_beta":false,"boss_relics":[{"not_picked":["Philosopher\u0027s Stone","Busted Crown"],"picked":"Mark of Pain"}],"items_purged_floors":[],"is_endless":false,"potions_floor_spawned":[6,12,16,18],"killed_by":"Gremlin Leader","ascension_level":20}