{"gold_per_floor":[115,190,190,190,190,190,204,216,241,241,268,71,91,121,121,121],"floor_reached":16,"playtime":424,"items_purged":["Regret"],"score":181,"play_id":"de29f4ab-de02-412e-b12f-eb3e251ccb96","local_time":"20190707151337","is_ascension_mode":true,"campfire_choices":[{"data":"Cleave","floor":6,"key":"SMITH"},{"floor":10,"key":"REST"},{"floor":15,"key":"REST"}],"neow_cost":"NONE","seed_source_timestamp":10235910710506,"circlet_count":0,"master_deck":["AscendersBane","Strike_R","Strike_R","Strike_R","Strike_R","Defend_R+1","Defend_R","Defend_R","Defend_R+1","Bash","Cleave+1","Inflame","Spot Weakness"],"relics":["Burning Blood","War Paint","Pen Nib","Gremlin Horn","Bronze Scales","The Courier","Ancient Tea Set"],"potions_floor_usage":[16,16],"damage_taken":[{"damage":0,"enemies":"Small Slimes","floor":1,"turns":3},{"damage":11,"enemies":"2 Louse","floor":7,"turns":3},{"damage":14,"enemies":"Jaw Worm","floor":8,"turns":4},{"damage":32,"enemies":"3 Sentries","floor":11,"turns":6},{"damage":10,"enemies":"Blue Slaver","floor":13,"turns":3},{"damage":55,"enemies":"Slime Boss","floor":16,"turns":9}],"seed_played":"-9014273507605288260","potions_obtained":[{"floor":7,"key":"SteroidPotion"},{"floor":8,"key":"Dexterity Potion"}],"is_trial":false,"path_per_floor":["M","?","?","?","?","R","M","M","T","R","E","$","M","?","R","B"],"character_chosen":"IRONCLAD","items_purchased":["Ancient Tea Set"],"campfire_rested":2,"item_purchase_floors":[12],"current_hp_per_floor":[74,63,52,52,52,52,47,39,39,61,35,35,31,31,53,0],"gold":121,"neow_bonus":"RANDOM_COMMON_RELIC","is_prod":false,"is_daily":false,"chose_seed":false,"campfire_upgraded":1,"win_rate":0,"timestamp":1562526817,"path_taken":["M","?","?","?","?","R","M","M","T","R","E","$","?","?","R","BOSS"],"build_version":"2019-07-05","purchased_purges":1,"victory":false,"max_hp_per_floor":[75,75,75,75,75,75,75,75,75,75,75,75,75,75,75,75],"card_choices":[{"not_picked":["True Grit","Iron Wave"],"picked":"Cleave","floor":1},{"not_picked":["True Grit","Pommel Strike"],"picked":"Inflame","floor":7},{"not_picked":["Anger","Flex","Wild Strike"],"picked":"SKIP","floor":8},{"not_picked":["Carnage","Dropkick"],"picked":"Spot Weakness","floor":11},{"not_picked":["Whirlwind","Wild Strike","Second Wind"],"picked":"SKIP","floor":13}],"player_experience":473174,"relics_obtained":[{"floor":9,"key":"Bronze Scales"},{"floor":11,"key":"The Courier"}],"event_choices":[{"damage_healed":0,"gold_gain":75,"player_choice":"Gather Gold","damage_taken":11,"max_hp_gain":0,"max_hp_loss":0,"event_name":"World of Goop","floor":2,"gold_loss":0},{"damage_healed":0,"gold_gain":0,"player_choice":"Success","damage_taken":11,"relics_obtained":["Pen Nib"],"max_hp_gain":0,"max_hp_loss":0,"event_name":"Scrap Ooze","floor":3,"gold_loss":0},{"cards_removed":["Strike_R"],"damage_healed":0,"gold_gain":0,"player_choice":"Forget","damage_taken":0,"max_hp_gain":0,"max_hp_loss":0,"event_name":"Living Wall","floor":4,"gold_loss":0},{"damage_healed":0,"gold_gain":0,"player_choice":"Box","damage_taken":0,"relics_obtained":["Gremlin Horn"],"max_hp_gain":0,"max_hp_loss":0,"event_name":"Big Fish","floor":5,"gold_loss":0,"cards_obtained":["Regret"]},{"damage_healed":0,"gold_gain":30,"player_choice":"Searched \u00271\u0027 times","damage_taken":0,"max_hp_gain":0,"max_hp_loss":0,"event_name":"Dead Adventurer","floor":14,"gold_loss":0}],"is_beta":false,"boss_relics":[],"items_purged_floors":[12],"is_endless":false,"potions_floor_spawned":[7,8],"killed_by":"Slime Boss","ascension_level":17}