{"gold_per_floor":[119,132,148,165,165,200,200,200,200,228,68,68,100,120,120,225,275,292,40,59,71,71],"floor_reached":22,"playtime":1714,"items_purged":[],"score":216,"play_id":"90ea02f5-2c60-4a4e-a892-488b542bfb43","local_time":"20190709052102","is_ascension_mode":true,"campfire_choices":[{"floor":7,"key":"REST"},{"floor":15,"key":"REST"}],"neow_cost":"NONE","seed_source_timestamp":0,"circlet_count":0,"master_deck":["Strike_R","Strike_R+1","Strike_R","Strike_R","Strike_R","Defend_R","Defend_R","Defend_R","Defend_R","Bash+1","Pummel","Spot Weakness","Cleave","Searing Blow","Wild Strike","Flame Barrier","Evolve","Finesse","Rampage","Reaper","Seeing Red","Power Through","Wild Strike","Anger","Pommel Strike"],"special_seed":0,"relics":["Burning Blood","Ancient Tea Set","Gremlin Horn","Ice Cream","Potion Belt","Girya","Tiny House","Oddly Smooth Stone"],"potions_floor_usage":[10,16,18,18,20],"damage_taken":[{"damage":5,"enemies":"Cultist","floor":1,"turns":4},{"damage":5,"enemies":"2 Louse","floor":2,"turns":3},{"damage":6,"enemies":"Jaw Worm","floor":3,"turns":3},{"damage":3,"enemies":"2 Fungi Beasts","floor":4,"turns":4},{"damage":49,"enemies":"Lagavulin","floor":6,"turns":6},{"damage":14,"enemies":"Gremlin Nob","floor":10,"turns":3},{"damage":27,"enemies":"3 Sentries","floor":13,"turns":6},{"damage":32,"enemies":"Gremlin Gang","floor":14,"turns":5},{"damage":20,"enemies":"Slime Boss","floor":16,"turns":7},{"damage":56,"enemies":"Spheric Guardian","floor":18,"turns":9},{"damage":3,"enemies":"3 Byrds","floor":20,"turns":4},{"damage":48,"enemies":"Shelled Parasite and Fungi","floor":21,"turns":6},{"damage":27,"enemies":"3 Cultists","floor":22,"turns":4}],"seed_played":"7620593684375057288","potions_obtained":[{"floor":3,"key":"AttackPotion"},{"floor":4,"key":"Ancient Potion"},{"floor":13,"key":"Fire Potion"},{"floor":16,"key":"Dexterity Potion"},{"floor":17,"key":"SkillPotion"},{"floor":18,"key":"Explosive Potion"}],"is_trial":false,"path_per_floor":["M","M","M","M","?","E","R","?","T","E","$","?","E","M","R","B",null,"M","$","M","M","M"],"character_chosen":"IRONCLAD","items_purchased":["Evolve","Finesse","Oddly Smooth Stone","Power Through","Wild Strike"],"campfire_rested":2,"item_purchase_floors":[11,11,19,19,19],"current_hp_per_floor":[88,88,88,88,88,45,71,71,71,63,63,63,42,16,42,28,93,43,43,52,10,0],"gold":71,"neow_bonus":"TEN_PERCENT_HP_BONUS","is_prod":false,"is_daily":false,"chose_seed":false,"campfire_upgraded":0,"win_rate":0,"timestamp":1562674862,"path_taken":["M","M","M","M","?","E","R","?","T","E","?","?","E","M","R","BOSS","M","$","M","M","?"],"build_version":"2019-07-05","purchased_purges":0,"victory":false,"max_hp_per_floor":[88,88,88,88,88,88,88,88,88,88,88,88,88,88,88,88,93,93,93,93,93,93],"card_choices":[{"not_picked":["Shrug It Off","Pommel Strike"],"picked":"Pummel","floor":1},{"not_picked":["Anger","Battle Trance"],"picked":"Spot Weakness","floor":2},{"not_picked":["Bloodletting","Body Slam"],"picked":"Cleave","floor":3},{"not_picked":["Armaments","Iron Wave"],"picked":"Searing Blow","floor":4},{"not_picked":["Second Wind","Seeing Red"],"picked":"Wild Strike","floor":6},{"not_picked":["Sword Boomerang","Fire Breathing"],"picked":"Flame Barrier","floor":10},{"not_picked":["Evolve","Hemokinesis","Berserk"],"picked":"SKIP","floor":13},{"not_picked":["Dropkick","Thunderclap"],"picked":"Rampage","floor":14},{"not_picked":["Brutality","Impervious"],"picked":"Reaper","floor":16},{"not_picked":["True Grit","Warcry"],"picked":"Seeing Red","floor":18},{"not_picked":["Thunderclap+1","Warcry"],"picked":"Anger","floor":20},{"not_picked":["True Grit","Corruption"],"picked":"Pommel Strike","floor":21}],"player_experience":230999,"relics_obtained":[{"floor":6,"key":"Ancient Tea Set"},{"floor":9,"key":"Gremlin Horn"},{"floor":10,"key":"Ice Cream"},{"floor":13,"key":"Girya"}],"event_choices":[{"damage_healed":0,"gold_gain":0,"player_choice":"Ignored","damage_taken":0,"max_hp_gain":0,"max_hp_loss":0,"event_name":"Liars Game","floor":5,"gold_loss":0},{"damage_healed":0,"gold_gain":0,"player_choice":"Grow","damage_taken":0,"max_hp_gain":0,"max_hp_loss":0,"event_name":"Living Wall","floor":8,"gold_loss":0,"cards_upgraded":["Bash"]},{"damage_healed":0,"gold_gain":0,"player_choice":"Gave Potion","damage_taken":0,"relics_obtained":["Potion Belt"],"max_hp_gain":0,"max_hp_loss":0,"event_name":"WeMeetAgain","floor":12,"gold_loss":0}],"is_beta":false,"boss_relics":[{"not_picked":["Runic Pyramid","Empty Cage"],"picked":"Tiny House"}],"items_purged_floors":[],"is_endless":false,"potions_floor_spawned":[3,4,13,16,18],"killed_by":"3 Cultists","ascension_level":1}