{"gold_per_floor":[112,112,126,136,136,136,166,184,207,234,234,409,429,46,46,147,147,167,187,187,198,1,29,29,47,47,72,72,72,88,88,88,193,193,205,222,222,0,50,83,113,113,137,137,165,184,184,203,203,203],"floor_reached":50,"playtime":3292,"items_purged":["Doubt"],"score":823,"play_id":"03f529ee-6af0-49f9-985c-5caca80af7fd","local_time":"20180715115654","is_ascension_mode":false,"campfire_choices":[{"data":"Inflame","floor":6.0,"key":"SMITH"},{"data":"Armaments","floor":15.0,"key":"SMITH"},{"data":"Armaments","floor":24.0,"key":"SMITH"},{"data":"Limit Break","floor":28.0,"key":"SMITH"},{"floor":32.0,"key":"REST"},{"floor":41,"key":"DIG"},{"floor":44,"key":"DIG"},{"floor":47,"key":"DIG"},{"floor":49,"key":"DIG"}],"neow_cost":"","seed_source_timestamp":0,"circlet_count":0,"master_deck":["Strike_R+1","Strike_R+1","Defend_R","Defend_R","Bash","Clash","Flex","Inflame+1","Clash","Cleave","Armaments+1","Brutality","Thunderclap","Limit Break+1","Iron Wave","Headbutt","Fire Breathing","Clash","Armaments+1","Flex+1","Thunderclap","Necronomicurse","Warcry+1","True Grit+1","Reaper","Second Wind+1","Perfected Strike","Clash","Blood for Blood+1","Feel No Pain+1","Infernal Blade+1","Headbutt+1","Iron Wave+1"],"special_seed":0,"relics":["Black Blood","Oddly Smooth Stone","Dream Catcher","Blood Vial","Pen Nib","Vajra","Empty Cage","Orichalcum","Gambling Chip","Shuriken","Lantern","Necronomicon","Incense Burner","Unceasing Top","Red Mask","Shovel","Red Skull","Tiny Chest","Bottled Tornado","Strawberry","Mango","Dodecahedron","Smiling Mask","Darkstone Periapt"],"potions_floor_usage":[37,37,45,50],"damage_taken":[{"damage":5.0,"enemies":"Small Slimes","floor":1.0,"turns":4.0},{"damage":6.0,"enemies":"Cultist","floor":3.0,"turns":3.0},{"damage":6.0,"enemies":"Jaw Worm","floor":4.0,"turns":2.0},{"damage":11.0,"enemies":"Lagavulin","floor":7.0,"turns":5.0},{"damage":4.0,"enemies":"Looter","floor":8.0,"turns":2.0},{"damage":0.0,"enemies":"3 Sentries","floor":10.0,"turns":6.0},{"damage":6.0,"enemies":"Blue Slaver","floor":13.0,"turns":2.0},{"damage":33.0,"enemies":"Slime Boss","floor":16.0,"turns":7.0},{"damage":6.0,"enemies":"Spheric Guardian","floor":18.0,"turns":3.0},{"damage":10.0,"enemies":"3 Byrds","floor":19.0,"turns":3.0},{"damage":30.0,"enemies":"Snake Plant","floor":21.0,"turns":4.0},{"damage":22.0,"enemies":"Slavers","floor":23.0,"turns":4.0},{"damage":0.0,"enemies":"Sentry and Sphere","floor":25.0,"turns":3.0},{"damage":27.0,"enemies":"Book of Stabbing","floor":27.0,"turns":4.0},{"damage":4.0,"enemies":"Slaver and Parasite","floor":30.0,"turns":4.0},{"damage":23.0,"enemies":"Collector","floor":33.0,"turns":6.0},{"damage":11.0,"enemies":"3 Shapes","floor":35.0,"turns":4.0},{"damage":16,"enemies":"Flame Bruiser 1 Orb","floor":36,"turns":5},{"damage":18,"floor":37,"turns":3},{"damage":1,"floor":39,"turns":3},{"damage":23,"enemies":"Giant Head","floor":40,"turns":6},{"damage":18,"enemies":"2 Orb Walkers","floor":45,"turns":5},{"damage":0,"enemies":"Transient","floor":46,"turns":5},{"damage":6,"enemies":"Sphere and 2 Shapes","floor":48,"turns":3},{"damage":112,"enemies":"Donu and Deca","floor":50,"turns":8}],"seed_played":"-7018673537901837689","potions_obtained":[{"floor":3.0,"key":"Dexterity Potion"},{"floor":7.0,"key":"Dexterity Potion"},{"floor":8.0,"key":"FearPotion"},{"floor":16.0,"key":"PowerPotion"},{"floor":19.0,"key":"Explosive Potion"},{"floor":27.0,"key":"GamblersBrew"},{"floor":35,"key":"Energy Potion"},{"floor":40,"key":"SkillPotion"},{"floor":45,"key":"SneckoOil"}],"is_trial":false,"path_per_floor":["M","?","M","M","?","R","E","M","T","E","?","?","M","$","R","B",null,"M","M","?","M","$","E","R","M","T","E","R","?","M","?","R","B",null,"M","M","?","?","?","E","R","T","T","R","E","M","R","M","R"],"character_chosen":"IRONCLAD","items_purchased":["Pen Nib","Vajra","Orichalcum","Clash"],"campfire_rested":1,"item_purchase_floors":[14,14,22,22],"current_hp_per_floor":[80,64,64,64,57,57,52,54,54,60,60,60,62,62,62,37,80,80,76,76,54,54,40,40,48,48,29,29,13,17,17,41,26,80,80,80,80,80,80,67,67,67,74,88,100,101,101,101,101,0],"gold":203,"neow_bonus":"","is_prod":false,"is_daily":false,"chose_seed":false,"campfire_upgraded":4,"win_rate":0,"timestamp":1531670214,"path_taken":["M","?","M","?","?","R","E","M","T","E","?","?","?","?","R","BOSS","M","M","?","M","?","E","R","M","T","E","R","?","M","?","R","BOSS","M","M","?","?","?","E","R","?","T","R","E","M","R","M","R","BOSS"],"build_version":"2018-07-12","purchased_purges":1,"victory":false,"max_hp_per_floor":[80,80,80,80,80,80,80,80,80,80,80,80,80,80,80,80,80,80,80,80,80,80,80,80,80,80,80,80,80,80,80,80,80,80,80,80,80,80,80,80,80,80,87,101,101,101,101,101,101,101],"card_choices":[{"not_picked":["Iron Wave","Fire Breathing"],"picked":"Clash","floor":1.0},{"not_picked":["True Grit","Sentinel"],"picked":"Flex","floor":3.0},{"not_picked":["Ghostly Armor","Sword Boomerang"],"picked":"Inflame","floor":4.0},{"not_picked":["Flex","Blood for Blood"],"picked":"Clash","floor":7.0},{"not_picked":["Pummel","Clothesline"],"picked":"Cleave","floor":8.0},{"not_picked":["Cleave","Pommel Strike"],"picked":"Armaments","floor":10.0},{"not_picked":["Berserk","Metallicize"],"picked":"Thunderclap","floor":13.0},{"not_picked":["Fiend Fire","Barricade"],"picked":"Limit Break","floor":16.0},{"not_picked":["Flex","Hemokinesis"],"picked":"Iron Wave","floor":18.0},{"not_picked":["True Grit","Dual Wield"],"picked":"Headbutt","floor":19.0},{"not_picked":["Headbutt","Burning Pact"],"picked":"Fire Breathing","floor":21.0},{"not_picked":["Cleave","Reckless Charge"],"picked":"Armaments","floor":23.0},{"not_picked":["Spot Weakness","Sentinel"],"picked":"Flex+1","floor":25.0},{"not_picked":["Blood for Blood","Entrench"],"picked":"Thunderclap","floor":27.0},{"not_picked":["Sword Boomerang","Blood for Blood"],"picked":"Warcry+1","floor":30.0},{"not_picked":["Combust","Dual Wield"],"picked":"True Grit+1","floor":32.0},{"not_picked":["Dark Embrace","Double Tap"],"picked":"Reaper","floor":33.0},{"not_picked":["Havoc","Whirlwind"],"picked":"Second Wind+1","floor":35},{"not_picked":["Metallicize+1","Hemokinesis+1"],"picked":"Perfected Strike","floor":36},{"not_picked":["Wild Strike","Cleave"],"picked":"Clash","floor":37},{"not_picked":["Searing Blow","Pommel Strike"],"picked":"Blood for Blood+1","floor":39},{"not_picked":["Shrug It Off","Iron Wave"],"picked":"Feel No Pain+1","floor":40},{"not_picked":["Pommel Strike","Wild Strike"],"picked":"Infernal Blade+1","floor":45},{"not_picked":["Carnage","Demon Form"],"picked":"Headbutt+1","floor":46},{"not_picked":["Carnage","True Grit+1"],"picked":"Iron Wave+1","floor":48}],"player_experience":72236,"relics_obtained":[{"floor":7.0,"key":"Oddly Smooth Stone"},{"floor":9.0,"key":"Dream Catcher"},{"floor":10.0,"key":"Blood Vial"},{"floor":23.0,"key":"Gambling Chip"},{"floor":26.0,"key":"Shuriken"},{"floor":27.0,"key":"Lantern"},{"floor":29.0,"key":"Necronomicon"},{"floor":37,"key":"Unceasing Top"},{"floor":39,"key":"Shovel"},{"floor":40,"key":"Red Skull"},{"floor":41,"key":"Tiny Chest"},{"floor":42,"key":"Bottled Tornado"},{"floor":43,"key":"Strawberry"},{"floor":44,"key":"Mango"},{"floor":45,"key":"Dodecahedron"},{"floor":47,"key":"Smiling Mask"},{"floor":49,"key":"Darkstone Periapt"}],"event_choices":[{"event_name":"Shining Light","player_choice":"Entered Light","floor":2.0,"damage_taken":0.0},{"event_name":"Golden Wing","player_choice":"Card Removal","floor":5.0,"damage_taken":0.0},{"event_name":"Living Wall","player_choice":"Change","floor":11.0,"damage_taken":0.0},{"event_name":"Liars Game","player_choice":"agreed","floor":12.0,"damage_taken":0.0},{"event_name":"Back to Basics","player_choice":"Elegance","floor":20.0,"damage_taken":0.0},{"event_name":"Cursed Tome","player_choice":"Obtained Book","floor":29.0,"damage_taken":0.0},{"event_name":"The Mausoleum","player_choice":"Yes","floor":31.0,"damage_taken":0.0},{"event_name":"MindBloom","player_choice":"Fight","floor":37,"damage_taken":0},{"event_name":"Tomb of Lord Red Mask","player_choice":"Paid","floor":38,"damage_taken":0},{"event_name":"Mysterious Sphere","player_choice":"Fight","floor":39,"damage_taken":0}],"boss_relics":[{"not_picked":["Coffee Dripper","Runic Dome"],"picked":"Empty Cage"},{"not_picked":["Black Star","Cursed Key"],"picked":"Black Blood"}],"items_purged_floors":[14],"is_endless":false,"potions_floor_spawned":[3,7,8,16,19,27,35,40,45],"killed_by":"Donu and Deca","ascension_level":0}