{"gold_per_floor":[118,128,140,160,160,160,191,466,491,151,151,163,173,200,200,276,276,286,305,336,261,272,272,305,305,305,319,319,353,268,44,44,119,119,129,147,47,93,73,73,73],"floor_reached":41,"playtime":2100,"items_purged":["Regret","Dualcast"],"score":878,"play_id":"02aa3594-b9fd-422b-9b44-c0d94511db31","local_time":"20181228171255","is_ascension_mode":true,"campfire_choices":[{"data":"Sunder","floor":6,"key":"SMITH"},{"data":"Zap","floor":11,"key":"SMITH"},{"data":"Consume","floor":15,"key":"SMITH"},{"data":"Multi-Cast","floor":23,"key":"SMITH"},{"data":"Coolheaded","floor":25,"key":"SMITH"},{"data":"Storm","floor":32,"key":"SMITH"},{"data":"Creative AI","floor":40,"key":"SMITH"}],"neow_cost":"NONE","seed_source_timestamp":180607904242725,"circlet_count":0,"master_deck":["AscendersBane","Zap+1","Sunder+1","Steam","Conserve Battery","Chill","Cold Snap","Ball Lightning","Consume+1","Sweeping Beam","Creative AI+1","Electrodynamics","Seek","FTL","Capacitor","Multi-Cast+1","Cold Snap","Storm+1","BootSequence","Compile Driver","Loop","Coolheaded+1","Coolheaded","Ball Lightning+1","Glacier","Coolheaded","Biased Cognition","Hologram+1","Conserve Battery","Static Discharge+1"],"relics":["Cracked Core","Pen Nib","Meat on the Bone","Dodecahedron","Art of War","Bag of Preparation","Incense Burner","Pandora\u0027s Box","Red Mask","Dream Catcher","Shuriken","Happy Flower","Mercury Hourglass","Frozen Eye","Inserter","Ginger"],"potions_floor_usage":[4,16,24,29,29,33,38,41],"damage_taken":[{"damage":6,"enemies":"Cultist","floor":1,"turns":3},{"damage":2,"enemies":"Jaw Worm","floor":2,"turns":3},{"damage":3,"enemies":"Small Slimes","floor":3,"turns":2},{"damage":8,"enemies":"Exordium Wildlife","floor":4,"turns":2},{"damage":8,"enemies":"3 Sentries","floor":7,"turns":6},{"damage":0,"enemies":"Looter","floor":12,"turns":3},{"damage":0,"enemies":"Gremlin Gang","floor":13,"turns":4},{"damage":10,"enemies":"Lagavulin","floor":14,"turns":6},{"damage":12,"enemies":"Slime Boss","floor":16,"turns":10},{"damage":4,"enemies":"Chosen","floor":18,"turns":5},{"damage":0,"enemies":"Spheric Guardian","floor":19,"turns":4},{"damage":0,"enemies":"Masked Bandits","floor":20,"turns":2},{"damage":0,"enemies":"Centurion and Healer","floor":22,"turns":4},{"damage":12,"enemies":"Book of Stabbing","floor":24,"turns":3},{"damage":0,"enemies":"Snecko","floor":27,"turns":4},{"damage":5,"enemies":"Slavers","floor":29,"turns":5},{"damage":36,"enemies":"Collector","floor":33,"turns":9},{"damage":0,"enemies":"3 Shapes","floor":35,"turns":4},{"damage":6,"enemies":"Orb Walker","floor":36,"turns":3},{"damage":19,"enemies":"2 Orb Walkers","floor":38,"turns":4},{"damage":37,"enemies":"Giant Head","floor":41,"turns":6}],"seed_played":"-1978332658057932134","potions_obtained":[{"floor":1,"key":"Dexterity Potion"},{"floor":2,"key":"FearPotion"},{"floor":4,"key":"Explosive Potion"},{"floor":16,"key":"AttackPotion"},{"floor":22,"key":"Swift Potion"},{"floor":27,"key":"Regen Potion"},{"floor":29,"key":"EssenceOfSteel"},{"floor":33,"key":"GamblersBrew"},{"floor":38,"key":"Ancient Potion"},{"floor":39,"key":"Weak Potion"}],"is_trial":false,"path_per_floor":["M","M","M","M","T","R","E","?","T","$","R","M","M","E","R","B",null,"M","M","?","?","M","R","E","R","T","M","?","E","?","$","R","B",null,"M","M","$","?","?","R","E"],"character_chosen":"DEFECT","items_purchased":["Bag of Preparation","Cold Snap","Ball Lightning","Frozen Eye"],"campfire_rested":0,"item_purchase_floors":[10,10,10,31],"current_hp_per_floor":[58,56,53,45,45,45,37,37,37,37,37,37,37,39,39,39,63,59,59,59,59,59,59,47,47,47,47,47,54,54,54,54,30,61,61,55,55,36,36,36,0],"gold":73,"neow_bonus":"RANDOM_COMMON_RELIC","is_prod":false,"is_daily":false,"chose_seed":false,"campfire_upgraded":7,"win_rate":0,"timestamp":1546035175,"path_taken":["M","M","M","?","?","R","E","?","T","$","R","M","M","E","R","BOSS","M","M","?","?","?","R","E","R","T","M","?","E","?","$","R","BOSS","M","M","$","?","?","R","E"],"build_version":"2018-12-20","purchased_purges":2,"victory":false,"max_hp_per_floor":[71,71,71,71,71,71,71,71,71,71,71,71,71,71,71,71,71,71,71,71,71,71,71,71,71,71,71,71,71,71,71,71,71,71,71,71,71,71,71,71,71],"card_choices":[{"not_picked":["Self Repair","Hologram"],"picked":"Sunder","floor":1},{"not_picked":["Beam Cell","Scrape","BootSequence"],"picked":"SKIP","floor":2},{"not_picked":["Heatsinks","Gash"],"picked":"Steam","floor":3},{"not_picked":["Blizzard","Barrage"],"picked":"Conserve Battery","floor":4},{"not_picked":["Stack","Heatsinks"],"picked":"Chill","floor":7},{"not_picked":["Lockon","Rebound","Leap"],"picked":"SKIP","floor":12},{"not_picked":["Leap","Auto Shields"],"picked":"Consume","floor":13},{"not_picked":["Double Energy","Gash"],"picked":"Sweeping Beam","floor":14},{"not_picked":["Buffer","Reboot"],"picked":"Creative AI","floor":16},{"not_picked":["Stack","Go for the Eyes"],"picked":"BootSequence","floor":18},{"not_picked":["Steam Power","Streamline"],"picked":"Compile Driver","floor":19},{"not_picked":["Force Field","Redo"],"picked":"Loop","floor":20},{"not_picked":["Streamline+1","Steam"],"picked":"Coolheaded","floor":22},{"not_picked":["All For One","Chill+1"],"picked":"Coolheaded","floor":24},{"not_picked":["Hologram","Gash"],"picked":"Ball Lightning+1","floor":27},{"not_picked":["Fusion","Streamline"],"picked":"Coolheaded","floor":29},{"not_picked":["Hyperbeam","Creative AI"],"picked":"Biased Cognition","floor":33},{"not_picked":["Stack+1","Steam"],"picked":"Hologram+1","floor":35},{"not_picked":["Steam+1","Static Discharge"],"picked":"Conserve Battery","floor":36},{"not_picked":["Barrage","Streamline"],"picked":"Static Discharge+1","floor":38}],"player_experience":1304224,"relics_obtained":[{"floor":5,"key":"Meat on the Bone"},{"floor":7,"key":"Dodecahedron"},{"floor":9,"key":"Art of War"},{"floor":14,"key":"Incense Burner"},{"floor":20,"key":"Red Mask"},{"floor":24,"key":"Dream Catcher"},{"floor":26,"key":"Shuriken"},{"floor":29,"key":"Happy Flower"},{"floor":38,"key":"Ginger"}],"event_choices":[{"damage_healed":0,"gold_gain":275,"player_choice":"Desecrate","damage_taken":0,"max_hp_gain":0,"max_hp_loss":0,"event_name":"Golden Shrine","floor":8,"gold_loss":0,"cards_obtained":["Regret"]},{"damage_healed":0,"gold_gain":0,"player_choice":"Fought Bandits","damage_taken":0,"max_hp_gain":0,"max_hp_loss":0,"event_name":"Masked Bandits","floor":20,"gold_loss":0},{"cards_removed":["Steam Power"],"damage_healed":0,"gold_gain":0,"player_choice":"Gave Gold","damage_taken":0,"max_hp_gain":0,"max_hp_loss":0,"event_name":"Beggar","floor":21,"gold_loss":75},{"damage_healed":0,"gold_gain":0,"player_choice":"Read","damage_taken":0,"max_hp_gain":0,"max_hp_loss":0,"event_name":"The Library","floor":28,"gold_loss":0,"cards_obtained":["Glacier"]},{"damage_healed":0,"gold_gain":0,"player_choice":"Obtained Relic","damage_taken":0,"relics_obtained":["Mercury Hourglass"],"max_hp_gain":0,"max_hp_loss":0,"event_name":"Addict","floor":30,"gold_loss":85},{"damage_healed":0,"gold_gain":0,"player_choice":"Fight","damage_taken":0,"max_hp_gain":0,"max_hp_loss":0,"event_name":"Mysterious Sphere","floor":38,"gold_loss":0},{"damage_healed":0,"gold_gain":0,"player_choice":"Bought 1 Potion","damage_taken":0,"max_hp_gain":0,"max_hp_loss":0,"event_name":"The Woman in Blue","floor":39,"gold_loss":0}],"is_beta":false,"boss_relics":[{"not_picked":["Velvet Choker","Black Star"],"picked":"Pandora\u0027s Box"},{"not_picked":["Tiny House","Lizard Tail"],"picked":"Inserter"}],"items_purged_floors":[10,37],"is_endless":false,"potions_floor_spawned":[1,2,4,13,16,22,27,29,33,38],"killed_by":"Giant Head","ascension_level":20}