{"gold_per_floor":[359,35,49,61,61,61,61,61,61,73,73,73,104,120,120,193,193,205,28,46,46,66,66,93,93,165,182,182,192,219,232,232,309,309,327,327,327,337,60,87,105,105,105,105,125,125,137,170,170,170,170],"floor_reached":51,"playtime":2695,"items_purged":["Strike_R","Strike_R"],"score":1444,"play_id":"95d8dbaa-0761-4fc7-95ef-b5e00440127f","local_time":"20181119150756","is_ascension_mode":true,"campfire_choices":[{"data":"Bash","floor":6.0,"key":"SMITH"},{"data":"Whirlwind","floor":8.0,"key":"SMITH"},{"data":"Pommel Strike","floor":11.0,"key":"SMITH"},{"data":"Inflame","floor":15.0,"key":"SMITH"},{"data":"Rupture","floor":23.0,"key":"SMITH"},{"data":"Fiend Fire","floor":25.0,"key":"SMITH"},{"floor":28.0,"key":"RECALL"},{"data":"Brutality","floor":32.0,"key":"SMITH"},{"data":"Apotheosis","floor":42.0,"key":"SMITH"},{"data":"True Grit","floor":46.0,"key":"SMITH"},{"data":"Shrug It Off","floor":49.0,"key":"SMITH"}],"neow_cost":"TEN_PERCENT_HP_LOSS","seed_source_timestamp":441077244127068,"circlet_count":0,"master_deck":["AscendersBane","Strike_R","Strike_R","Strike_R","Defend_R","Defend_R","Defend_R","Defend_R","Bash+1","Pommel Strike+1","Bludgeon+1","Whirlwind+1","Dropkick","Brutality+1","Inflame+1","Reaper","Rupture+1","Warcry","Dropkick","Fiend Fire+1","Shrug It Off+1","True Grit+1","Barricade+1","Apotheosis+1","Dark Shackles","Good Instincts","True Grit+1","Body Slam+1","Corruption+1"],"special_seed":0,"relics":["Burning Blood","Centennial Puzzle","Strawberry","Sundial","Coffee Dripper","MutagenicStrength","Frozen Egg 2","Letter Opener","Thread and Needle","Runic Pyramid","Pantograph","Happy Flower","Art of War"],"potions_floor_usage":[],"damage_taken":[{"damage":14.0,"enemies":"Small Slimes","floor":1.0,"turns":4.0},{"damage":7.0,"enemies":"Jaw Worm","floor":3.0,"turns":3.0},{"damage":6.0,"enemies":"Cultist","floor":4.0,"turns":3.0},{"damage":12.0,"enemies":"2 Fungi Beasts","floor":10.0,"turns":3.0},{"damage":8.0,"enemies":"Gremlin Nob","floor":13.0,"turns":3.0},{"damage":16.0,"enemies":"Large Slime","floor":14.0,"turns":4.0},{"damage":41.0,"enemies":"Hexaghost","floor":16.0,"turns":7.0},{"damage":17.0,"enemies":"2 Thieves","floor":18.0,"turns":2.0},{"damage":0.0,"enemies":"3 Byrds","floor":20.0,"turns":4.0},{"damage":0.0,"enemies":"Snake Plant","floor":22.0,"turns":2.0},{"damage":41.0,"enemies":"Gremlin Leader","floor":24.0,"turns":7.0},{"damage":11.0,"enemies":"Centurion and Healer","floor":27.0,"turns":4.0},{"damage":1.0,"enemies":"Snecko","floor":29.0,"turns":2.0},{"damage":37.0,"enemies":"Slavers","floor":30.0,"turns":6.0},{"damage":21.0,"enemies":"Shelled Parasite and Fungi","floor":31.0,"turns":4.0},{"damage":71.0,"enemies":"Collector","floor":33.0,"turns":8.0},{"damage":22.0,"enemies":"3 Darklings","floor":35.0,"turns":6.0},{"damage":16.0,"enemies":"Orb Walker","floor":38.0,"turns":4.0},{"damage":34.0,"enemies":"Reptomancer","floor":40.0,"turns":6.0},{"damage":28.0,"enemies":"Jaw Worm Horde","floor":41.0,"turns":4.0},{"damage":31.0,"enemies":"Writhing Mass","floor":45.0,"turns":5.0},{"damage":18.0,"enemies":"3 Darklings","floor":47.0,"turns":6.0},{"damage":20.0,"enemies":"Nemesis","floor":48.0,"turns":9.0},{"damage":65.0,"enemies":"Awakened One","floor":50.0,"turns":8.0},{"damage":84,"enemies":"Donu and Deca","floor":51,"turns":5}],"seed_played":"-5496043146442694643","potions_obtained":[{"floor":4.0,"key":"Energy Potion"},{"floor":13.0,"key":"SkillPotion"},{"floor":18.0,"key":"Weak Potion"},{"floor":29.0,"key":"Regen Potion"},{"floor":33.0,"key":"PowerPotion"},{"floor":35.0,"key":"Strength Potion"},{"floor":38.0,"key":"EssenceOfSteel"},{"floor":47.0,"key":"SteroidPotion"}],"is_trial":false,"path_per_floor":["M","$","M","M","?","R","?","R","T","M","R","?","E","M","R","B",null,"M","$","M","?","M","R","E","R","T","M","R","M","E","M","R","B",null,"M","?","?","M","$","E","M","R","T","?","M","R","M","E","R","B","B"],"character_chosen":"IRONCLAD","items_purchased":["Bludgeon","Whirlwind","Rupture","Pantograph"],"campfire_rested":0,"item_purchase_floors":[2,2,19,39],"current_hp_per_floor":[60,60,59,59,48,48,53,53,60,54,54,54,52,42,42,7,62,65,65,71,71,77,77,72,72,72,67,67,72,44,50,50,9,62,73,63,63,64,64,69,52,52,52,52,33,33,55,63,63,30,0],"gold":170,"neow_bonus":"TWO_FIFTY_GOLD","is_prod":false,"is_daily":false,"chose_seed":false,"campfire_upgraded":10,"win_rate":0,"timestamp":1542658076,"path_taken":["M","$","M","M","?","R","?","R","T","M","R","?","E","M","R","BOSS","M","$","?","?","M","R","E","R","T","M","R","M","E","M","R","BOSS","M","?","?","?","$","E","M","R","T","?","M","R","M","E","R","BOSS","BOSS"],"build_version":"2018-11-15","purchased_purges":2,"victory":false,"max_hp_per_floor":[68,68,68,68,68,68,73,73,80,80,80,80,80,80,80,80,80,80,80,80,80,80,80,80,80,80,80,80,80,80,80,80,80,80,80,80,80,80,80,80,80,80,80,80,80,80,80,80,80,80,80],"card_choices":[{"not_picked":["Clash","Perfected Strike"],"picked":"Pommel Strike","floor":1.0},{"not_picked":["Flex","Pommel Strike"],"picked":"Dropkick","floor":3.0},{"not_picked":["Body Slam","Sword Boomerang","Pommel Strike"],"picked":"SKIP","floor":4.0},{"not_picked":["Sword Boomerang","Rampage","Wild Strike"],"picked":"SKIP","floor":10.0},{"not_picked":["Hemokinesis","Havoc"],"picked":"Brutality","floor":13.0},{"not_picked":["Second Wind","Thunderclap"],"picked":"Inflame","floor":14.0},{"not_picked":["Double Tap","Fiend Fire"],"picked":"Reaper","floor":16.0},{"not_picked":["Uppercut","Thunderclap","Bloodletting"],"picked":"SKIP","floor":18.0},{"not_picked":["Anger","Intimidate"],"picked":"Warcry","floor":20.0},{"not_picked":["Havoc","Burning Pact"],"picked":"Dropkick","floor":22.0},{"not_picked":["Infernal Blade","Perfected Strike+1"],"picked":"Fiend Fire","floor":24.0},{"not_picked":["Uppercut","Cleave","Sever Soul"],"picked":"SKIP","floor":27.0},{"not_picked":["Power Through","Shockwave"],"picked":"Shrug It Off","floor":29.0},{"not_picked":["Perfected Strike","Clash","Twin Strike"],"picked":"SKIP","floor":30.0},{"not_picked":["Armaments","Headbutt"],"picked":"True Grit+1","floor":31.0},{"not_picked":["Brutality+1","Juggernaut+1"],"picked":"Barricade+1","floor":33.0},{"not_picked":["Clash","Warcry"],"picked":"Combust+1","floor":35.0},{"not_picked":["Panacea","Chrysalis"],"picked":"Apotheosis","floor":36.0},{"not_picked":["Sadistic Nature+1","Mind Blast"],"picked":"Dark Shackles","floor":36.0},{"not_picked":["Purity","Jack Of All Trades"],"picked":"Good Instincts","floor":36.0},{"not_picked":["Iron Wave","Heavy Blade","Cleave"],"picked":"SKIP","floor":38.0},{"not_picked":["Pommel Strike","Havoc","Flame Barrier"],"picked":"SKIP","floor":40.0},{"not_picked":["Twin Strike","Sword Boomerang"],"picked":"True Grit","floor":41.0},{"not_picked":["Twin Strike+1","Sever Soul","Iron Wave+1"],"picked":"SKIP","floor":45.0},{"not_picked":["Bloodletting+1","Infernal Blade"],"picked":"Body Slam+1","floor":47.0},{"not_picked":["Warcry","Clash"],"picked":"Corruption+1","floor":48.0}],"player_experience":1114021,"relics_obtained":[{"floor":9.0,"key":"Strawberry"},{"floor":13.0,"key":"Sundial"},{"floor":24.0,"key":"Frozen Egg 2"},{"floor":26.0,"key":"Letter Opener"},{"floor":30.0,"key":"Thread and Needle"},{"floor":40.0,"key":"Happy Flower"},{"floor":48.0,"key":"Art of War"}],"event_choices":[{"damage_healed":0.0,"max_hp_gain":0.0,"max_hp_loss":0.0,"gold_gain":0.0,"event_name":"Scrap Ooze","player_choice":"Success","floor":5.0,"gold_loss":0.0,"damage_taken":11.0,"relics_obtained":["Centennial Puzzle"]},{"damage_healed":0.0,"max_hp_gain":5.0,"max_hp_loss":0.0,"gold_gain":0.0,"event_name":"Big Fish","player_choice":"Donut","floor":7.0,"gold_loss":0.0,"damage_taken":0.0},{"damage_healed":0.0,"max_hp_gain":0.0,"max_hp_loss":0.0,"gold_gain":0.0,"event_name":"Accursed Blacksmith","player_choice":"Forge","floor":12.0,"gold_loss":0.0,"damage_taken":0.0,"cards_upgraded":["Bludgeon"]},{"damage_healed":0.0,"max_hp_gain":0.0,"max_hp_loss":0.0,"gold_gain":0.0,"event_name":"Drug Dealer","player_choice":"Inject Mutagens","floor":21.0,"gold_loss":0.0,"damage_taken":0.0,"relics_obtained":["MutagenicStrength"]},{"damage_healed":0.0,"max_hp_gain":0.0,"max_hp_loss":0.0,"gold_gain":0.0,"event_name":"SensoryStone","player_choice":"Memory 3","floor":36.0,"gold_loss":0.0,"damage_taken":10.0},{"damage_healed":0.0,"max_hp_gain":0.0,"max_hp_loss":0.0,"gold_gain":0.0,"event_name":"Match and Keep!","player_choice":"0 cards matched","floor":37.0,"gold_loss":0.0,"damage_taken":0.0,"cards_obtained":[]},{"cards_removed":["Combust"],"damage_healed":0.0,"max_hp_gain":0.0,"max_hp_loss":0.0,"gold_gain":0.0,"event_name":"Falling","player_choice":"Removed Power","floor":44.0,"gold_loss":0.0,"damage_taken":0.0}],"is_beta":false,"boss_relics":[{"not_picked":["Sozu","Black Blood"],"picked":"Coffee Dripper"},{"not_picked":["Black Star","Astrolabe"],"picked":"Runic Pyramid"}],"items_purged_floors":[2,19],"is_endless":false,"potions_floor_spawned":[4,13,14,18,22,29,33,35,38,47],"killed_by":"Donu and Deca","ascension_level":20}