{"gold_per_floor":[117,128,138,148,223,223,252,252,252,252,265,295,309,336,336,415,415,430,445,495,495,514,514,514],"floor_reached":24,"playtime":1073,"items_purged":[],"score":461,"play_id":"2e48f3aa-19c4-45a4-8894-bcf1e56ace17","local_time":"20181030115047","is_ascension_mode":true,"campfire_choices":[{"data":"Bash","floor":6,"key":"SMITH"},{"data":"Bludgeon","floor":8,"key":"SMITH"},{"data":"Feed","floor":10,"key":"SMITH"},{"floor":15,"key":"REST"},{"data":"Uppercut","floor":23,"key":"SMITH"}],"neow_cost":"TEN_PERCENT_HP_LOSS","seed_source_timestamp":1006559800528696,"circlet_count":0,"master_deck":["Strike_R","Strike_R","Strike_R","Strike_R","Strike_R","Defend_R","Defend_R","Defend_R","Defend_R","Bash+1","AscendersBane","Feed+1","Headbutt","Feel No Pain","Wild Strike","Bludgeon+1","Corruption","Feel No Pain","Shrug It Off","Thunderclap","Offering","Uppercut+1","Spot Weakness","Dark Embrace"],"relics":["Burning Blood","Art of War","Lantern","Question Card","Red Skull","Sozu"],"potions_floor_usage":[7,12,16,16,22],"damage_taken":[{"damage":6,"enemies":"2 Louse","floor":1,"turns":3},{"damage":4,"enemies":"Small Slimes","floor":2,"turns":4},{"damage":6,"enemies":"Jaw Worm","floor":3,"turns":3},{"damage":20,"enemies":"Exordium Wildlife","floor":4,"turns":4},{"damage":22,"enemies":"3 Sentries","floor":7,"turns":14},{"damage":8,"enemies":"Blue Slaver","floor":11,"turns":3},{"damage":24,"enemies":"Lagavulin","floor":12,"turns":6},{"damage":13,"enemies":"3 Louse","floor":13,"turns":3},{"damage":22,"enemies":"3 Sentries","floor":14,"turns":11},{"damage":18,"enemies":"Slime Boss","floor":16,"turns":7},{"damage":0,"enemies":"Chosen","floor":18,"turns":2},{"damage":26,"enemies":"2 Thieves","floor":19,"turns":4},{"damage":25,"enemies":"Sentry and Sphere","floor":22,"turns":4},{"damage":29,"enemies":"Gremlin Leader","floor":24,"turns":3}],"seed_played":"-1142817886900315092","potions_obtained":[{"floor":3,"key":"Regen Potion"},{"floor":7,"key":"Poison Potion"},{"floor":11,"key":"FearPotion"},{"floor":13,"key":"Strength Potion"},{"floor":16,"key":"Strength Potion"}],"is_trial":false,"path_per_floor":["M","M","M","M","?","R","E","R","T","R","M","E","M","E","R","B",null,"M","M","?","?","M","R"],"character_chosen":"IRONCLAD","items_purchased":[],"campfire_rested":1,"item_purchase_floors":[],"current_hp_per_floor":[71,74,77,66,55,55,57,57,57,57,55,37,34,22,49,41,82,88,68,68,40,25,25,0],"gold":514,"neow_bonus":"THREE_RARE_CARDS","is_prod":false,"is_daily":false,"chose_seed":false,"campfire_upgraded":4,"win_rate":0,"timestamp":1540914647,"path_taken":["M","M","M","M","?","R","E","R","T","R","M","E","M","E","R","BOSS","M","M","?","?","M","R","E"],"build_version":"2018-10-25v2","purchased_purges":0,"victory":false,"max_hp_per_floor":[71,74,77,80,80,80,83,83,83,83,83,83,87,91,91,95,95,95,95,95,100,104,104,104],"card_choices":[{"not_picked":["Brutality","Exhume"],"picked":"Feed","floor":0},{"not_picked":["Clash","Blood for Blood"],"picked":"Headbutt","floor":1},{"not_picked":["Sentinel","Perfected Strike"],"picked":"Feel No Pain","floor":2},{"not_picked":["Havoc","Iron Wave"],"picked":"Wild Strike","floor":3},{"not_picked":["Perfected Strike","Blood for Blood","Body Slam"],"picked":"SKIP","floor":4},{"not_picked":["Pommel Strike","Clash"],"picked":"Bludgeon","floor":7},{"not_picked":["Warcry","Pommel Strike"],"picked":"Corruption","floor":11},{"not_picked":["Armaments","Berserk"],"picked":"Feel No Pain","floor":12},{"not_picked":["Armaments","Clothesline","Heavy Blade"],"picked":"Shrug It Off","floor":13},{"not_picked":["Rage","Anger","Flex"],"picked":"Thunderclap","floor":14},{"not_picked":["Limit Break","Dark Embrace","Impervious"],"picked":"Offering","floor":16},{"not_picked":["Iron Wave","Bloodletting","Twin Strike"],"picked":"Uppercut","floor":18},{"not_picked":["Thunderclap","Pummel","Clothesline"],"picked":"Spot Weakness","floor":19},{"not_picked":["Shockwave","Armaments+1","Wild Strike"],"picked":"Dark Embrace","floor":22}],"player_experience":1010432,"relics_obtained":[{"floor":7,"key":"Art of War"},{"floor":9,"key":"Lantern"},{"floor":12,"key":"Question Card"},{"floor":14,"key":"Red Skull"}],"event_choices":[{"damage_healed":0,"gold_gain":75,"player_choice":"Gather Gold","damage_taken":11,"max_hp_gain":0,"max_hp_loss":0,"event_name":"World of Goop","floor":5,"gold_loss":0},{"damage_healed":0,"gold_gain":50,"player_choice":"Stole From Cult","damage_taken":0,"max_hp_gain":0,"max_hp_loss":0,"event_name":"Nest","floor":20,"gold_loss":0},{"damage_healed":0,"gold_gain":0,"player_choice":"Shed Blood","damage_taken":33,"max_hp_gain":5,"max_hp_loss":0,"event_name":"Forgotten Altar","floor":21,"gold_loss":0}],"is_beta":false,"boss_relics":[{"not_picked":["Astrolabe","Busted Crown"],"picked":"Sozu"}],"items_purged_floors":[],"is_endless":false,"potions_floor_spawned":[3,7,11,13,16,22],"killed_by":"Gremlin Leader","ascension_level":20}