{"gold_per_floor":[115,127,145,145,6,6,26,38,84,104,122,141,141,152,152,152],"floor_reached":16,"playtime":324,"items_purged":[],"score":98,"play_id":"c303b720-1b4f-41c6-bb06-24d7a33e896c","local_time":"20180812221555","is_ascension_mode":false,"campfire_choices":[{"floor":6,"key":"REST"},{"floor":13,"key":"REST"},{"floor":15,"key":"REST"}],"neow_cost":"NONE","seed_source_timestamp":76700114921971,"circlet_count":0,"master_deck":["Strike_R","Strike_R","Strike_R","Strike_R","Strike_R","Defend_R","Defend_R","Defend_R","Defend_R","Bash","Perfected Strike","Clothesline","Pommel Strike","Madness","Corruption","Demon Form","Perfected Strike","Shrug It Off","Power Through","Rage","Shrug It Off","Headbutt","Barricade","Rampage"],"relics":["Fusion Hammer","Dream Catcher"],"potions_floor_usage":[14],"damage_taken":[{"damage":6,"enemies":"Cultist","floor":1,"turns":3},{"damage":6,"enemies":"Jaw Worm","floor":2,"turns":2},{"damage":2,"enemies":"2 Louse","floor":3,"turns":2},{"damage":21,"enemies":"Red Slaver","floor":7,"turns":4},{"damage":6,"enemies":"2 Fungi Beasts","floor":8,"turns":2},{"damage":10,"enemies":"Exordium Wildlife","floor":10,"turns":3},{"damage":11,"enemies":"Lots of Slimes","floor":11,"turns":5},{"damage":8,"enemies":"2 Fungi Beasts","floor":12,"turns":3},{"damage":0,"enemies":"Red Slaver","floor":14,"turns":1},{"damage":0,"enemies":"The Guardian","floor":16,"turns":1}],"seed_played":"7174830382609657841","potions_obtained":[{"floor":1,"key":"FearPotion"},{"floor":7,"key":"FearPotion"},{"floor":10,"key":"AttackPotion"},{"floor":12,"key":"Explosive Potion"}],"is_trial":false,"path_per_floor":["M","M","M","?","$","R","M","M","T","M","M","M","R","M","R"],"character_chosen":"IRONCLAD","items_purchased":["Demon Form"],"campfire_rested":3,"item_purchase_floors":[5],"current_hp_per_floor":[74,68,66,66,66,80,59,53,53,43,32,24,48,48,72,72],"gold":152,"neow_bonus":"BOSS_RELIC","is_prod":false,"is_daily":false,"chose_seed":false,"campfire_upgraded":0,"win_rate":0,"timestamp":1534126555,"path_taken":["M","?","M","?","$","R","M","M","T","M","?","M","R","M","R","BOSS"],"build_version":"2018-08-09","purchased_purges":0,"victory":false,"max_hp_per_floor":[80,80,80,80,80,80,80,80,80,80,80,80,80,80,80,80],"card_choices":[{"not_picked":["Ghostly Armor","Wild Strike"],"picked":"Perfected Strike","floor":1},{"not_picked":["Uppercut","Thunderclap"],"picked":"Clothesline","floor":2},{"not_picked":["True Grit","Iron Wave"],"picked":"Pommel Strike","floor":3},{"not_picked":["Fire Breathing","Rage"],"picked":"Perfected Strike","floor":7},{"not_picked":["Heavy Blade","Headbutt"],"picked":"Shrug It Off","floor":8},{"not_picked":["Twin Strike","Wild Strike"],"picked":"Power Through","floor":10},{"not_picked":["Headbutt","Berserk"],"picked":"Rage","floor":11},{"not_picked":["Twin Strike","Wild Strike"],"picked":"Shrug It Off","floor":12},{"not_picked":["Cleave","True Grit"],"picked":"Headbutt","floor":13},{"not_picked":["Heavy Blade","Headbutt"],"picked":"Barricade","floor":14},{"not_picked":["Armaments","Cleave"],"picked":"Rampage","floor":15}],"player_experience":496874,"relics_obtained":[{"floor":9,"key":"Dream Catcher"}],"event_choices":[{"event_name":"Match and Keep!","player_choice":"2 cards matched","floor":4,"damage_taken":0}],"is_beta":false,"boss_relics":[],"items_purged_floors":[],"is_endless":false,"potions_floor_spawned":[1,7,10,12],"killed_by":"The Guardian","ascension_level":0}