{"gold_per_floor":[217,227,36,36,36,107,120,151,175,200,200,238,257,273,273,392,392,410,410,410,428,480,480,495,495,495,176,189,202,202,246,246,246],"floor_reached":33,"playtime":1506,"items_purged":["Strike_B"],"score":503,"play_id":"2733302f-eeaa-4119-ac81-b4f742af43e6","local_time":"20190512174005","is_ascension_mode":true,"campfire_choices":[{"floor":11,"key":"REST"},{"data":"Defragment","floor":15,"key":"SMITH"},{"data":"Zap","floor":23,"key":"SMITH"},{"data":"Zap","floor":25,"key":"SMITH"},{"floor":32,"key":"REST"}],"neow_cost":"NONE","seed_source_timestamp":13389139949150,"circlet_count":0,"master_deck":["AscendersBane","Strike_B","Strike_B","Strike_B","Defend_B","Defend_B","Defend_B+1","Defend_B","Zap+1","Dualcast","Tempest","Glacier+1","Capacitor","Fusion","Zap+1","Conserve Battery","Capacitor","White Noise","Defragment+1","Chaos","Amplify","White Noise","Coolheaded+1","Redo","Doom and Gloom","Compile Driver","Heatsinks","Chill"],"relics":["FrozenCore","War Paint","Golden Idol","Tiny Chest","DataDisk","Blood Vial","Anchor","The Courier","Ancient Tea Set","Lantern","Symbiotic Virus","Juzu Bracelet"],"potions_floor_usage":[8,29,30,31,33],"damage_taken":[{"damage":0,"enemies":"Small Slimes","floor":1,"turns":3},{"damage":0,"enemies":"Cultist","floor":2,"turns":3},{"damage":11,"enemies":"Lagavulin","floor":6,"turns":7},{"damage":2,"enemies":"Jaw Worm","floor":7,"turns":5},{"damage":23,"enemies":"Gremlin Nob","floor":8,"turns":4},{"damage":26,"enemies":"3 Sentries","floor":12,"turns":6},{"damage":2,"enemies":"Looter","floor":13,"turns":3},{"damage":0,"enemies":"Large Slime","floor":14,"turns":5},{"damage":0,"enemies":"Hexaghost","floor":16,"turns":9},{"damage":0,"enemies":"Shell Parasite","floor":18,"turns":7},{"damage":1,"enemies":"3 Byrds","floor":21,"turns":2},{"damage":0,"enemies":"Snake Plant","floor":24,"turns":7},{"damage":28,"enemies":"3 Cultists","floor":28,"turns":5},{"damage":0,"enemies":"Sentry and Sphere","floor":29,"turns":4},{"damage":37,"enemies":"Slavers","floor":31,"turns":7},{"damage":30,"enemies":"Automaton","floor":33,"turns":6}],"seed_played":"5404535670725261724","potions_obtained":[{"floor":1,"key":"SteroidPotion"},{"floor":2,"key":"SkillPotion"},{"floor":7,"key":"FocusPotion"},{"floor":14,"key":"SpeedPotion"},{"floor":21,"key":"LiquidBronze"},{"floor":29,"key":"Weak Potion"},{"floor":30,"key":"Fruit Juice"},{"floor":30,"key":"FocusPotion"},{"floor":30,"key":"Ancient Potion"}],"is_trial":false,"path_per_floor":["M","M","$","?","?","E","M","E","T","T","R","E","M","M","R","B",null,"M","?","?","M","T","R","M","R","T","$","M","M","?","E","R","B"],"character_chosen":"DEFECT","items_purchased":["War Paint","Capacitor","Symbiotic Virus","Doom and Gloom"],"campfire_rested":2,"item_purchase_floors":[3,3,27,27],"current_hp_per_floor":[68,68,68,68,68,57,55,32,32,32,52,28,28,30,30,32,60,62,62,56,57,57,57,59,59,59,59,33,35,40,5,27,0],"gold":246,"neow_bonus":"HUNDRED_GOLD","is_prod":false,"is_daily":false,"chose_seed":false,"campfire_upgraded":3,"win_rate":0,"timestamp":1557697205,"path_taken":["M","M","$","?","?","E","?","E","T","?","R","E","M","M","R","BOSS","M","?","?","?","?","R","M","R","T","$","M","M","?","E","R","BOSS"],"build_version":"2019-01-23","purchased_purges":1,"victory":false,"max_hp_per_floor":[75,75,75,69,69,69,69,69,69,69,69,69,69,69,69,69,69,69,69,69,69,69,69,69,69,69,69,69,69,74,74,74,74],"card_choices":[{"not_picked":["Redo","Go for the Eyes"],"picked":"Tempest","floor":1},{"not_picked":["Sweeping Beam","Streamline"],"picked":"Glacier","floor":2},{"not_picked":["Barrage","Steam","Redo"],"picked":"SKIP","floor":6},{"not_picked":["Redo","Genetic Algorithm"],"picked":"Conserve Battery","floor":7},{"not_picked":["Hello World","Undo"],"picked":"Capacitor","floor":8},{"not_picked":["Leap","Streamline"],"picked":"White Noise","floor":12},{"not_picked":["Streamline","Doom and Gloom"],"picked":"Defragment","floor":13},{"not_picked":["Conserve Battery","Hyperbeam"],"picked":"Chaos","floor":14},{"not_picked":["Core Surge","Biased Cognition"],"picked":"Amplify","floor":16},{"not_picked":["Conserve Battery","Genetic Algorithm+1"],"picked":"White Noise","floor":18},{"not_picked":["Stack","Redo"],"picked":"Coolheaded+1","floor":21},{"not_picked":["Leap","Undo"],"picked":"Redo","floor":24},{"not_picked":["Hologram","Gash"],"picked":"Compile Driver","floor":28},{"not_picked":["Reboot","Streamline+1"],"picked":"Heatsinks","floor":29},{"not_picked":["Auto Shields+1","Cold Snap"],"picked":"Chill","floor":31}],"player_experience":301719,"relics_obtained":[{"floor":6,"key":"Tiny Chest"},{"floor":8,"key":"DataDisk"},{"floor":9,"key":"Blood Vial"},{"floor":10,"key":"Anchor"},{"floor":12,"key":"The Courier"},{"floor":22,"key":"Lantern"},{"floor":31,"key":"Juzu Bracelet"}],"event_choices":[{"damage_healed":0,"gold_gain":0,"player_choice":"Lose Max HP","damage_taken":0,"relics_obtained":["Golden Idol"],"max_hp_gain":0,"max_hp_loss":6,"event_name":"Golden Idol","floor":4,"gold_loss":0},{"damage_healed":0,"gold_gain":0,"player_choice":"2 cards matched","damage_taken":0,"max_hp_gain":0,"max_hp_loss":0,"event_name":"Match and Keep!","floor":5,"gold_loss":0,"cards_obtained":["Fusion","Zap"]},{"damage_healed":0,"gold_gain":0,"player_choice":"Opened","damage_taken":0,"relics_obtained":["Ancient Tea Set"],"max_hp_gain":0,"max_hp_loss":0,"event_name":"The Mausoleum","floor":19,"gold_loss":0},{"damage_healed":0,"gold_gain":0,"player_choice":"Damaged","damage_taken":6,"max_hp_gain":0,"max_hp_loss":0,"event_name":"Wheel of Change","floor":20,"gold_loss":0},{"damage_healed":0,"gold_gain":0,"player_choice":"Got Potions","damage_taken":0,"max_hp_gain":0,"max_hp_loss":0,"event_name":"Lab","floor":30,"gold_loss":0}],"is_beta":false,"boss_relics":[{"not_picked":["Eternal Feather","Orrery"],"picked":"FrozenCore"}],"items_purged_floors":[27],"is_endless":false,"potions_floor_spawned":[1,2,7,14,21,24,29],"killed_by":"Automaton","ascension_level":10}