{"gold_per_floor":[116,132,57,76,151,151,177,177,258,258,272,305,320,320,320,320],"floor_reached":16,"playtime":603,"items_purged":["Strike_R"],"score":182,"play_id":"fd1b8598-e141-452e-a6e2-a4636e290ab8","local_time":"20190704203832","is_ascension_mode":true,"campfire_choices":[{"data":"Carnage","floor":6,"key":"SMITH"},{"data":"Defend_R","floor":8,"key":"SMITH"},{"floor":10,"key":"REST"},{"floor":15,"key":"REST"}],"neow_cost":"NONE","seed_source_timestamp":143427815961844,"circlet_count":0,"master_deck":["AscendersBane","Strike_R","Strike_R","Strike_R","Defend_R","Defend_R","Defend_R+1","Defend_R+1","Bash","Clothesline","Carnage+1","Twin Strike","Shrug It Off"],"relics":["Burning Blood","Smiling Mask","Paper Frog","Oddly Smooth Stone"],"potions_floor_usage":[16,16],"damage_taken":[{"damage":7,"enemies":"Small Slimes","floor":1,"turns":4},{"damage":5,"enemies":"Jaw Worm","floor":2,"turns":4},{"damage":2,"enemies":"Cultist","floor":4,"turns":5},{"damage":30,"enemies":"Lagavulin","floor":7,"turns":5},{"damage":8,"enemies":"Blue Slaver","floor":11,"turns":3},{"damage":29,"enemies":"3 Sentries","floor":12,"turns":8},{"damage":25,"enemies":"Lots of Slimes","floor":13,"turns":5},{"damage":39,"enemies":"Slime Boss","floor":16,"turns":16}],"seed_played":"-1716469928805866963","potions_obtained":[{"floor":7,"key":"SpeedPotion"},{"floor":11,"key":"EssenceOfSteel"}],"is_trial":false,"path_per_floor":["M","M","$","M","?","R","E","R","T","R","M","E","M","?","R","B"],"character_chosen":"IRONCLAD","items_purchased":[],"campfire_rested":2,"item_purchase_floors":[],"current_hp_per_floor":[71,72,72,76,65,65,41,41,41,65,63,40,21,14,38,0],"gold":320,"neow_bonus":"UPGRADE_CARD","is_prod":false,"is_daily":false,"chose_seed":false,"campfire_upgraded":2,"win_rate":0,"timestamp":1562287112,"path_taken":["M","M","$","M","?","R","E","R","T","R","M","E","M","?","R","BOSS"],"build_version":"2019-07-01","purchased_purges":1,"victory":false,"max_hp_per_floor":[80,80,80,80,80,80,80,80,80,80,80,80,80,80,80,80],"card_choices":[{"not_picked":["Sentinel","Anger"],"picked":"Clothesline","floor":1},{"not_picked":["Wild Strike","Dropkick","Heavy Blade"],"picked":"SKIP","floor":2},{"not_picked":["Rampage","Corruption"],"picked":"Carnage","floor":4},{"not_picked":["Headbutt","Intimidate","Bloodletting"],"picked":"SKIP","floor":7},{"not_picked":["Flex","Corruption"],"picked":"Twin Strike","floor":11},{"not_picked":["Pummel","Heavy Blade","Anger"],"picked":"SKIP","floor":12},{"not_picked":["Headbutt","Seeing Red"],"picked":"Shrug It Off","floor":13}],"player_experience":441205,"relics_obtained":[{"floor":7,"key":"Smiling Mask"},{"floor":9,"key":"Paper Frog"},{"floor":12,"key":"Oddly Smooth Stone"}],"event_choices":[{"damage_healed":0,"gold_gain":75,"player_choice":"Gather Gold","damage_taken":11,"max_hp_gain":0,"max_hp_loss":0,"event_name":"World of Goop","floor":5,"gold_loss":0},{"cards_removed":["Strike_R"],"damage_healed":0,"gold_gain":0,"player_choice":"Card Removal","damage_taken":7,"max_hp_gain":0,"max_hp_loss":0,"event_name":"Golden Wing","floor":14,"gold_loss":0}],"is_beta":false,"boss_relics":[],"items_purged_floors":[3],"is_endless":false,"potions_floor_spawned":[7,11],"killed_by":"Slime Boss","ascension_level":13}