{"gold_per_floor":[114,127,52,152,172,203,220,248,273,308,327,327,327,342,342,447,447,460,308,308,319,336,356,356,456,503,279,279,313,332,342,342,438,438,453,470,486,43,57,57,86,86,154,184,184,34,34,50,50,50],"floor_reached":51,"playtime":4217,"items_purged":["Bash","Strike_R","Defend_R+1","Warcry"],"score":1125,"play_id":"900a7a42-8438-40d1-a848-a5b083a7b606","local_time":"20180704083849","is_ascension_mode":true,"campfire_choices":[{"data":"Pommel Strike","floor":12,"key":"SMITH"},{"data":"Warcry","floor":15,"key":"SMITH"},{"data":"Perfected Strike","floor":24,"key":"SMITH"},{"data":"Warcry","floor":28,"key":"SMITH"},{"data":"Seeing Red","floor":32,"key":"SMITH"},{"data":"Shrug It Off","floor":40,"key":"SMITH"},{"data":"Sword Boomerang","floor":42,"key":"SMITH"},{"data":"Offering","floor":49,"key":"SMITH"}],"neow_cost":"NONE","seed_source_timestamp":6680316625334,"circlet_count":0,"master_deck":["Strike_R+1","Strike_R+1","Strike_R+1","Defend_R+1","Defend_R+1","Defend_R+1","Warcry+1","Pommel Strike+1","Reaper","Warcry+1","Impervious","Spot Weakness+1","Battle Trance","Perfected Strike+1","Flash of Steel","Sword Boomerang+1","Seeing Red+1","Shrug It Off+1","Immolate","Infernal Blade+1","Blood for Blood+1","Warcry+1","Flex+1","Thunderclap+1","Offering+1"],"relics":["Burning Blood","Letter Opener","Whetstone","Bag of Preparation","Blood Vial","Runic Dome","Strawberry","Thread and Needle","Coffee Dripper","Pen Nib","Lantern","Boot","Shuriken","Juzu Bracelet","Torii"],"potions_floor_usage":[6,16,16,33,33,50,50],"damage_taken":[{"damage":10,"enemies":"Jaw Worm","floor":1,"turns":4},{"damage":7,"enemies":"Cultist","floor":2,"turns":5},{"damage":0,"enemies":"2 Louse","floor":5,"turns":4},{"damage":6,"enemies":"Gremlin Nob","floor":6,"turns":3},{"damage":3,"enemies":"2 Fungi Beasts","floor":7,"turns":4},{"damage":31,"enemies":"3 Sentries","floor":8,"turns":11},{"damage":30,"enemies":"Gremlin Nob","floor":10,"turns":4},{"damage":5,"enemies":"Looter","floor":11,"turns":4},{"damage":7,"enemies":"Blue Slaver","floor":14,"turns":3},{"damage":57,"enemies":"Slime Boss","floor":16,"turns":14},{"damage":21,"enemies":"Chosen","floor":18,"turns":6},{"damage":10,"enemies":"Shell Parasite","floor":21,"turns":5},{"damage":12,"enemies":"Sentry and Sphere","floor":22,"turns":6},{"damage":22,"enemies":"Snecko","floor":23,"turns":5},{"damage":9,"enemies":"Book of Stabbing","floor":29,"turns":4},{"damage":8,"enemies":"Snake Plant","floor":30,"turns":3},{"damage":1,"enemies":"Centurion and Healer","floor":31,"turns":5},{"damage":57,"enemies":"Automaton","floor":33,"turns":8},{"damage":0,"enemies":"Orb Walker","floor":35,"turns":3},{"damage":13,"enemies":"3 Darklings","floor":36,"turns":3},{"damage":9,"enemies":"Sphere and 2 Shapes","floor":37,"turns":4},{"damage":3,"enemies":"4 Shapes","floor":39,"turns":2},{"damage":19,"enemies":"Nemesis","floor":41,"turns":5},{"damage":6,"enemies":"Giant Head","floor":44,"turns":6},{"damage":1,"floor":45,"turns":5},{"damage":0,"enemies":"3 Darklings","floor":48,"turns":1},{"damage":4,"enemies":"Donu and Deca","floor":50,"turns":6}],"seed_played":"5961774667193288969","potions_obtained":[{"floor":5,"key":"FearPotion"},{"floor":7,"key":"SpeedPotion"},{"floor":8,"key":"SpeedPotion"},{"floor":10,"key":"PowerPotion"},{"floor":22,"key":"Weak Potion"},{"floor":29,"key":"BloodPotion"},{"floor":31,"key":"PowerPotion"},{"floor":33,"key":"SteroidPotion"},{"floor":35,"key":"Swift Potion"}],"is_trial":false,"path_per_floor":["M","M","$","?","M","E","M","E","T","E","M","R","?","M","R","B",null,"M","$","?","M","M","M","R","?","T","$","R","E","M","M","R","B",null,"M","M","M","$","M","R","E","R","T","E","?","$","?","M","R","B"],"character_chosen":"IRONCLAD","items_purchased":["Strength Potion","Flash of Steel","Pen Nib","Lantern","Offering"],"campfire_rested":0,"item_purchase_floors":[19,27,38,38,46],"current_hp_per_floor":[84,83,83,83,88,88,88,63,63,39,46,46,46,47,47,10,88,73,73,73,83,79,65,65,65,72,72,72,71,79,90,90,48,95,95,88,92,92,95,95,83,83,83,89,95,95,95,95,95,95],"gold":50,"neow_bonus":"TEN_PERCENT_HP_BONUS","is_prod":false,"is_daily":false,"chose_seed":false,"campfire_upgraded":8,"win_rate":0,"timestamp":1530711529,"path_taken":["M","M","$","?","M","E","M","E","T","E","M","R","?","M","R","BOSS","M","$","?","M","?","M","R","?","T","?","R","E","?","M","R","BOSS","M","M","M","$","M","R","E","R","T","E","?","?","?","M","R","BOSS"],"build_version":"2018-06-28","purchased_purges":4,"victory":true,"max_hp_per_floor":[88,88,88,88,88,88,88,88,88,88,88,88,88,88,88,88,88,88,88,88,88,88,88,88,88,95,95,95,95,95,95,95,95,95,95,95,95,95,95,95,95,95,95,95,95,95,95,95,95,95],"card_choices":[{"not_picked":["Shrug It Off","Body Slam"],"picked":"Warcry","floor":1},{"not_picked":["Headbutt","Iron Wave"],"picked":"Pommel Strike","floor":2},{"not_picked":["Iron Wave","Wild Strike","Disarm"],"picked":"SKIP","floor":5},{"not_picked":["Headbutt","Bludgeon","Wild Strike"],"picked":"SKIP","floor":6},{"not_picked":["Wild Strike","Shrug It Off"],"picked":"Warcry","floor":7},{"not_picked":["Reckless Charge","Havoc","Sword Boomerang"],"picked":"SKIP","floor":8},{"not_picked":["Warcry","Spot Weakness"],"picked":"Reaper","floor":10},{"not_picked":["Twin Strike","Armaments"],"picked":"Warcry","floor":11},{"not_picked":["Evolve","True Grit","Intimidate"],"picked":"SKIP","floor":14},{"not_picked":["Demon Form","Reaper"],"picked":"Impervious","floor":16},{"not_picked":["Disarm","True Grit"],"picked":"Spot Weakness+1","floor":18},{"not_picked":["Dual Wield","Perfected Strike"],"picked":"Battle Trance","floor":21},{"not_picked":["Cleave","Twin Strike","Uppercut"],"picked":"SKIP","floor":22},{"not_picked":["Evolve","Rage"],"picked":"Perfected Strike","floor":23},{"not_picked":["Second Wind","Thunderclap"],"picked":"Sword Boomerang","floor":29},{"not_picked":["Anger","Infernal Blade+1"],"picked":"Seeing Red","floor":30},{"not_picked":["Heavy Blade","Wild Strike"],"picked":"Shrug It Off","floor":31},{"not_picked":["Berserk","Double Tap"],"picked":"Immolate","floor":33},{"not_picked":["Heavy Blade+1","Shrug It Off+1"],"picked":"Infernal Blade+1","floor":35},{"not_picked":["Battle Trance+1","Armaments"],"picked":"Blood for Blood+1","floor":36},{"not_picked":["Dropkick+1","Sever Soul"],"picked":"Warcry+1","floor":37},{"not_picked":["Body Slam","Perfected Strike"],"picked":"Flex+1","floor":39},{"not_picked":["Whirlwind+1","Twin Strike"],"picked":"Thunderclap+1","floor":41},{"not_picked":["Rupture+1","Body Slam+1","Sword Boomerang"],"picked":"SKIP","floor":44},{"not_picked":["Sever Soul","Whirlwind+1","Clash+1"],"picked":"SKIP","floor":48}],"player_experience":138050,"relics_obtained":[{"floor":6,"key":"Letter Opener"},{"floor":8,"key":"Whetstone"},{"floor":9,"key":"Bag of Preparation"},{"floor":10,"key":"Blood Vial"},{"floor":26,"key":"Strawberry"},{"floor":29,"key":"Thread and Needle"},{"floor":41,"key":"Boot"},{"floor":43,"key":"Shuriken"},{"floor":44,"key":"Juzu Bracelet"},{"floor":45,"key":"Torii"}],"event_choices":[{"event_name":"Golden Shrine","player_choice":"Pray","floor":4,"damage_taken":0},{"event_name":"Golden Idol","player_choice":"Ignored","floor":13,"damage_taken":0},{"event_name":"Back to Basics","player_choice":"Simplicity","floor":20,"damage_taken":0},{"event_name":"Golden Shrine","player_choice":"Pray","floor":25,"damage_taken":0},{"event_name":"MindBloom","player_choice":"Fight","floor":45,"damage_taken":0},{"event_name":"Falling","player_choice":"Removed Attack","floor":47,"damage_taken":0}],"boss_relics":[{"not_picked":["Eternal Feather","Snecko Eye"],"picked":"Runic Dome"},{"not_picked":["Fusion Hammer","Pandora\u0027s Box"],"picked":"Coffee Dripper"}],"items_purged_floors":[3,19,27,38],"is_endless":false,"potions_floor_spawned":[5,7,8,10,22,29,31,33,35,37,41],"ascension_level":1}