{"gold_per_floor":[118,136,155,155,10,45,55,71,152,152,152,181,181,199,199,296,296,308,308,11,110,121,121,153,153,153,153,153,171,171,6,6,105,105,125,142,158,158,175,175,201,213,213,226,276,276,38,53,53,53],"floor_reached":50,"playtime":4211,"items_purged":["Strike_B","Defend_B","Defend_B"],"score":577,"play_id":"8536d778-6570-4aab-bde5-4c154948a248","local_time":"20180627084106","is_ascension_mode":false,"campfire_choices":[{"data":"Zap","floor":11,"key":"SMITH"},{"data":"Redo","floor":13,"key":"SMITH"},{"floor":15,"key":"REST"},{"data":"Ghostly","floor":23,"key":"SMITH"},{"data":"Ghostly","floor":25,"key":"SMITH"},{"data":"Ghostly","floor":28,"key":"SMITH"},{"data":"Hologram","floor":30,"key":"SMITH"},{"data":"Ghostly","floor":32,"key":"SMITH"},{"data":"Ghostly","floor":40,"key":"SMITH"},{"data":"1","floor":49,"key":"LIFT"}],"neow_cost":"NONE","seed_source_timestamp":43293841946044,"circlet_count":0,"master_deck":["Strike_B","Strike_B","Strike_B","Defend_B","Zap+1","Dualcast","FTL","Redo+1","FTL","Conserve Battery","Gash","Gash","Hologram+1","All For One","Redo+1","Ghostly+1","Ghostly+1","Ghostly+1","Ghostly+1","Ghostly+1","Glacier+1","FTL","Deep Breath","Madness","Steam Power","Turbo+1","Apotheosis"],"relics":["Cracked Core","Bronze Scales","Boot","Bottled Flame","Turnip","Busted Crown","Bag of Preparation","Omamori","Toolbox","Calipers","Coffee Dripper","Juzu Bracelet","Peace Pipe","Girya"],"potions_floor_usage":[6,6,12,16,33,33,33,39,44,45,50,50],"damage_taken":[{"damage":0,"enemies":"Cultist","floor":1,"turns":3},{"damage":1,"enemies":"Jaw Worm","floor":2,"turns":4},{"damage":0,"enemies":"Small Slimes","floor":3,"turns":2},{"damage":16,"enemies":"Lagavulin","floor":6,"turns":7},{"damage":0,"enemies":"Looter","floor":7,"turns":3},{"damage":3,"enemies":"3 Louse","floor":8,"turns":2},{"damage":14,"enemies":"Gremlin Nob","floor":12,"turns":4},{"damage":1,"enemies":"Gremlin Gang","floor":14,"turns":3},{"damage":48,"enemies":"The Guardian","floor":16,"turns":8},{"damage":15,"enemies":"2 Thieves","floor":18,"turns":2},{"damage":0,"enemies":"Spheric Guardian","floor":22,"turns":4},{"damage":4,"enemies":"Slavers","floor":24,"turns":5},{"damage":3,"enemies":"Slaver and Parasite","floor":29,"turns":3},{"damage":28,"enemies":"Automaton","floor":33,"turns":9},{"damage":0,"enemies":"3 Shapes","floor":35,"turns":3},{"damage":2,"enemies":"3 Darklings","floor":36,"turns":3},{"damage":5,"enemies":"Maw","floor":37,"turns":6},{"damage":0,"enemies":"Sphere and 2 Shapes","floor":39,"turns":3},{"damage":0,"enemies":"Nemesis","floor":41,"turns":6},{"damage":1,"enemies":"4 Shapes","floor":42,"turns":8},{"damage":11,"enemies":"3 Darklings","floor":44,"turns":3},{"damage":0,"floor":45,"turns":5},{"damage":0,"enemies":"Sphere and 2 Shapes","floor":48,"turns":5},{"damage":39,"enemies":"Awakened One","floor":50,"turns":9}],"seed_played":"765513300044557407","potions_obtained":[{"floor":1,"key":"Swift Potion"},{"floor":2,"key":"SkillPotion"},{"floor":6,"key":"EssenceOfSteel"},{"floor":14,"key":"Strength Potion"},{"floor":18,"key":"SpeedPotion"},{"floor":29,"key":"Fire Potion"},{"floor":33,"key":"Swift Potion"},{"floor":41,"key":"Fire Potion"},{"floor":42,"key":"Dexterity Potion"},{"floor":45,"key":"EssenceOfSteel"},{"floor":48,"key":"SpeedPotion"}],"is_trial":false,"path_per_floor":["M","M","M","?","$","E","M","M","T","?","R","E","R","M","R","B",null,"M","?","$","?","M","R","E","R","T","?","R","M","R","$","R","B",null,"M","M","M","?","M","R","E","M","T","M","?","?","$","M","R"],"character_chosen":"DEFECT","items_purchased":["FTL","Bag of Preparation","SteroidPotion","FTL","Apotheosis","PowerPotion"],"campfire_rested":1,"item_purchase_floors":[5,20,20,31,47,47],"current_hp_per_floor":[75,74,74,79,79,63,63,60,60,53,53,39,39,38,62,14,80,65,40,40,40,40,40,36,36,36,36,36,33,33,33,33,5,40,40,38,33,28,28,28,28,27,27,16,16,26,26,30,30,0],"gold":53,"neow_bonus":"RANDOM_COMMON_RELIC","is_prod":false,"is_daily":false,"chose_seed":false,"campfire_upgraded":8,"win_rate":0,"timestamp":1530103266,"path_taken":["M","M","M","?","$","E","M","M","T","?","R","E","R","?","R","BOSS","M","?","$","?","?","R","E","R","T","?","R","M","R","$","R","BOSS","M","M","M","?","?","R","E","M","T","M","?","?","$","M","R","BOSS"],"build_version":"2018-06-21v2","purchased_purges":3,"victory":false,"max_hp_per_floor":[75,75,75,80,80,80,80,80,80,80,80,80,80,80,80,80,80,80,40,40,40,40,40,40,40,40,40,40,40,40,40,40,40,40,40,40,40,40,40,40,40,40,40,40,40,40,40,40,40,40],"card_choices":[{"not_picked":["Storm","Coolheaded"],"picked":"FTL","floor":1},{"not_picked":["Consume","Chaos"],"picked":"Redo","floor":2},{"not_picked":["Rip and Tear","Coolheaded","Stack"],"picked":"SKIP","floor":3},{"not_picked":["Sweeping Beam","Melter"],"picked":"Conserve Battery","floor":6},{"not_picked":["Storm","Aggregate"],"picked":"Gash","floor":7},{"not_picked":["Undo","Conserve Battery"],"picked":"Gash","floor":8},{"not_picked":["Ball Lightning","Storm","Cold Snap"],"picked":"SKIP","floor":12},{"not_picked":["Cold Snap","Conserve Battery"],"picked":"Hologram","floor":14},{"not_picked":["Rainbow","Thunder Strike"],"picked":"All For One","floor":16},{"not_picked":[],"picked":"Redo+1","floor":18},{"not_picked":["Cold Snap"],"picked":"SKIP","floor":22},{"not_picked":["Chaos"],"picked":"SKIP","floor":24},{"not_picked":[],"picked":"Glacier+1","floor":29},{"not_picked":["Auto Shields"],"picked":"SKIP","floor":35},{"not_picked":["Consume+1"],"picked":"SKIP","floor":36},{"not_picked":["Barrage"],"picked":"SKIP","floor":37},{"not_picked":[],"picked":"Deep Breath","floor":38},{"not_picked":[],"picked":"Madness","floor":38},{"not_picked":["Redo"],"picked":"SKIP","floor":39},{"not_picked":[],"picked":"Steam Power","floor":41},{"not_picked":[],"picked":"Turbo+1","floor":42},{"not_picked":["Consume+1"],"picked":"SKIP","floor":44},{"not_picked":["Fusion"],"picked":"SKIP","floor":48}],"player_experience":95941,"relics_obtained":[{"floor":6,"key":"Boot"},{"floor":9,"key":"Bottled Flame"},{"floor":12,"key":"Turnip"},{"floor":24,"key":"Omamori"},{"floor":26,"key":"Toolbox"},{"floor":41,"key":"Juzu Bracelet"},{"floor":43,"key":"Peace Pipe"},{"floor":45,"key":"Girya"}],"event_choices":[{"event_name":"Big Fish","player_choice":"Donut","floor":4,"damage_taken":0},{"event_name":"Golden Wing","player_choice":"Card Removal","floor":10,"damage_taken":0},{"event_name":"Ghosts","player_choice":"Became a Ghost","floor":19,"damage_taken":0},{"event_name":"Nest","player_choice":"Stole From Cult","floor":21,"damage_taken":0},{"event_name":"The Mausoleum","player_choice":"Yes","floor":27,"damage_taken":0},{"event_name":"SensoryStone","player_choice":"Memory 2","floor":38,"damage_taken":0},{"event_name":"Mysterious Sphere","player_choice":"Fight","floor":45,"damage_taken":0},{"event_name":"Winding Halls","player_choice":"Writhe","floor":46,"damage_taken":0}],"boss_relics":[{"not_picked":["Cursed Key","Tiny House"],"picked":"Busted Crown"},{"not_picked":["White Beast Statue","Inserter"],"picked":"Coffee Dripper"}],"items_purged_floors":[5,20,31],"is_endless":false,"potions_floor_spawned":[1,2,6,14,18,29,33,41,42,45,48],"killed_by":"Awakened One","ascension_level":0}