{"gold_per_floor":[111,131,145,145,70,70,104,104,153,168,201,201,201,215,215,314,314,329,353,353,353,378,409,409,443,469,469,500,514,128,28,28,121,121,142,160,160,160,185,225,225,265,288,621,655,670,681,700,700,700,700,700,700,10,37,37],"floor_reached":56,"playtime":3523,"items_purged":["Strike_R","Strike_R"],"score":2085,"play_id":"aeab4370-754c-446d-a7b9-4916073a177d","local_time":"20190711200548","is_ascension_mode":true,"campfire_choices":[{"data":"Bash","floor":6,"key":"SMITH"},{"data":"Inflame","floor":8,"key":"SMITH"},{"data":"Feed","floor":15,"key":"SMITH"},{"floor":24,"key":"REST"},{"floor":27,"key":"RECALL"},{"floor":32,"key":"REST"},{"floor":41,"key":"REST"},{"floor":49,"key":"REST"},{"floor":53,"key":"REST"}],"neow_cost":"NONE","seed_source_timestamp":177682662623918,"circlet_count":0,"master_deck":["AscendersBane","Defend_R","Defend_R+1","Defend_R","Defend_R","Bash+1","Metallicize","Inflame+1","Rampage","Shrug It Off","Feed+1","Offering+1","Corruption","Battle Trance","Searing Blow+1","Ghostly","Ghostly","Ghostly","Pommel Strike","Inflame","Offering","Exhume","Armaments","Demon Form","Feel No Pain","Corruption","Shrug It Off","Immolate","Shockwave","Disarm","Armaments+1","Disarm","Evolve","Chrysalis","Double Tap","Jack Of All Trades","Flame Barrier"],"relics":["Burning Blood","Vajra","Lantern","Oddly Smooth Stone","Pantograph","Fusion Hammer","Bronze Scales","Whetstone","Bag of Preparation","Mummified Hand","OrangePellets","Omamori","Sozu","Potion Belt","Anchor","Smiling Mask","Happy Flower","Boot","War Paint"],"potions_floor_usage":[7,16,18,23,29,33,33],"damage_taken":[{"damage":7,"enemies":"2 Louse","floor":1,"turns":4},{"damage":4,"enemies":"Jaw Worm","floor":2,"turns":5},{"damage":3,"enemies":"Cultist","floor":3,"turns":4},{"damage":26,"enemies":"3 Sentries","floor":7,"turns":7},{"damage":5,"enemies":"Blue Slaver","floor":10,"turns":2},{"damage":18,"enemies":"Lagavulin","floor":11,"turns":7},{"damage":3,"enemies":"2 Fungi Beasts","floor":14,"turns":4},{"damage":26,"enemies":"The Guardian","floor":16,"turns":16},{"damage":29,"enemies":"3 Byrds","floor":18,"turns":7},{"damage":15,"enemies":"Chosen","floor":19,"turns":5},{"damage":2,"enemies":"Centurion and Healer","floor":22,"turns":7},{"damage":22,"enemies":"Slavers","floor":23,"turns":7},{"damage":18,"enemies":"Gremlin Leader","floor":25,"turns":6},{"damage":9,"enemies":"Slavers","floor":28,"turns":6},{"damage":0,"enemies":"Snake Plant","floor":29,"turns":4},{"damage":28,"enemies":"Champ","floor":33,"turns":11},{"damage":1,"enemies":"3 Shapes","floor":35,"turns":2},{"damage":10,"enemies":"Orb Walker","floor":36,"turns":4},{"damage":1,"enemies":"Transient","floor":39,"turns":6},{"damage":53,"enemies":"Nemesis","floor":40,"turns":7},{"damage":23,"enemies":"Reptomancer","floor":42,"turns":7},{"damage":0,"enemies":"Nemesis","floor":45,"turns":5},{"damage":1,"enemies":"3 Darklings","floor":46,"turns":5},{"damage":0,"enemies":"4 Shapes","floor":47,"turns":5},{"damage":6,"enemies":"Writhing Mass","floor":48,"turns":5},{"damage":16,"enemies":"Time Eater","floor":50,"turns":9},{"damage":91,"enemies":"Awakened One","floor":51,"turns":11},{"damage":39,"enemies":"Shield and Spear","floor":55,"turns":7},{"damage":120,"enemies":"The Heart","floor":56,"turns":9}],"seed_played":"4420994212252426176","potions_obtained":[{"floor":1,"key":"GamblersBrew"},{"floor":2,"key":"SkillPotion"},{"floor":7,"key":"GamblersBrew"},{"floor":19,"key":"Swift Potion"},{"floor":23,"key":"PowerPotion"},{"floor":25,"key":"Fruit Juice"},{"floor":29,"key":"Fire Potion"}],"is_trial":false,"path_per_floor":["M","M","M","?","$","R","E","R","T","M","E","?","T","M","R","B",null,"M","M","?","?","M","E","R","E","T","R","E","M","$","$","R","B",null,"M","M","?","?","M","E","R","E","T","?","E","M","M","M","R","B","B",null,"R","$","E","B"],"character_chosen":"IRONCLAD","items_purchased":["OrangePellets","Omamori","Evolve","Chrysalis","Double Tap","Jack Of All Trades","Boot"],"campfire_rested":5,"item_purchase_floors":[30,30,54,54,54,54,54],"current_hp_per_floor":[74,76,79,44,44,44,24,24,24,25,13,13,13,16,16,25,65,46,41,41,41,47,35,50,38,38,38,39,54,54,54,64,42,59,72,72,72,72,76,33,57,40,40,40,50,59,69,73,96,90,19,83,104,104,75,0],"gold":37,"neow_bonus":"TEN_PERCENT_HP_BONUS","is_prod":false,"is_daily":false,"chose_seed":false,"campfire_upgraded":3,"win_rate":0,"timestamp":1562889948,"path_taken":["M","M","M","?","$","R","E","R","T","M","E","?","?","?","R","BOSS","M","M","?","?","M","E","R","E","T","R","E","M","?","$","R","BOSS","M","M","?","?","?","E","R","E","T","?","E","M","M","M","R","BOSS","BOSS","R","$","E","BOSS"],"build_version":"2019-07-05","purchased_purges":2,"victory":false,"max_hp_per_floor":[82,82,82,82,82,82,82,82,82,82,82,74,74,74,74,78,78,82,86,86,43,47,51,51,51,51,51,55,64,64,64,64,64,64,72,76,76,76,76,80,80,80,80,80,84,88,92,96,96,100,104,104,104,104,108,108],"card_choices":[{"not_picked":["Flex","Havoc"],"picked":"Metallicize","floor":1},{"not_picked":["Metallicize","Ghostly Armor"],"picked":"Inflame","floor":2},{"not_picked":["Warcry","Burning Pact"],"picked":"Rampage","floor":3},{"not_picked":["Entrench","Cleave"],"picked":"Shrug It Off","floor":7},{"not_picked":["Bloodletting","Thunderclap","True Grit"],"picked":"SKIP","floor":10},{"not_picked":["Bloodletting","Thunderclap","True Grit"],"picked":"SKIP","floor":10},{"not_picked":["Heavy Blade","Power Through","Wild Strike"],"picked":"SKIP","floor":11},{"not_picked":["Entrench","Dual Wield"],"picked":"Feed","floor":14},{"not_picked":["Dark Embrace","Fiend Fire"],"picked":"Offering","floor":16},{"not_picked":["Flex","Heavy Blade"],"picked":"Corruption","floor":18},{"not_picked":["Reckless Charge","Wild Strike+1","Dual Wield"],"picked":"SKIP","floor":19},{"not_picked":["Perfected Strike","Wild Strike"],"picked":"Pommel Strike","floor":22},{"not_picked":["Searing Blow","Infernal Blade"],"picked":"Inflame","floor":23},{"not_picked":["Headbutt","Armaments"],"picked":"Offering","floor":25},{"not_picked":["Clash","Thunderclap"],"picked":"Exhume","floor":28},{"not_picked":["Entrench","Twin Strike"],"picked":"Armaments","floor":29},{"not_picked":["Exhume","Dark Embrace"],"picked":"Demon Form","floor":33},{"not_picked":["Clash+1","Havoc+1"],"picked":"Feel No Pain","floor":35},{"not_picked":["Clash+1","Twin Strike+1"],"picked":"Corruption","floor":36},{"not_picked":["True Grit+1","Flex"],"picked":"Shrug It Off","floor":39},{"not_picked":["Perfected Strike","Headbutt"],"picked":"Immolate","floor":40},{"not_picked":["Perfected Strike","True Grit+1"],"picked":"Shockwave","floor":42},{"not_picked":["Body Slam","Searing Blow","Clash"],"picked":"SKIP","floor":45},{"not_picked":["Dark Embrace","Cleave+1"],"picked":"Disarm","floor":46},{"not_picked":["Flame Barrier","Twin Strike"],"picked":"Armaments+1","floor":47},{"not_picked":["Body Slam+1","Intimidate"],"picked":"Disarm","floor":48},{"not_picked":["Iron Wave","Dual Wield"],"picked":"Flame Barrier","floor":55}],"player_experience":1470827,"relics_obtained":[{"floor":7,"key":"Lantern"},{"floor":11,"key":"Oddly Smooth Stone"},{"floor":13,"key":"Pantograph"},{"floor":23,"key":"Bronze Scales"},{"floor":25,"key":"Whetstone"},{"floor":26,"key":"Bag of Preparation"},{"floor":28,"key":"Mummified Hand"},{"floor":40,"key":"Potion Belt"},{"floor":42,"key":"Anchor"},{"floor":43,"key":"Smiling Mask"},{"floor":45,"key":"Happy Flower"},{"floor":55,"key":"War Paint"}],"event_choices":[{"damage_healed":0,"gold_gain":0,"player_choice":"Success","damage_taken":35,"relics_obtained":["Vajra"],"max_hp_gain":0,"max_hp_loss":0,"event_name":"Scrap Ooze","floor":4,"gold_loss":0},{"damage_healed":0,"gold_gain":0,"player_choice":"Lose Max HP","damage_taken":0,"relics_obtained":["Golden Idol"],"max_hp_gain":0,"max_hp_loss":8,"event_name":"Golden Idol","floor":12,"gold_loss":0},{"damage_healed":0,"gold_gain":0,"cards_transformed":["Strike_R","Strike_R"],"player_choice":"Became Test Subject","damage_taken":0,"max_hp_gain":0,"max_hp_loss":0,"event_name":"Drug Dealer","floor":20,"gold_loss":0,"cards_obtained":["Battle Trance","Searing Blow"]},{"damage_healed":0,"gold_gain":0,"player_choice":"Became a Ghost","damage_taken":0,"max_hp_gain":0,"max_hp_loss":43,"event_name":"Ghosts","floor":21,"gold_loss":0,"cards_obtained":["Ghostly","Ghostly","Ghostly"]},{"cards_removed":["Strike_R"],"damage_healed":0,"gold_gain":0,"player_choice":"Removed Attack","damage_taken":0,"max_hp_gain":0,"max_hp_loss":0,"event_name":"Falling","floor":37,"gold_loss":0},{"damage_healed":0,"gold_gain":0,"player_choice":"0 cards matched","damage_taken":0,"max_hp_gain":0,"max_hp_loss":0,"event_name":"Match and Keep!","floor":38,"gold_loss":0,"cards_obtained":[]},{"damage_healed":0,"gold_gain":333,"player_choice":"Gave Idol","damage_taken":0,"max_hp_gain":0,"max_hp_loss":0,"event_name":"The Moai Head","floor":44,"relics_lost":["Golden Idol"],"gold_loss":0}],"is_beta":false,"boss_relics":[{"not_picked":["Lizard Tail","Mark of Pain"],"picked":"Fusion Hammer"},{"not_picked":["Black Blood","White Beast Statue"],"picked":"Sozu"}],"items_purged_floors":[5,31],"is_endless":false,"potions_floor_spawned":[1,2,3,7,14,19,23,25,29,36,40,45,47,48],"killed_by":"The Heart","ascension_level":20}