{"gold_per_floor":[110,120,120,34,51,80,80,109,133,179,208,240,252,264],"floor_reached":14,"playtime":584,"items_purged":[],"score":138,"play_id":"a50a8d87-a930-488e-bf44-05e77db9b6af","local_time":"20190601125535","is_ascension_mode":true,"campfire_choices":[{"floor":7,"key":"REST"}],"neow_cost":"NONE","seed_source_timestamp":86218885670492,"circlet_count":0,"master_deck":["Defend_G","Defend_G","Defend_G","Defend_G","Defend_G","Strike_G","Strike_G","Strike_G","Strike_G","Survivor","Neutralize+1","Cloak And Dagger","Dagger Spray","Backstab","Trip","Mind Blast","Quick Slash","Accuracy","Well Laid Plans","Cloak And Dagger"],"relics":["Ring of the Snake","Anchor","Smiling Mask","MawBank","StoneCalendar"],"potions_floor_usage":[8,10,12],"damage_taken":[{"damage":0,"enemies":"Small Slimes","floor":1,"turns":4},{"damage":0,"enemies":"Cultist","floor":2,"turns":3},{"damage":0,"enemies":"2 Louse","floor":5,"turns":3},{"damage":31,"enemies":"Lagavulin","floor":6,"turns":7},{"damage":43,"enemies":"Gremlin Nob","floor":8,"turns":6},{"damage":1,"enemies":"3 Sentries","floor":10,"turns":6},{"damage":0,"enemies":"Exordium Wildlife","floor":11,"turns":3},{"damage":0,"enemies":"Looter","floor":12,"turns":2},{"damage":16,"enemies":"Large Slime","floor":14,"turns":2}],"seed_played":"-3596932236273413618","potions_obtained":[{"floor":5,"key":"Block Potion"},{"floor":8,"key":"Energy Potion"},{"floor":10,"key":"Poison Potion"},{"floor":12,"key":"PowerPotion"}],"is_trial":false,"path_per_floor":["M","M","?","$","M","E","R","E","T","E","M","M","?","M"],"character_chosen":"THE_SILENT","items_purchased":["Mind Blast"],"campfire_rested":1,"item_purchase_floors":[4],"current_hp_per_floor":[70,70,70,70,70,39,60,17,17,16,16,16,16,0],"gold":264,"neow_bonus":"UPGRADE_CARD","is_prod":false,"is_daily":false,"chose_seed":false,"campfire_upgraded":0,"win_rate":0,"timestamp":1559408135,"path_taken":["M","M","?","$","M","E","R","E","T","E","M","?","?","M"],"build_version":"2019-01-23","purchased_purges":0,"victory":false,"max_hp_per_floor":[70,70,70,70,70,70,70,70,70,70,70,70,70,70],"card_choices":[{"not_picked":["Underhanded Strike","Heel Hook"],"picked":"Cloak And Dagger","floor":1},{"not_picked":["Bane","Masterful Stab"],"picked":"Dagger Spray","floor":2},{"not_picked":["Dagger Spray","Prepared","Eviscerate"],"picked":"SKIP","floor":5},{"not_picked":["Phantasmal Killer","Masterful Stab"],"picked":"Quick Slash","floor":6},{"not_picked":["Deadly Poison","Catalyst","Poisoned Stab"],"picked":"SKIP","floor":8},{"not_picked":["Night Terror","Malaise"],"picked":"Accuracy","floor":10},{"not_picked":["Expertise","Slice"],"picked":"Well Laid Plans","floor":11},{"not_picked":["Quick Slash","Skewer"],"picked":"Cloak And Dagger","floor":12}],"player_experience":344217,"relics_obtained":[{"floor":6,"key":"Anchor"},{"floor":8,"key":"Smiling Mask"},{"floor":9,"key":"MawBank"},{"floor":10,"key":"StoneCalendar"}],"event_choices":[{"damage_healed":0,"gold_gain":0,"player_choice":"2 cards matched","damage_taken":0,"max_hp_gain":0,"max_hp_loss":0,"event_name":"Match and Keep!","floor":3,"gold_loss":0,"cards_obtained":["Backstab","Trip"]},{"cards_removed":["Strike_G"],"damage_healed":0,"gold_gain":0,"player_choice":"Card Removal","damage_taken":0,"max_hp_gain":0,"max_hp_loss":0,"event_name":"Wheel of Change","floor":13,"gold_loss":0}],"is_beta":false,"boss_relics":[],"items_purged_floors":[],"is_endless":false,"potions_floor_spawned":[5,8,10,12],"killed_by":"Large Slime","ascension_level":5}