{"gold_per_floor":[110,123,123,133,58,58,123,123,148,148,180,180],"floor_reached":12,"playtime":426,"items_purged":["Strike_R"],"score":163,"play_id":"ffaca112-f06c-402e-8528-db6020fcf445","local_time":"20190723080553","is_ascension_mode":true,"campfire_choices":[{"floor":6,"key":"REST"},{"floor":10,"key":"REST"}],"neow_cost":"PERCENT_DAMAGE","seed_source_timestamp":24956070063943,"circlet_count":0,"master_deck":["AscendersBane","Strike_R","Strike_R","Strike_R","Defend_R","Defend_R","Defend_R","Defend_R","Bash","Rampage","Battle Trance","Burning Pact","Pommel Strike","Bash","Headbutt"],"relics":["Burning Blood","Ice Cream","Tiny Chest","Orichalcum","Darkstone Periapt"],"potions_floor_usage":[7,7,11],"damage_taken":[{"damage":10,"enemies":"Small Slimes","floor":1,"turns":4},{"damage":7,"enemies":"Cultist","floor":2,"turns":4},{"damage":19,"enemies":"Jaw Worm","floor":4,"turns":4},{"damage":50,"enemies":"3 Sentries","floor":7,"turns":11},{"damage":20,"enemies":"Gremlin Nob","floor":11,"turns":4},{"damage":22,"enemies":"Gremlin Gang","floor":12,"turns":2}],"seed_played":"1541620660728656236","potions_obtained":[{"floor":1,"key":"SneckoOil"},{"floor":2,"key":"Swift Potion"},{"floor":7,"key":"Poison Potion"}],"is_trial":false,"path_per_floor":["M","M","?","M","$","R","E","?","T","R","E","M"],"character_chosen":"IRONCLAD","items_purchased":[],"campfire_rested":2,"item_purchase_floors":[],"current_hp_per_floor":[46,45,45,32,32,54,10,10,10,32,18,0],"gold":180,"neow_bonus":"ONE_RARE_RELIC","is_prod":false,"is_daily":false,"chose_seed":false,"campfire_upgraded":0,"win_rate":0,"timestamp":1563883553,"path_taken":["M","M","?","M","$","R","E","?","T","R","E","M"],"build_version":"2019-07-17","purchased_purges":1,"victory":false,"max_hp_per_floor":[75,75,75,75,75,75,75,75,75,75,75,75],"card_choices":[{"not_picked":["Power Through","Sentinel","Second Wind"],"picked":"SKIP","floor":1},{"not_picked":["Clash","Evolve","Seeing Red"],"picked":"SKIP","floor":2},{"not_picked":["Iron Wave","Cleave"],"picked":"Battle Trance","floor":4},{"not_picked":["Searing Blow","Entrench"],"picked":"Burning Pact","floor":7},{"not_picked":["Sword Boomerang","Sentinel"],"picked":"Headbutt","floor":11}],"player_experience":590717,"relics_obtained":[{"floor":7,"key":"Tiny Chest"},{"floor":9,"key":"Orichalcum"},{"floor":11,"key":"Darkstone Periapt"}],"event_choices":[{"damage_healed":0,"gold_gain":0,"cards_transformed":["Strike_R"],"player_choice":"Change","damage_taken":0,"max_hp_gain":0,"max_hp_loss":0,"event_name":"Living Wall","floor":3,"gold_loss":0,"cards_obtained":["Rampage"]},{"damage_healed":0,"gold_gain":0,"player_choice":"2 cards matched","damage_taken":0,"max_hp_gain":0,"max_hp_loss":0,"event_name":"Match and Keep!","floor":8,"gold_loss":0,"cards_obtained":["Pommel Strike","Bash"]}],"is_beta":false,"boss_relics":[],"items_purged_floors":[5],"is_endless":false,"potions_floor_spawned":[1,2,7],"killed_by":"Gremlin Gang","ascension_level":18}