{"gold_per_floor":[115,125,144,69,69,69,99,111,138,138,138,168,168,201,201,280,280,292,292,292,292,39,39,68,68,68,78,78,78,103,113,113,186,186,197,197,26,39,50,50,66,115,192,219,230,265,20,20,20,20],"floor_reached":50,"playtime":2965,"items_purged":["Writhe","Strike_G"],"score":1013,"play_id":"63329d6a-d6a7-4ed4-b5a1-4f5ec4e2d751","local_time":"20190722173222","is_ascension_mode":true,"campfire_choices":[{"data":"Quick Slash","floor":6,"key":"SMITH"},{"floor":11,"key":"REST"},{"data":"Dagger Throw","floor":13,"key":"SMITH"},{"data":"Well Laid Plans","floor":15,"key":"SMITH"},{"data":"Bullet Time","floor":23,"key":"SMITH"},{"data":"Corpse Explosion","floor":25,"key":"SMITH"},{"data":"Strike_G","floor":29,"key":"PURGE"},{"floor":32,"key":"REST"},{"floor":40,"key":"RECALL"},{"data":"Wraith Form v2","floor":49,"key":"SMITH"}],"neow_cost":"NONE","seed_source_timestamp":419518992902415,"circlet_count":0,"master_deck":["AscendersBane","Strike_G","Strike_G","Defend_G","Defend_G+1","Defend_G","Defend_G","Defend_G+1","Survivor","Neutralize+1","Quick Slash+1","Escape Plan","Dagger Throw+1","Acrobatics","Well Laid Plans+1","Backflip","Bullet Time+1","Corpse Explosion+1","Backstab","PiercingWail","Master of Strategy","Cloak And Dagger","Backflip+1","PiercingWail+1","Wraith Form v2+1","Caltrops+1","Panache","Cloak And Dagger+1","Leg Sweep","Flechettes","Escape Plan+1","Corpse Explosion","Wraith Form v2","Secret Technique"],"relics":["Ring of the Serpent","Regal Pillow","Strawberry","Bottled Lightning","Potion Belt","War Paint","MutagenicStrength","Vajra","Peace Pipe","Incense Burner","Shuriken","Sozu","Torii","Smiling Mask","MawBank","DollysMirror"],"potions_floor_usage":[12,16,34,50,50],"damage_taken":[{"damage":5,"enemies":"2 Louse","floor":1,"turns":5},{"damage":2,"enemies":"Jaw Worm","floor":2,"turns":5},{"damage":8,"enemies":"Small Slimes","floor":3,"turns":5},{"damage":23,"enemies":"Lagavulin","floor":7,"turns":9},{"damage":24,"enemies":"3 Louse","floor":8,"turns":7},{"damage":21,"enemies":"3 Sentries","floor":12,"turns":12},{"damage":15,"enemies":"Lagavulin","floor":14,"turns":10},{"damage":3,"enemies":"The Guardian","floor":16,"turns":16},{"damage":5,"enemies":"Chosen","floor":18,"turns":5},{"damage":10,"enemies":"Gremlin Leader","floor":24,"turns":9},{"damage":0,"enemies":"Spheric Guardian","floor":27,"turns":4},{"damage":21,"enemies":"Slavers","floor":30,"turns":2},{"damage":10,"enemies":"Snake Plant","floor":31,"turns":4},{"damage":31,"enemies":"Automaton","floor":33,"turns":11},{"damage":0,"enemies":"Orb Walker","floor":35,"turns":4},{"damage":0,"enemies":"3 Shapes","floor":38,"turns":5},{"damage":0,"enemies":"Spire Growth","floor":39,"turns":5},{"damage":0,"enemies":"Sphere and 2 Shapes","floor":41,"turns":3},{"damage":6,"enemies":"2 Orb Walkers","floor":42,"turns":5},{"damage":0,"enemies":"Reptomancer","floor":44,"turns":6},{"damage":0,"enemies":"3 Darklings","floor":45,"turns":3},{"damage":16,"enemies":"Giant Head","floor":46,"turns":8},{"damage":43,"enemies":"Time Eater","floor":50,"turns":11}],"seed_played":"8669259186857210602","potions_obtained":[{"floor":7,"key":"SteroidPotion"},{"floor":8,"key":"Swift Potion"},{"floor":14,"key":"Weak Potion"},{"floor":16,"key":"Fruit Juice"},{"floor":24,"key":"GamblersBrew"},{"floor":30,"key":"Block Potion"}],"is_trial":false,"path_per_floor":["M","M","M","?","?","R","E","M","T","T","R","E","R","E","R","B",null,"M","?","?","?","$","R","E","R","T","M","$","R","E","M","R","B",null,"M","?","$","M","M","R","M","?","T","E","M","E","$","?","R","B"],"character_chosen":"THE_SILENT","items_purchased":["Master of Strategy","Panache","DollysMirror"],"campfire_rested":2,"item_purchase_floors":[22,37,47],"current_hp_per_floor":[54,52,44,44,49,49,26,2,9,9,47,26,26,11,11,8,61,56,56,56,56,56,56,46,46,46,46,46,46,25,15,53,22,69,69,69,69,69,69,69,69,63,63,63,63,47,47,37,37,0],"gold":20,"neow_bonus":"UPGRADE_CARD","is_prod":false,"is_daily":false,"chose_seed":false,"campfire_upgraded":6,"win_rate":0,"timestamp":1563831142,"path_taken":["M","M","M","?","?","R","E","M","T","?","R","E","R","E","R","BOSS","M","?","?","?","$","R","E","R","T","M","?","R","E","M","R","BOSS","M","?","$","M","M","R","M","?","T","E","M","E","$","?","R","BOSS"],"build_version":"2019-07-17","purchased_purges":2,"victory":false,"max_hp_per_floor":[66,66,66,66,71,71,71,71,78,78,78,78,78,78,78,78,78,78,78,78,78,78,78,78,78,78,78,78,78,78,78,78,78,83,83,83,83,83,83,83,83,83,83,83,83,83,83,83,83,83],"card_choices":[{"not_picked":["Blade Dance","Concentrate"],"picked":"Quick Slash","floor":1},{"not_picked":["Bane","Blur"],"picked":"Escape Plan","floor":2},{"not_picked":["Dodge and Roll","Eviscerate"],"picked":"Dagger Throw","floor":3},{"not_picked":["Distraction","Dagger Throw"],"picked":"Acrobatics","floor":7},{"not_picked":["Phantasmal Killer","Deflect"],"picked":"Well Laid Plans","floor":8},{"not_picked":["Deflect","Sucker Punch"],"picked":"Backflip","floor":12},{"not_picked":["Riddle With Holes","Tactician"],"picked":"Bullet Time","floor":14},{"not_picked":["Glass Knife","Venomology"],"picked":"Corpse Explosion","floor":16},{"not_picked":["Prepared","All Out Attack"],"picked":"Backstab","floor":18},{"not_picked":["Dagger Throw","Terror","Sucker Punch"],"picked":"SKIP","floor":24},{"not_picked":["Riddle With Holes","Infinite Blades+1"],"picked":"Cloak And Dagger","floor":27},{"not_picked":["Dagger Throw","Bane+1"],"picked":"Backflip+1","floor":30},{"not_picked":["Bane","Catalyst"],"picked":"PiercingWail+1","floor":31},{"not_picked":["After Image","Malaise"],"picked":"Wraith Form v2","floor":33},{"not_picked":["Bouncing Flask","Outmaneuver"],"picked":"Caltrops+1","floor":35},{"not_picked":["Slice","Cloak And Dagger","Poisoned Stab"],"picked":"SKIP","floor":38},{"not_picked":["Bane+1","Blade Dance"],"picked":"Cloak And Dagger+1","floor":39},{"not_picked":["Infinite Blades","Acrobatics"],"picked":"Leg Sweep","floor":41},{"not_picked":["Underhanded Strike","Venomology"],"picked":"Flechettes","floor":42},{"not_picked":["Endless Agony","Prepared"],"picked":"Escape Plan+1","floor":44},{"not_picked":["Acrobatics","Deadly Poison","Blade Dance"],"picked":"SKIP","floor":45},{"not_picked":["Dodge and Roll","Outmaneuver+1"],"picked":"Corpse Explosion","floor":46},{"not_picked":["Trip","Transmutation"],"picked":"Secret Technique","floor":48}],"player_experience":1532933,"relics_obtained":[{"floor":7,"key":"Regal Pillow"},{"floor":9,"key":"Strawberry"},{"floor":10,"key":"Bottled Lightning"},{"floor":12,"key":"Potion Belt"},{"floor":14,"key":"War Paint"},{"floor":24,"key":"Peace Pipe"},{"floor":26,"key":"Incense Burner"},{"floor":30,"key":"Shuriken"},{"floor":42,"key":"Torii"},{"floor":44,"key":"Smiling Mask"},{"floor":46,"key":"MawBank"}],"event_choices":[{"cards_removed":["Strike_G"],"damage_healed":0,"gold_gain":0,"player_choice":"Card Removal","damage_taken":0,"max_hp_gain":0,"max_hp_loss":0,"event_name":"The Cleric","floor":4,"gold_loss":75},{"damage_healed":0,"gold_gain":0,"player_choice":"Donut","damage_taken":0,"max_hp_gain":5,"max_hp_loss":0,"event_name":"Big Fish","floor":5,"gold_loss":0},{"damage_healed":0,"gold_gain":0,"player_choice":"Inject Mutagens","damage_taken":0,"relics_obtained":["MutagenicStrength"],"max_hp_gain":0,"max_hp_loss":0,"event_name":"Drug Dealer","floor":19,"gold_loss":0},{"damage_healed":0,"gold_gain":0,"player_choice":"Opened","damage_taken":0,"relics_obtained":["Vajra"],"max_hp_gain":0,"max_hp_loss":0,"event_name":"The Mausoleum","floor":20,"gold_loss":0,"cards_obtained":["Writhe"]},{"damage_healed":0,"gold_gain":0,"player_choice":"Read","damage_taken":0,"max_hp_gain":0,"max_hp_loss":0,"event_name":"The Library","floor":21,"gold_loss":0,"cards_obtained":["PiercingWail"]},{"damage_healed":0,"gold_gain":0,"player_choice":"Ignored","damage_taken":0,"max_hp_gain":0,"max_hp_loss":0,"event_name":"Tomb of Lord Red Mask","floor":36,"gold_loss":0},{"damage_healed":0,"gold_gain":0,"player_choice":"Fight","damage_taken":0,"max_hp_gain":0,"max_hp_loss":0,"event_name":"Mysterious Sphere","floor":42,"gold_loss":0},{"damage_healed":0,"gold_gain":0,"player_choice":"Memory 3","damage_taken":10,"max_hp_gain":0,"max_hp_loss":0,"event_name":"SensoryStone","floor":48,"gold_loss":0}],"is_beta":false,"boss_relics":[{"not_picked":["Tiny House","Empty Cage"],"picked":"Ring of the Serpent"},{"not_picked":["Coffee Dripper","WristBlade"],"picked":"Sozu"}],"items_purged_floors":[22,47],"is_endless":false,"potions_floor_spawned":[7,8,14,16,24,30,35,38,46],"killed_by":"Time Eater","ascension_level":15}