{"gold_per_floor":[217,234,70,90,117,117,117,117,117,151,0,0,28,45,45,117,117,136,86,86,10,27,61,61,61,61,88,102,102,135,26,26,97,97,107,123,135,135,135,135,9,9,36,70,182,194,206,248,260,272,284,296,308,17,17],"floor_reached":55,"playtime":2469,"items_purged":["Strike_B","Strike_B","Strike_B","Shame","Parasite"],"score":2020,"play_id":"8bfed36d-cc80-4fbd-ad75-effeab36e15e","local_time":"20181129183658","is_ascension_mode":true,"campfire_choices":[{"data":"Defragment","floor":6.0,"key":"SMITH"},{"data":"Zap","floor":8.0,"key":"SMITH"},{"data":"Go for the Eyes","floor":12.0,"key":"SMITH"},{"data":"Coolheaded","floor":15.0,"key":"SMITH"},{"floor":25.0,"key":"REST"},{"floor":32.0,"key":"RECALL"},{"floor":40.0,"key":"REST"},{"floor":42.0,"key":"REST"},{"data":"Writhe","floor":47.0,"key":"PURGE"},{"data":"Defend_B","floor":49.0,"key":"PURGE"},{"data":"Dualcast","floor":53.0,"key":"PURGE"}],"neow_cost":"NONE","seed_source_timestamp":363738942843922,"circlet_count":0,"master_deck":["AscendersBane","Defend_B","Defend_B","Defend_B","Zap+1","Cold Snap","Coolheaded+1","Defragment+1","Compile Driver","Cold Snap","Go for the Eyes+1","All For One+1","Blizzard+1","Echo Form","Echo Form","Capacitor","Coolheaded","Steam","Seek+1","Barrage+1","Go for the Eyes+1","All For One+1","Force Field+1","FTL+1","Darkness+1","Compile Driver+1","Auto Shields+1","Turbo+1"],"special_seed":0,"relics":["Cracked Core","Smiling Mask","Juzu Bracelet","Dream Catcher","Whetstone","Cursed Key","Enchiridion","Ornamental Fan","Bronze Scales","Pantograph","Molten Egg 2","Peace Pipe","Fusion Hammer","MawBank","Dead Branch","Vajra","Medical Kit"],"potions_floor_usage":[],"damage_taken":[{"damage":0.0,"enemies":"Cultist","floor":1.0,"turns":3.0},{"damage":7.0,"enemies":"Small Slimes","floor":2.0,"turns":3.0},{"damage":0.0,"enemies":"Jaw Worm","floor":4.0,"turns":5.0},{"damage":0.0,"enemies":"Lagavulin","floor":10.0,"turns":7.0},{"damage":17.0,"enemies":"Gremlin Nob","floor":13.0,"turns":4.0},{"damage":0.0,"enemies":"Exordium Wildlife","floor":14.0,"turns":4.0},{"damage":20.0,"enemies":"Slime Boss","floor":16.0,"turns":9.0},{"damage":0.0,"enemies":"Spheric Guardian","floor":18.0,"turns":3.0},{"damage":0.0,"enemies":"Chosen","floor":22.0,"turns":5.0},{"damage":17.0,"enemies":"Gremlin Leader","floor":23.0,"turns":4.0},{"damage":7.0,"enemies":"Book of Stabbing","floor":27.0,"turns":5.0},{"damage":12.0,"enemies":"Snake Plant","floor":28.0,"turns":4.0},{"damage":9.0,"enemies":"Gremlin Leader","floor":30.0,"turns":5.0},{"damage":18.0,"enemies":"Collector","floor":33.0,"turns":7.0},{"damage":27.0,"enemies":"3 Darklings","floor":35.0,"turns":6.0},{"damage":0.0,"enemies":"Orb Walker","floor":36.0,"turns":4.0},{"damage":28.0,"enemies":"Transient","floor":37.0,"turns":6.0},{"damage":12.0,"enemies":"Nemesis","floor":44.0,"turns":5.0},{"damage":9.0,"enemies":"Mind Bloom Boss Battle","floor":45.0,"turns":5.0},{"damage":0.0,"enemies":"Giant Head","floor":48.0,"turns":8.0},{"damage":40.0,"enemies":"Time Eater","floor":50.0,"turns":12.0},{"damage":27.0,"enemies":"Donu and Deca","floor":51.0,"turns":9.0},{"damage":63,"enemies":"Shield and Spear","floor":55,"turns":2}],"seed_played":"2660859048052059307","potions_obtained":[{"floor":4.0,"key":"SkillPotion"},{"floor":10.0,"key":"Weak Potion"},{"floor":16.0,"key":"Block Potion"},{"floor":28.0,"key":"Strength Potion"},{"floor":37.0,"key":"Energy Potion"}],"is_trial":false,"path_per_floor":["M","M","$","M","T","R","?","R","T","E","$","R","E","M","R","B",null,"M","$","?","$","M","E","?","R","T","E","M","?","E","$","R","B",null,"M","M","M","?","?","R","$","R","T","E","?","?","R","E","R","B","B",null,"R","$","E"],"character_chosen":"DEFECT","items_purchased":["Defragment","Compile Driver","All For One","Coolheaded","Go for the Eyes+1","FTL+1","Medical Kit","Ancient Potion"],"campfire_rested":3,"item_purchase_floors":[3,3,11,21,31,41,54,54],"current_hp_per_floor":[64,57,57,57,57,57,57,57,57,57,57,57,40,40,40,20,58,58,58,37,37,37,20,20,41,41,34,22,22,13,13,13,20,58,31,31,3,3,3,23,23,42,42,30,46,46,46,46,46,24,22,54,54,54,0],"gold":17,"neow_bonus":"HUNDRED_GOLD","is_prod":false,"is_daily":false,"chose_seed":false,"campfire_upgraded":4,"win_rate":0,"timestamp":1543534618,"path_taken":["M","?","$","M","?","R","?","R","T","E","?","R","E","M","R","BOSS","M","$","?","$","M","E","?","R","T","E","M","?","E","$","R","BOSS","M","M","M","?","?","R","$","R","T","E","?","?","R","E","R","BOSS","BOSS","R","$","E"],"build_version":"2018-11-15","purchased_purges":5,"victory":false,"max_hp_per_floor":[71,71,71,71,71,71,71,71,71,71,71,71,71,71,71,71,71,71,71,71,71,71,71,71,71,71,71,71,71,71,71,71,71,71,71,71,71,71,67,67,64,64,64,64,64,64,64,64,64,64,64,64,64,64,64],"card_choices":[{"not_picked":["Rebound","Steam Power"],"picked":"Cold Snap","floor":1.0},{"not_picked":["Aggregate","Self Repair"],"picked":"Coolheaded","floor":2.0},{"not_picked":["Conserve Battery","Reprogram"],"picked":"Cold Snap","floor":4.0},{"not_picked":["Barrage","Streamline"],"picked":"Go for the Eyes","floor":10.0},{"not_picked":["Cold Snap","Leap"],"picked":"Blizzard","floor":13.0},{"not_picked":["Sweeping Beam","Streamline"],"picked":"Echo Form","floor":14.0},{"not_picked":["Creative AI","Rainbow"],"picked":"Echo Form","floor":16.0},{"not_picked":["Barrage","Steam"],"picked":"Capacitor","floor":18.0},{"not_picked":["Streamline","Hello World","Barrage"],"picked":"SKIP","floor":22.0},{"not_picked":["Blizzard","Static Discharge","Hyperbeam"],"picked":"SKIP","floor":23.0},{"not_picked":["Scrape","Genetic Algorithm"],"picked":"Steam","floor":25.0},{"not_picked":["Amplify","Go for the Eyes"],"picked":"Seek","floor":27.0},{"not_picked":["Turbo","Redo"],"picked":"Barrage+1","floor":28.0},{"not_picked":["BootSequence","Redo","Coolheaded"],"picked":"SKIP","floor":30.0},{"not_picked":["Fission","Hyperbeam+1"],"picked":"All For One+1","floor":33.0},{"not_picked":["Coolheaded","Barrage+1","Leap"],"picked":"SKIP","floor":35.0},{"not_picked":["Turbo","Capacitor"],"picked":"Force Field+1","floor":36.0},{"not_picked":["Conserve Battery","Aggregate","Rebound+1"],"picked":"SKIP","floor":37.0},{"not_picked":["Capacitor","Conserve Battery"],"picked":"Ball Lightning+1","floor":40.0},{"not_picked":["Undo","Stack"],"picked":"Darkness+1","floor":42.0},{"not_picked":["Biased Cognition","Double Energy"],"picked":"Compile Driver+1","floor":44.0},{"not_picked":["Stack","Sweeping Beam+1"],"picked":"Auto Shields+1","floor":45.0},{"not_picked":["Compile Driver+1","BootSequence"],"picked":"Turbo+1","floor":48.0}],"player_experience":1206639,"relics_obtained":[{"floor":5.0,"key":"Smiling Mask"},{"floor":9.0,"key":"Juzu Bracelet"},{"floor":10.0,"key":"Dream Catcher"},{"floor":13.0,"key":"Whetstone"},{"floor":20.0,"key":"Enchiridion"},{"floor":23.0,"key":"Ornamental Fan"},{"floor":26.0,"key":"Pantograph"},{"floor":27.0,"key":"Molten Egg 2"},{"floor":30.0,"key":"Peace Pipe"},{"floor":44.0,"key":"MawBank"},{"floor":45.0,"key":"Dead Branch"},{"floor":48.0,"key":"Vajra"}],"event_choices":[{"cards_removed":["Strike_B"],"damage_healed":0.0,"max_hp_gain":0.0,"max_hp_loss":0.0,"gold_gain":0.0,"event_name":"Living Wall","player_choice":"Forget","floor":7.0,"gold_loss":0.0,"damage_taken":0.0},{"damage_healed":0.0,"max_hp_gain":0.0,"max_hp_loss":0.0,"gold_gain":0.0,"event_name":"Cursed Tome","player_choice":"Obtained Book","floor":20.0,"gold_loss":0.0,"damage_taken":21.0},{"damage_healed":0.0,"max_hp_gain":0.0,"max_hp_loss":0.0,"gold_gain":0.0,"event_name":"Addict","player_choice":"Stole Relic","floor":24.0,"gold_loss":0.0,"damage_taken":0.0,"relics_obtained":["Bronze Scales"],"cards_obtained":["Shame"]},{"damage_healed":0.0,"max_hp_gain":0.0,"max_hp_loss":0.0,"gold_gain":0.0,"event_name":"The Mausoleum","player_choice":"Ignored","floor":29.0,"gold_loss":0.0,"damage_taken":0.0},{"damage_healed":0.0,"max_hp_gain":0.0,"max_hp_loss":0.0,"gold_gain":0.0,"event_name":"Upgrade Shrine","player_choice":"Upgraded","floor":38.0,"gold_loss":0.0,"damage_taken":0.0,"cards_upgraded":["Seek"]},{"damage_healed":0.0,"max_hp_gain":0.0,"max_hp_loss":4.0,"gold_gain":0.0,"event_name":"Winding Halls","player_choice":"Max HP","floor":39.0,"gold_loss":0.0,"damage_taken":0.0},{"damage_healed":0.0,"max_hp_gain":0.0,"max_hp_loss":0.0,"gold_gain":0.0,"event_name":"MindBloom","player_choice":"Fight","floor":45.0,"gold_loss":0.0,"damage_taken":0.0},{"cards_removed":["Ball Lightning"],"damage_healed":0.0,"max_hp_gain":0.0,"max_hp_loss":0.0,"gold_gain":0.0,"event_name":"Falling","player_choice":"Removed Attack","floor":46.0,"gold_loss":0.0,"damage_taken":0.0}],"is_beta":false,"boss_relics":[{"not_picked":["Eternal Feather","Nuclear Battery"],"picked":"Cursed Key"},{"not_picked":["Black Star","Empty Cage"],"picked":"Fusion Hammer"}],"items_purged_floors":[3,19,21,31,41],"is_endless":false,"potions_floor_spawned":[4,10,16,18,22,28,37,48],"killed_by":"Shield and Spear","ascension_level":20}