{"gold_per_floor":[110,129,146,71,71,98,98,111,138,151,151,169,18,29,29,130,130,147,507,606,623,375,375,407,407,407,426,442,165,181,45,45,145,145,155,155,170,186,36,36,68,68,93,105,127,139,171,203,215,227],"floor_reached":50,"playtime":1388,"items_purged":["Strike_R","Defend_R","Strike_R+1","Strike_R+1"],"score":571,"play_id":"026351e8-d9b4-4123-9df5-eb9bfda0efc2","local_time":"20180731101929","is_ascension_mode":false,"campfire_choices":[{"data":"Whirlwind","floor":7,"key":"SMITH"},{"data":"Flex","floor":11,"key":"SMITH"},{"data":"Bludgeon","floor":15,"key":"SMITH"},{"floor":23,"key":"REST"},{"data":"Offering","floor":25,"key":"SMITH"},{"floor":32,"key":"REST"},{"data":"Inflame","floor":40,"key":"SMITH"},{"data":"Battle Trance","floor":42,"key":"SMITH"},{"floor":44,"key":"REST"},{"floor":46,"key":"REST"},{"floor":49,"key":"REST"}],"neow_cost":"NONE","seed_source_timestamp":40541761789320,"circlet_count":0,"master_deck":["Strike_R+1","Defend_R","Defend_R","Bash","Whirlwind+1","Battle Trance+1","Flex+1","Warcry","Shrug It Off","Bludgeon+1","Offering+1","Thunderclap","Flex","Pommel Strike+1","Bloodletting+1","Impervious","Inflame+1","Dark Shackles","Hemokinesis","Flex+1","Warcry"],"relics":["Burning Blood","Whetstone","Potion Belt","Regal Pillow","Bag of Marbles","Runic Dome","Dream Catcher","Art of War","Calipers","Pen Nib","Empty Cage","Dodecahedron","MawBank"],"potions_floor_usage":[6,6,38,38,50,50,50,50,50],"damage_taken":[{"damage":0,"enemies":"2 Louse","floor":1,"turns":3},{"damage":0,"enemies":"Small Slimes","floor":2,"turns":2},{"damage":6,"enemies":"Cultist","floor":3,"turns":3},{"damage":7,"enemies":"Lagavulin","floor":6,"turns":6},{"damage":0,"enemies":"2 Fungi Beasts","floor":8,"turns":1},{"damage":16,"enemies":"Exordium Thugs","floor":10,"turns":3},{"damage":0,"enemies":"3 Louse","floor":12,"turns":1},{"damage":11,"enemies":"Exordium Wildlife","floor":14,"turns":3},{"damage":27,"enemies":"Slime Boss","floor":16,"turns":7},{"damage":10,"enemies":"Shell Parasite","floor":18,"turns":2},{"damage":5,"enemies":"2 Thieves","floor":21,"turns":1},{"damage":18,"enemies":"Gremlin Leader","floor":24,"turns":3},{"damage":0,"enemies":"Centurion and Healer","floor":27,"turns":3},{"damage":13,"enemies":"Sentry and Sphere","floor":28,"turns":4},{"damage":22,"enemies":"Slaver and Parasite","floor":30,"turns":3},{"damage":5,"enemies":"Collector","floor":33,"turns":2},{"damage":8,"enemies":"Flame Bruiser 1 Orb","floor":35,"turns":2},{"damage":8,"enemies":"Orb Walker","floor":37,"turns":1},{"damage":15,"enemies":"Spire Growth","floor":38,"turns":3},{"damage":17,"enemies":"2 Orb Walkers","floor":41,"turns":3},{"damage":48,"enemies":"Maw","floor":45,"turns":5},{"damage":17,"enemies":"Sphere and 2 Shapes","floor":47,"turns":3},{"damage":5,"enemies":"Flame Bruiser 2 Orb","floor":48,"turns":2},{"damage":80,"enemies":"Awakened One","floor":50,"turns":8}],"seed_played":"6989916674438203774","potions_obtained":[{"floor":1,"key":"EssenceOfSteel"},{"floor":2,"key":"GamblersBrew"},{"floor":3,"key":"PowerPotion"},{"floor":16,"key":"SpeedPotion"},{"floor":21,"key":"Regen Potion"},{"floor":30,"key":"Block Potion"},{"floor":33,"key":"Dexterity Potion"},{"floor":38,"key":"Block Potion"},{"floor":45,"key":"GamblersBrew"},{"floor":48,"key":"Weak Potion"}],"is_trial":false,"path_per_floor":["M","M","M","$","?","E","R","M","T","M","R","M","$","M","R","B",null,"M","?","?","M","$","R","E","R","T","M","M","$","M","$","R","B",null,"M","?","M","M","$","R","E","R","T","R","M","R","M","M","R"],"character_chosen":"IRONCLAD","items_purchased":["Bag of Marbles","Dream Catcher","Pen Nib","Impervious"],"campfire_rested":5,"item_purchase_floors":[13,22,29,31],"current_hp_per_floor":[80,80,80,80,64,63,63,69,69,59,59,65,65,60,60,39,80,76,36,36,37,37,76,64,64,64,70,63,63,47,47,80,80,80,78,78,76,72,72,72,61,61,61,80,38,77,66,67,80,0],"gold":227,"neow_bonus":"RANDOM_COMMON_RELIC","is_prod":false,"is_daily":false,"chose_seed":false,"campfire_upgraded":6,"win_rate":0,"timestamp":1533046769,"path_taken":["M","M","M","$","?","E","R","M","T","?","R","M","$","M","R","BOSS","M","?","?","M","$","R","E","R","T","M","?","$","M","$","R","BOSS","M","?","M","M","$","R","E","R","T","R","M","R","M","M","R","BOSS"],"build_version":"2018-07-26","purchased_purges":4,"victory":false,"max_hp_per_floor":[80,80,80,80,80,80,80,80,80,80,80,80,80,80,80,80,80,80,80,80,80,80,80,80,80,80,80,80,80,80,80,80,80,80,80,80,80,80,80,80,80,80,80,80,80,80,80,80,80,80],"card_choices":[{"not_picked":["Disarm","Flex"],"picked":"Whirlwind","floor":1},{"not_picked":["Burning Pact","True Grit","Evolve"],"picked":"SKIP","floor":2},{"not_picked":["Body Slam","Warcry"],"picked":"Battle Trance","floor":3},{"not_picked":["Iron Wave","Wild Strike"],"picked":"Flex","floor":6},{"not_picked":["Flame Barrier","Clash","Cleave"],"picked":"SKIP","floor":8},{"not_picked":["Reckless Charge","Headbutt"],"picked":"Warcry","floor":10},{"not_picked":["True Grit","Power Through"],"picked":"Shrug It Off","floor":12},{"not_picked":["Infernal Blade","Twin Strike"],"picked":"Bludgeon","floor":14},{"not_picked":["Bludgeon","Feed"],"picked":"Offering","floor":16},{"not_picked":["Pommel Strike","Clash"],"picked":"Thunderclap","floor":18},{"not_picked":["Shockwave","Entrench+1"],"picked":"Flex","floor":21},{"not_picked":["True Grit","Second Wind"],"picked":"Pommel Strike+1","floor":24},{"not_picked":["Cleave","Sever Soul+1","Thunderclap+1"],"picked":"SKIP","floor":27},{"not_picked":["Carnage","Twin Strike"],"picked":"Bloodletting+1","floor":28},{"not_picked":["Cleave+1","Perfected Strike","Flex"],"picked":"SKIP","floor":30},{"not_picked":["Anger","Twin Strike"],"picked":"Inflame","floor":32},{"not_picked":["Evolve+1","Thunderclap","Clash"],"picked":"SKIP","floor":35},{"not_picked":["Bandage Up","Panacea"],"picked":"Dark Shackles","floor":36},{"not_picked":["Twin Strike+1","Shrug It Off"],"picked":"Hemokinesis","floor":37},{"not_picked":["Clothesline","Fire Breathing+1","Perfected Strike+1"],"picked":"SKIP","floor":38},{"not_picked":["Cleave+1","Barricade","Perfected Strike+1"],"picked":"SKIP","floor":41},{"not_picked":["Clothesline","Clash","Wild Strike+1"],"picked":"SKIP","floor":45},{"not_picked":["Twin Strike+1","Corruption"],"picked":"Flex+1","floor":47},{"not_picked":["Perfected Strike","Juggernaut","Combust"],"picked":"SKIP","floor":48},{"not_picked":["Body Slam+1","Twin Strike+1"],"picked":"Warcry","floor":49}],"player_experience":398681,"relics_obtained":[{"floor":6,"key":"Potion Belt"},{"floor":9,"key":"Regal Pillow"},{"floor":24,"key":"Art of War"},{"floor":26,"key":"Calipers"},{"floor":41,"key":"Dodecahedron"},{"floor":43,"key":"MawBank"}],"event_choices":[{"event_name":"Shining Light","player_choice":"Entered Light","floor":5,"damage_taken":0},{"event_name":"Knowing Skull","player_choice":"GOLD GOLD GOLD GOLD ","floor":19,"damage_taken":0},{"event_name":"Nest","player_choice":"Stole From Cult","floor":20,"damage_taken":0},{"event_name":"SensoryStone","player_choice":"Memory 1","floor":36,"damage_taken":0}],"is_beta":false,"boss_relics":[{"not_picked":["Calling Bell","Coffee Dripper"],"picked":"Runic Dome"},{"not_picked":["Busted Crown","Cursed Key"],"picked":"Empty Cage"}],"items_purged_floors":[4,22,29,39],"is_endless":false,"potions_floor_spawned":[1,2,3,16,21,30,33,37,38,45,48],"killed_by":"Awakened One","ascension_level":0}