{"gold_per_floor":[363,375,3,13,32,59,59,59,59,69,98,98,98,98,98,98],"floor_reached":16,"playtime":513,"items_purged":[],"score":220,"play_id":"8e76c7ac-9247-49bd-8ad9-84b1a6e228fc","local_time":"20181230113534","is_ascension_mode":true,"campfire_choices":[{"data":"Uppercut","floor":8,"key":"SMITH"},{"data":"True Grit","floor":12,"key":"SMITH"},{"data":"Whirlwind","floor":15,"key":"SMITH"}],"neow_cost":"PERCENT_DAMAGE","seed_source_timestamp":692119622525,"circlet_count":0,"master_deck":["AscendersBane","Strike_R","Strike_R","Strike_R","Strike_R","Strike_R","Defend_R","Defend_R","Defend_R","Defend_R","Bash","Wild Strike","True Grit+1","Whirlwind+1","Uppercut+1","True Grit","Evolve"],"relics":["Burning Blood","Medical Kit","Oddly Smooth Stone","Omamori","Ancient Tea Set","Girya","Pantograph"],"potions_floor_usage":[10,11],"damage_taken":[{"damage":2,"enemies":"Cultist","floor":1,"turns":4},{"damage":8,"enemies":"2 Louse","floor":2,"turns":2},{"damage":2,"enemies":"Small Slimes","floor":4,"turns":4},{"damage":4,"enemies":"3 Louse","floor":5,"turns":4},{"damage":45,"enemies":"Lagavulin","floor":6,"turns":8},{"damage":0,"enemies":"Red Slaver","floor":10,"turns":4},{"damage":13,"enemies":"3 Sentries","floor":11,"turns":8},{"damage":51,"enemies":"Slime Boss","floor":16,"turns":6}],"seed_played":"-6626035315723370750","potions_obtained":[{"floor":2,"key":"EssenceOfSteel"},{"floor":4,"key":"Regen Potion"}],"is_trial":false,"path_per_floor":["M","M","$","M","M","E","T","R","T","M","E","R","?","?","R","B"],"character_chosen":"IRONCLAD","items_purchased":["Medical Kit","Oddly Smooth Stone"],"campfire_rested":0,"item_purchase_floors":[3,3],"current_hp_per_floor":[54,52,52,56,58,19,19,19,19,34,27,27,1,26,26,0],"gold":98,"neow_bonus":"TWO_FIFTY_GOLD","is_prod":false,"is_daily":false,"chose_seed":false,"campfire_upgraded":3,"win_rate":0,"timestamp":1546187734,"path_taken":["M","M","$","M","M","E","?","R","T","M","E","R","?","?","R","BOSS"],"build_version":"2018-12-20","purchased_purges":0,"victory":false,"max_hp_per_floor":[75,75,75,75,75,75,75,75,75,75,75,75,75,75,75,75],"card_choices":[{"not_picked":["Armaments","Combust"],"picked":"Wild Strike","floor":1},{"not_picked":["Bloodletting","Burning Pact"],"picked":"True Grit","floor":2},{"not_picked":["Infernal Blade","Dual Wield"],"picked":"Whirlwind","floor":4},{"not_picked":["Havoc","Thunderclap"],"picked":"Uppercut","floor":5},{"not_picked":["Heavy Blade","Entrench"],"picked":"True Grit","floor":6},{"not_picked":["Anger","Sword Boomerang","Cleave"],"picked":"SKIP","floor":10},{"not_picked":["Thunderclap","Iron Wave"],"picked":"Evolve","floor":11}],"player_experience":1307167,"relics_obtained":[{"floor":6,"key":"Omamori"},{"floor":7,"key":"Ancient Tea Set"},{"floor":9,"key":"Girya"},{"floor":11,"key":"Pantograph"}],"event_choices":[{"damage_healed":0,"gold_gain":0,"player_choice":"Fled","damage_taken":26,"max_hp_gain":0,"max_hp_loss":0,"event_name":"Scrap Ooze","floor":13,"gold_loss":0},{"damage_healed":25,"gold_gain":0,"player_choice":"Banana","damage_taken":0,"max_hp_gain":0,"max_hp_loss":0,"event_name":"Big Fish","floor":14,"gold_loss":0}],"is_beta":false,"boss_relics":[],"items_purged_floors":[],"is_endless":false,"potions_floor_spawned":[2,4,6],"killed_by":"Slime Boss","ascension_level":20}