{"gold_per_floor":[112,62,62,137,137,168,168,188,188,206,224,224,28,43,43,142,142,152,152,25,124,2,2,20,51,76,76,88,88,0,31,31,136,136,150,0,0,13,28,28,39,39],"floor_reached":42,"playtime":4210,"items_purged":["Defend_B","Defend_B"],"score":528,"play_id":"0047fcd7-c6d1-4e60-96bf-458813a15323","local_time":"20190428203450","is_ascension_mode":true,"campfire_choices":[{"data":"Zap","floor":7,"key":"SMITH"},{"data":"Turbo","floor":12,"key":"SMITH"},{"data":"Conserve Battery","floor":15,"key":"SMITH"},{"data":"Coolheaded","floor":23,"key":"SMITH"},{"floor":27,"key":"REST"},{"floor":29,"key":"REST"},{"floor":32,"key":"REST"},{"data":"Reboot","floor":40,"key":"SMITH"}],"neow_cost":"NONE","seed_source_timestamp":97188096448314,"circlet_count":0,"master_deck":["Defend_B+1","Defend_B","Zap+1","Dualcast","Creative AI+1","Turbo+1","Conserve Battery+1","Reboot+1","Hologram+1","Coolheaded+1","Chill+1","Streamline","Self Repair+1","Multi-Cast","Turbo+1","Glacier"],"relics":["Cracked Core","NeowsBlessing","Boot","Frozen Egg 2","Membership Card","Empty Cage","DataDisk","Lantern","Bag of Marbles","Juzu Bracelet","Ornamental Fan","Sozu","Red Mask"],"potions_floor_usage":[11,11,14,16,28],"damage_taken":[{"damage":0,"enemies":"Cultist","floor":1,"turns":1},{"damage":0,"enemies":"Lagavulin","floor":6,"turns":1},{"damage":0,"enemies":"Small Slimes","floor":8,"turns":1},{"damage":0,"enemies":"Jaw Worm","floor":10,"turns":3},{"damage":1,"enemies":"3 Louse","floor":11,"turns":4},{"damage":6,"enemies":"Exordium Thugs","floor":14,"turns":4},{"damage":25,"enemies":"Hexaghost","floor":16,"turns":9},{"damage":14,"enemies":"Shell Parasite","floor":18,"turns":10},{"damage":18,"enemies":"Chosen","floor":24,"turns":7},{"damage":14,"enemies":"Gremlin Leader","floor":25,"turns":7},{"damage":10,"enemies":"3 Cultists","floor":28,"turns":8},{"damage":14,"enemies":"Book of Stabbing","floor":31,"turns":5},{"damage":66,"enemies":"Collector","floor":33,"turns":9},{"damage":6,"enemies":"3 Darklings","floor":35,"turns":3},{"damage":13,"enemies":"Orb Walker","floor":38,"turns":5},{"damage":0,"enemies":"Jaw Worm Horde","floor":39,"turns":3},{"damage":28,"enemies":"Maw","floor":41,"turns":10},{"damage":64,"enemies":"2 Orb Walkers","floor":42,"turns":8}],"seed_played":"-1821849812840421099","potions_obtained":[{"floor":1,"key":"Fire Potion"},{"floor":8,"key":"SteroidPotion"},{"floor":10,"key":"Regen Potion"},{"floor":14,"key":"FocusPotion"},{"floor":25,"key":"EssenceOfSteel"},{"floor":33,"key":"SteroidPotion"}],"is_trial":false,"path_per_floor":["M","?","?","?","?","E","R","M","T","M","M","R","$","M","R","B",null,"M","?","$","?","$","R","M","E","T","R","M","R","?","E","R","B",null,"M","?","?","M","M","R","M","?"],"character_chosen":"DEFECT","items_purchased":["Membership Card","DataDisk","Coolheaded","Lantern"],"campfire_rested":3,"item_purchase_floors":[13,20,20,22],"current_hp_per_floor":[75,75,60,49,54,54,54,54,54,54,65,65,65,59,59,34,80,66,66,66,66,66,66,48,34,34,58,48,72,72,58,80,24,80,80,80,80,77,80,80,62,0],"gold":39,"neow_bonus":"THREE_ENEMY_KILL","is_prod":false,"is_daily":false,"chose_seed":false,"campfire_upgraded":5,"win_rate":0,"timestamp":1556498090,"path_taken":["M","?","?","?","?","E","R","?","T","M","M","R","$","M","R","BOSS","M","?","?","?","$","R","M","E","T","R","M","R","?","E","R","BOSS","M","?","?","M","M","R","M","?"],"build_version":"2019-01-23","purchased_purges":2,"victory":false,"max_hp_per_floor":[75,75,75,75,80,80,80,80,80,80,80,80,80,80,80,80,80,80,80,80,80,80,80,80,80,80,80,80,80,80,80,80,80,80,80,80,80,80,80,80,80,80],"card_choices":[{"not_picked":["Blizzard","Redo","Stack"],"picked":"SKIP","floor":1},{"not_picked":["Aggregate","Thunder Strike","Leap"],"picked":"SKIP","floor":6},{"not_picked":["Ball Lightning","Go for the Eyes","Lockon"],"picked":"SKIP","floor":8},{"not_picked":["Beam Cell","Recycle"],"picked":"Creative AI+1","floor":10},{"not_picked":["Scrape","Darkness"],"picked":"Turbo","floor":11},{"not_picked":["Tempest","Go for the Eyes"],"picked":"Conserve Battery","floor":14},{"not_picked":["Echo Form+1","Creative AI+1"],"picked":"Reboot","floor":16},{"not_picked":["Beam Cell","Double Energy+1"],"picked":"Hologram","floor":18},{"not_picked":["Recycle","Beam Cell","Scrape"],"picked":"SKIP","floor":24},{"not_picked":["Storm+1","Streamline"],"picked":"Chill+1","floor":25},{"not_picked":["Gash","Steam+1"],"picked":"Streamline","floor":28},{"not_picked":["Rebound","Sweeping Beam"],"picked":"Self Repair+1","floor":31},{"not_picked":["Fission","Amplify"],"picked":"Multi-Cast","floor":33},{"not_picked":["Ball Lightning+1","Loop+1","Steam Power"],"picked":"SKIP","floor":35},{"not_picked":["Cold Snap","Gash+1"],"picked":"Turbo+1","floor":38},{"not_picked":["Beam Cell","Sweeping Beam+1"],"picked":"Glacier","floor":39},{"not_picked":["Steam Power+1","Turbo","Cold Snap"],"picked":"SKIP","floor":41}],"player_experience":202069,"relics_obtained":[{"floor":6,"key":"Boot"},{"floor":9,"key":"Frozen Egg 2"},{"floor":25,"key":"Bag of Marbles"},{"floor":26,"key":"Juzu Bracelet"},{"floor":31,"key":"Ornamental Fan"}],"event_choices":[{"cards_removed":["Strike_B"],"damage_healed":0,"gold_gain":0,"player_choice":"Card Removal","damage_taken":0,"max_hp_gain":0,"max_hp_loss":0,"event_name":"The Cleric","floor":2,"gold_loss":50},{"damage_healed":0,"gold_gain":0,"player_choice":"Entered Light","damage_taken":15,"max_hp_gain":0,"max_hp_loss":0,"event_name":"Shining Light","floor":3,"gold_loss":0,"cards_upgraded":["Strike_B","Defend_B"]},{"damage_healed":0,"gold_gain":75,"player_choice":"Gather Gold","damage_taken":11,"max_hp_gain":0,"max_hp_loss":0,"event_name":"World of Goop","floor":4,"gold_loss":0},{"damage_healed":0,"gold_gain":0,"player_choice":"Donut","damage_taken":0,"max_hp_gain":5,"max_hp_loss":0,"event_name":"Big Fish","floor":5,"gold_loss":0},{"damage_healed":0,"gold_gain":0,"player_choice":"Upgraded","damage_taken":0,"max_hp_gain":0,"max_hp_loss":0,"event_name":"Upgrade Shrine","floor":19,"gold_loss":0,"cards_upgraded":["Hologram"]},{"damage_healed":0,"gold_gain":99,"player_choice":"Stole From Cult","damage_taken":0,"max_hp_gain":0,"max_hp_loss":0,"event_name":"Nest","floor":21,"gold_loss":0},{"damage_healed":0,"gold_gain":0,"player_choice":"Paid Fearfully","damage_taken":0,"max_hp_gain":0,"max_hp_loss":0,"event_name":"Masked Bandits","floor":30,"gold_loss":88},{"damage_healed":0,"gold_gain":0,"player_choice":"Paid","damage_taken":0,"relics_obtained":["Red Mask"],"max_hp_gain":0,"max_hp_loss":0,"event_name":"Tomb of Lord Red Mask","floor":36,"gold_loss":150},{"cards_removed":["Strike_B"],"damage_healed":0,"gold_gain":0,"player_choice":"Removed Attack","damage_taken":0,"max_hp_gain":0,"max_hp_loss":0,"event_name":"Falling","floor":37,"gold_loss":0},{"damage_healed":0,"gold_gain":0,"player_choice":"Fight","damage_taken":0,"max_hp_gain":0,"max_hp_loss":0,"event_name":"Mysterious Sphere","floor":42,"gold_loss":0}],"is_beta":false,"boss_relics":[{"not_picked":["White Beast Statue","Velvet Choker"],"picked":"Empty Cage"},{"not_picked":["Busted Crown","Tiny House"],"picked":"Sozu"}],"items_purged_floors":[20,22],"is_endless":false,"potions_floor_spawned":[1,8,10,14,25,33,38],"killed_by":"2 Orb Walkers","ascension_level":3}