{"gold_per_floor":[140,159,172,172,46,46,78,78,78,90,125,125,149,149,149,222,222,232,157,157,169,1,1,18,347,370,370,404,9,24,24,24,103,103,121,40,40,55,5,5,5,32,32,49,49],"floor_reached":45,"playtime":2120,"items_purged":["Strike_B","Defend_B"],"score":999,"play_id":"c4a22c35-805f-4527-9570-400aec5c9272","local_time":"20181116211438","is_ascension_mode":true,"campfire_choices":[{"data":"Zap","floor":6.0,"key":"SMITH"},{"data":"Self Repair","floor":8.0,"key":"SMITH"},{"data":"Static Discharge","floor":15.0,"key":"SMITH"},{"floor":23.0,"key":"REST"},{"floor":27.0,"key":"REST"},{"data":"Go for the Eyes","floor":32.0,"key":"SMITH"},{"data":"Seek","floor":40.0,"key":"SMITH"}],"neow_cost":"NONE","seed_source_timestamp":204297171881200,"circlet_count":0,"master_deck":["AscendersBane","Defend_B","Defend_B","Defend_B","Zap+1","Dualcast","Self Repair+1","Ball Lightning","Static Discharge+1","Sweeping Beam","Cold Snap","Conserve Battery","Coolheaded","Electrodynamics","Compile Driver+1","Hologram","Sweeping Beam","Redo+1","Go for the Eyes+1","Genetic Algorithm","Meteor Strike","Ball Lightning","Blizzard","Bite","Bite","Bite","Bite","Bite","Seek+1","Compile Driver","Hologram","Doubt"],"special_seed":0,"relics":["Cracked Core","Tiny Chest","Prayer Wheel","Mummified Hand","Torii","Lantern","Busted Crown","Nilry\u0027s Codex","Regal Pillow","Old Coin","Bag of Preparation","Smiling Mask","Dead Branch","Cursed Key","Ornamental Fan","Bronze Scales","Gremlin Horn"],"potions_floor_usage":[],"damage_taken":[{"damage":6.0,"enemies":"Cultist","floor":1.0,"turns":3.0},{"damage":7.0,"enemies":"Small Slimes","floor":2.0,"turns":3.0},{"damage":6.0,"enemies":"Jaw Worm","floor":3.0,"turns":4.0},{"damage":10.0,"enemies":"Lagavulin","floor":7.0,"turns":7.0},{"damage":11.0,"enemies":"Looter","floor":10.0,"turns":3.0},{"damage":32.0,"enemies":"Gremlin Nob","floor":11.0,"turns":4.0},{"damage":18.0,"enemies":"Hexaghost","floor":16.0,"turns":8.0},{"damage":11.0,"enemies":"Shell Parasite","floor":18.0,"turns":4.0},{"damage":16.0,"enemies":"Spheric Guardian","floor":21.0,"turns":3.0},{"damage":14.0,"enemies":"Centurion and Healer","floor":24.0,"turns":4.0},{"damage":46.0,"enemies":"Book of Stabbing","floor":25.0,"turns":4.0},{"damage":27.0,"enemies":"Gremlin Leader","floor":28.0,"turns":5.0},{"damage":9.0,"enemies":"Chosen and Byrds","floor":30.0,"turns":6.0},{"damage":37.0,"enemies":"Champ","floor":33.0,"turns":11.0},{"damage":1.0,"enemies":"Orb Walker","floor":35.0,"turns":2.0},{"damage":19.0,"enemies":"3 Shapes","floor":38.0,"turns":5.0},{"damage":42.0,"enemies":"Reptomancer","floor":42.0,"turns":7.0},{"damage":29.0,"enemies":"Spire Growth","floor":44.0,"turns":5.0},{"damage":40,"enemies":"Giant Head","floor":45,"turns":4}],"seed_played":"-8331324332992400081","potions_obtained":[{"floor":1.0,"key":"SkillPotion"},{"floor":10.0,"key":"Dexterity Potion"},{"floor":18.0,"key":"SpeedPotion"},{"floor":25.0,"key":"GamblersBrew"},{"floor":28.0,"key":"Dexterity Potion"},{"floor":42.0,"key":"LiquidBronze"}],"is_trial":false,"path_per_floor":["M","M","M","T","$","R","E","R","T","M","E","?","T","T","R","B",null,"M","?","?","M","$","R","M","E","T","R","E","$","M","?","R","B",null,"M","$","?","M","$","R","$","E","T","M","E"],"character_chosen":"DEFECT","items_purchased":["Sweeping Beam","Regal Pillow","Dead Branch","Meteor Strike","Compile Driver","Hologram"],"campfire_rested":2,"item_purchase_floors":[5,22,29,29,36,36],"current_hp_per_floor":[58,58,59,59,59,59,56,56,56,55,33,33,33,33,33,27,60,61,61,40,36,36,71,67,33,33,69,54,54,57,57,57,38,63,71,71,71,62,62,62,62,42,42,33,0],"gold":49,"neow_bonus":"RANDOM_COMMON_RELIC","is_prod":false,"is_daily":false,"chose_seed":false,"campfire_upgraded":5,"win_rate":0,"timestamp":1542420878,"path_taken":["M","M","M","?","$","R","E","R","T","M","E","?","?","?","R","BOSS","M","?","?","M","$","R","M","E","T","R","E","?","M","?","R","BOSS","M","$","?","M","?","R","?","E","T","M","E"],"build_version":"2018-11-15","purchased_purges":2,"victory":false,"max_hp_per_floor":[71,71,71,71,71,71,71,71,71,71,71,71,71,71,71,71,71,71,71,71,71,71,71,71,71,71,71,71,71,71,71,71,71,71,71,71,71,71,71,71,71,71,71,71,71],"card_choices":[{"not_picked":["Gash","Beam Cell"],"picked":"Self Repair","floor":1.0},{"not_picked":["Force Field","FTL"],"picked":"Ball Lightning","floor":2.0},{"not_picked":["Tempest","Loop"],"picked":"Static Discharge","floor":3.0},{"not_picked":["Reboot","Steam"],"picked":"Cold Snap","floor":7.0},{"not_picked":["Self Repair","Redo"],"picked":"Conserve Battery","floor":10.0},{"not_picked":["BootSequence","Chill","Rip and Tear"],"picked":"SKIP","floor":10.0},{"not_picked":["Tempest","Chill"],"picked":"Coolheaded","floor":11.0},{"not_picked":["Fission","All For One"],"picked":"Electrodynamics","floor":16.0},{"not_picked":[],"picked":"Compile Driver+1","floor":18.0},{"not_picked":[],"picked":"Hologram","floor":18.0},{"not_picked":["Gash"],"picked":"SKIP","floor":21.0},{"not_picked":["Coolheaded"],"picked":"SKIP","floor":21.0},{"not_picked":[],"picked":"Sweeping Beam","floor":24.0},{"not_picked":[],"picked":"Redo+1","floor":24.0},{"not_picked":[],"picked":"Go for the Eyes","floor":25.0},{"not_picked":[],"picked":"Genetic Algorithm","floor":28.0},{"not_picked":[],"picked":"Ball Lightning","floor":30.0},{"not_picked":[],"picked":"Blizzard","floor":30.0},{"not_picked":[],"picked":"Seek","floor":33.0},{"not_picked":["Barrage"],"picked":"SKIP","floor":35.0},{"not_picked":["Genetic Algorithm"],"picked":"SKIP","floor":35.0},{"not_picked":["Sweeping Beam"],"picked":"SKIP","floor":38.0},{"not_picked":["Cold Snap"],"picked":"SKIP","floor":38.0},{"not_picked":["Beam Cell+1"],"picked":"SKIP","floor":42.0},{"not_picked":["Darkness+1"],"picked":"SKIP","floor":44.0},{"not_picked":["Streamline"],"picked":"SKIP","floor":44.0}],"player_experience":1072241,"relics_obtained":[{"floor":4.0,"key":"Prayer Wheel"},{"floor":7.0,"key":"Mummified Hand"},{"floor":9.0,"key":"Torii"},{"floor":13.0,"key":"Lantern"},{"floor":14.0,"key":"Blood Vial"},{"floor":20.0,"key":"Nilry\u0027s Codex"},{"floor":25.0,"key":"Old Coin"},{"floor":26.0,"key":"Bag of Preparation"},{"floor":28.0,"key":"Smiling Mask"},{"floor":42.0,"key":"Bronze Scales"},{"floor":43.0,"key":"Gremlin Horn"}],"event_choices":[{"damage_healed":0.0,"max_hp_gain":0.0,"max_hp_loss":0.0,"gold_gain":0.0,"event_name":"Dead Adventurer","player_choice":"Searched \u00270\u0027 times","floor":12.0,"gold_loss":0.0,"damage_taken":0.0},{"cards_removed":["Strike_B"],"damage_healed":0.0,"max_hp_gain":0.0,"max_hp_loss":0.0,"gold_gain":0.0,"event_name":"Beggar","player_choice":"Gave Gold","floor":19.0,"gold_loss":75.0,"damage_taken":0.0},{"damage_healed":0.0,"max_hp_gain":0.0,"max_hp_loss":0.0,"gold_gain":0.0,"event_name":"Cursed Tome","player_choice":"Obtained Book","floor":20.0,"gold_loss":0.0,"damage_taken":21.0},{"damage_healed":0.0,"max_hp_gain":0.0,"max_hp_loss":0.0,"gold_gain":0.0,"event_name":"Vampires","player_choice":"Became a vampire (Vial)","floor":31.0,"relics_lost":["Blood Vial"],"gold_loss":0.0,"damage_taken":0.0,"cards_obtained":["Bite","Bite","Bite","Bite","Bite"]},{"damage_healed":0.0,"max_hp_gain":0.0,"max_hp_loss":0.0,"gold_gain":0.0,"event_name":"WeMeetAgain","player_choice":"Gave Potion","floor":37.0,"gold_loss":0.0,"damage_taken":0.0,"relics_obtained":["Ornamental Fan"]}],"is_beta":false,"boss_relics":[{"not_picked":["Calling Bell","Pandora\u0027s Box"],"picked":"Busted Crown"},{"not_picked":["Eternal Feather","Black Star"],"picked":"Cursed Key"}],"items_purged_floors":[5,39],"is_endless":false,"potions_floor_spawned":[1,10,18,25,28,33,42,44],"killed_by":"Giant Head","ascension_level":20}