{"gold_per_floor":[117,127,24,99,126,126,136,136,136,170,181,181,195,230,230,304,334,344,362,277,138,88,114,114,114],"floor_reached":25,"playtime":2464,"items_purged":["Regret"],"score":389,"play_id":"281ab2de-7d17-49c7-96f9-7d12d8ea6294","local_time":"20190714090925","is_ascension_mode":true,"campfire_choices":[{"data":"Slice","floor":6,"key":"SMITH"},{"data":"Deflect","floor":8,"key":"SMITH"},{"data":"Malaise","floor":12,"key":"SMITH"},{"data":"Backflip","floor":15,"key":"SMITH"},{"floor":24,"key":"REST"}],"neow_cost":"NONE","seed_source_timestamp":49035487089028,"circlet_count":0,"master_deck":["AscendersBane","Strike_G","Strike_G","Strike_G","Strike_G","Strike_G","Defend_G","Defend_G","Defend_G","Defend_G","Defend_G","Survivor","Neutralize+1","Leg Sweep","Slice+1","Noxious Fumes","Deflect+1","Dagger Throw","Malaise+1","Backflip+1","Burst","Injury","Parasite","Terror","Tactician","Footwork","Backflip","Acrobatics"],"relics":["Ring of the Snake","Vajra","The Courier","Darkstone Periapt","Anchor","Calling Bell","Tiny Chest","Matryoshka","Bird Faced Urn","Ninja Scroll","Smiling Mask"],"potions_floor_usage":[11,14,25],"damage_taken":[{"damage":0,"enemies":"2 Louse","floor":1,"turns":3},{"damage":0,"enemies":"Jaw Worm","floor":2,"turns":5},{"damage":0,"enemies":"Cultist","floor":7,"turns":4},{"damage":14,"enemies":"Gremlin Nob","floor":10,"turns":5},{"damage":0,"enemies":"Large Slime","floor":11,"turns":6},{"damage":0,"enemies":"3 Louse","floor":13,"turns":4},{"damage":9,"enemies":"3 Sentries","floor":14,"turns":8},{"damage":3,"enemies":"The Guardian","floor":16,"turns":15},{"damage":15,"enemies":"Shell Parasite","floor":18,"turns":8},{"damage":30,"enemies":"Chosen","floor":19,"turns":7},{"damage":20,"enemies":"Book of Stabbing","floor":23,"turns":9},{"damage":53,"enemies":"Gremlin Leader","floor":25,"turns":9}],"seed_played":"9111565777887287631","potions_obtained":[{"floor":2,"key":"Explosive Potion"},{"floor":11,"key":"AttackPotion"},{"floor":18,"key":"Strength Potion"}],"is_trial":false,"path_per_floor":["M","M","$","?","T","R","M","R","T","E","M","R","M","E","R","B",null,"M","M","?","$","?","E","R","E"],"character_chosen":"THE_SILENT","items_purchased":["Slice","Noxious Fumes","Footwork","Backflip"],"campfire_rested":1,"item_purchase_floors":[3,3,21,21],"current_hp_per_floor":[59,59,59,48,48,48,48,48,48,34,34,34,34,25,25,22,73,60,32,32,32,32,16,41,0],"gold":114,"neow_bonus":"UPGRADE_CARD","is_prod":false,"is_daily":false,"chose_seed":false,"campfire_upgraded":4,"win_rate":0,"timestamp":1563109765,"path_taken":["M","M","$","?","?","R","M","R","T","E","M","R","M","E","R","BOSS","M","?","?","$","?","E","R","E"],"build_version":"2019-07-05","purchased_purges":1,"victory":false,"max_hp_per_floor":[66,66,66,66,66,66,66,66,66,66,66,66,66,66,66,66,84,84,84,84,84,84,84,84,84],"card_choices":[{"not_picked":["Slice","Backflip"],"picked":"Leg Sweep","floor":1},{"not_picked":["PiercingWail","Acrobatics","Calculated Gamble"],"picked":"SKIP","floor":2},{"not_picked":["Concentrate","Dagger Throw"],"picked":"Deflect","floor":7},{"not_picked":["Finisher","Bane"],"picked":"Dagger Throw","floor":10},{"not_picked":["Dagger Spray","Infinite Blades"],"picked":"Malaise","floor":11},{"not_picked":["Calculated Gamble","Deflect"],"picked":"Backflip","floor":13},{"not_picked":["Prepared","Outmaneuver","Underhanded Strike"],"picked":"SKIP","floor":14},{"not_picked":["Wraith Form v2","Grand Finale"],"picked":"Burst","floor":16},{"not_picked":["Acrobatics","Underhanded Strike+1"],"picked":"Terror","floor":18},{"not_picked":["Riddle With Holes","Deadly Poison"],"picked":"Tactician","floor":19},{"not_picked":["Dagger Spray","Bane"],"picked":"Acrobatics","floor":23}],"player_experience":526274,"relics_obtained":[{"floor":5,"key":"Vajra"},{"floor":9,"key":"The Courier"},{"floor":10,"key":"Darkstone Periapt"},{"floor":14,"key":"Anchor"},{"floor":17,"key":"Tiny Chest"},{"floor":17,"key":"Matryoshka"},{"floor":17,"key":"Bird Faced Urn"},{"floor":23,"key":"Smiling Mask"}],"event_choices":[{"damage_healed":0,"gold_gain":75,"player_choice":"Gather Gold","damage_taken":11,"max_hp_gain":0,"max_hp_loss":0,"event_name":"World of Goop","floor":4,"gold_loss":0},{"damage_healed":0,"gold_gain":0,"player_choice":"Obtained Relic","damage_taken":0,"relics_obtained":["Ninja Scroll"],"max_hp_gain":0,"max_hp_loss":0,"event_name":"Addict","floor":20,"gold_loss":85},{"damage_healed":0,"gold_gain":0,"player_choice":"Bet on Murderer","damage_taken":0,"max_hp_gain":0,"max_hp_loss":0,"event_name":"The Joust","floor":22,"gold_loss":50}],"is_beta":false,"boss_relics":[{"not_picked":["Coffee Dripper","Philosopher\u0027s Stone"],"picked":"Calling Bell"}],"items_purged_floors":[21],"is_endless":false,"potions_floor_spawned":[2,11,18],"killed_by":"Gremlin Leader","ascension_level":14}