{"gold_per_floor":[118,118,14,31,51,77,77,112,112,112,12,40,40,55,55,55],"floor_reached":16,"playtime":455,"items_purged":["Strike_B","Strike_B"],"score":236,"play_id":"0fcb5152-a31a-4723-abf4-b06f811f35a2","local_time":"20190607010559","is_ascension_mode":true,"campfire_choices":[{"data":"Zap","floor":7,"key":"SMITH"},{"data":"Doom and Gloom","floor":10,"key":"SMITH"},{"data":"Fission","floor":15,"key":"SMITH"}],"neow_cost":"NONE","seed_source_timestamp":255522924979225,"circlet_count":0,"master_deck":["AscendersBane","Strike_B","Strike_B","Defend_B","Defend_B","Defend_B","Defend_B","Zap+1","Dualcast","Ball Lightning","Sweeping Beam","Compile Driver","Sweeping Beam","Doom and Gloom+1","Fission+1","Cold Snap","Hologram"],"relics":["Cracked Core","NeowsBlessing","Question Card","Turnip","Pantograph","Juzu Bracelet","Symbiotic Virus"],"potions_floor_usage":[6,16],"damage_taken":[{"damage":0,"enemies":"Small Slimes","floor":1,"turns":1},{"damage":0,"enemies":"Cultist","floor":4,"turns":1},{"damage":0,"enemies":"2 Louse","floor":5,"turns":1},{"damage":11,"enemies":"Gremlin Nob","floor":6,"turns":3},{"damage":25,"enemies":"3 Sentries","floor":8,"turns":5},{"damage":20,"enemies":"Lagavulin","floor":12,"turns":4},{"damage":2,"enemies":"Exordium Wildlife","floor":14,"turns":2},{"damage":36,"enemies":"Hexaghost","floor":16,"turns":9}],"seed_played":"-2985627269945600622","potions_obtained":[{"floor":5,"key":"SteroidPotion"},{"floor":6,"key":"Ancient Potion"},{"floor":14,"key":"Poison Potion"}],"is_trial":false,"path_per_floor":["M","?","$","M","M","E","R","E","T","R","$","E","T","M","R","B"],"character_chosen":"DEFECT","items_purchased":["Sweeping Beam"],"campfire_rested":0,"item_purchase_floors":[3],"current_hp_per_floor":[64,64,64,64,64,53,53,28,28,28,28,8,8,6,6,0],"gold":55,"neow_bonus":"THREE_ENEMY_KILL","is_prod":false,"is_daily":false,"chose_seed":false,"campfire_upgraded":3,"win_rate":0,"timestamp":1559883959,"path_taken":["M","?","?","?","M","E","R","E","T","R","$","E","?","M","R","BOSS"],"build_version":"2019-01-23","purchased_purges":2,"victory":false,"max_hp_per_floor":[71,71,71,71,71,71,71,71,71,71,71,71,71,71,71,71],"card_choices":[{"not_picked":["Stack","Redo"],"picked":"Ball Lightning","floor":1},{"not_picked":["Auto Shields","Rebound"],"picked":"Compile Driver","floor":4},{"not_picked":["Steam","Streamline"],"picked":"Sweeping Beam","floor":5},{"not_picked":["Gash","Genetic Algorithm"],"picked":"Doom and Gloom","floor":6},{"not_picked":["Stack","Compile Driver","Conserve Battery"],"picked":"Fission","floor":8},{"not_picked":["Recycle","Ball Lightning","Double Energy"],"picked":"Cold Snap","floor":12},{"not_picked":["Steam","Melter","Beam Cell"],"picked":"Hologram","floor":14}],"player_experience":1459522,"relics_obtained":[{"floor":6,"key":"Question Card"},{"floor":8,"key":"Turnip"},{"floor":9,"key":"Pantograph"},{"floor":12,"key":"Juzu Bracelet"},{"floor":13,"key":"Symbiotic Virus"}],"event_choices":[{"damage_healed":0,"gold_gain":0,"player_choice":"0 cards matched","damage_taken":0,"max_hp_gain":0,"max_hp_loss":0,"event_name":"Match and Keep!","floor":2,"gold_loss":0,"cards_obtained":[]}],"is_beta":false,"boss_relics":[],"items_purged_floors":[3,11],"is_endless":false,"potions_floor_spawned":[5,6,14],"killed_by":"Hexaghost","ascension_level":20}