{"gold_per_floor":[114,125,200,125,136,156,156,156,206,218,243,243,69,101,101,201,201,216,230,230,245,259,259,292,306,381,381,391,421,440,55,55,155,155,175,175,275,285,105,105,123,139,214,15,26,26,26,39,39,39],"floor_reached":51,"playtime":5380,"items_purged":["Strike_R","Defend_R","Defend_R","Strike_R"],"score":676,"play_id":"d907228b-7b67-4a19-bc8c-4f912b77be4a","local_time":"20190614170730","is_ascension_mode":false,"campfire_choices":[{"data":"Seeing Red","floor":7.0,"key":"SMITH"},{"data":"Evolve","floor":12.0,"key":"SMITH"},{"data":"Rage","floor":15.0,"key":"SMITH"},{"data":"Strike_R","floor":23.0,"key":"SMITH"},{"data":"Reaper","floor":32,"key":"SMITH"},{"data":"Barricade","floor":40,"key":"SMITH"},{"data":"Apotheosis","floor":47,"key":"SMITH"},{"floor":49,"key":"REST"}],"neow_cost":"NONE","seed_source_timestamp":133766992057190,"circlet_count":0,"master_deck":["Strike_R+1","Defend_R","Bash","Anger","Shrug It Off","Flex","Seeing Red+1","Anger","Evolve+1","Rage+1","Anger","Reaper+1","Reckless Charge+1","Shockwave+1","Battle Trance","Shrug It Off+1","Second Wind","Rage","Burning Pact+1","Bludgeon","Barricade+1","Anger+1","Finesse","Flex+1","Sentinel+1","Apotheosis+1","Battle Trance","Parasite","Flex+1","Fire Breathing","Cleave+1"],"special_seed":0,"relics":["Burning Blood","NeowsBlessing","Orichalcum","Happy Flower","Magic Flower","Dodecahedron","Astrolabe","Letter Opener","Tiny Chest","Pen Nib","Bag of Marbles","Bottled Flame","Runic Pyramid","Ice Cream","Sundial"],"potions_floor_usage":[33,33,33,33,37,42,50],"damage_taken":[{"damage":0.0,"enemies":"Small Slimes","floor":1.0,"turns":1.0},{"damage":0.0,"enemies":"Jaw Worm","floor":2.0,"turns":1.0},{"damage":0.0,"enemies":"Cultist","floor":5.0,"turns":1.0},{"damage":11.0,"enemies":"Exordium Thugs","floor":6.0,"turns":6.0},{"damage":1.0,"enemies":"2 Fungi Beasts","floor":10.0,"turns":4.0},{"damage":19.0,"enemies":"3 Sentries","floor":11.0,"turns":8.0},{"damage":19.0,"enemies":"Lagavulin","floor":14.0,"turns":5.0},{"damage":25.0,"enemies":"Slime Boss","floor":16.0,"turns":10.0},{"damage":3.0,"enemies":"3 Byrds","floor":18.0,"turns":6.0},{"damage":0.0,"enemies":"Chosen","floor":19.0,"turns":5.0},{"damage":11.0,"enemies":"Shelled Parasite and Fungi","floor":21.0,"turns":5.0},{"damage":6.0,"enemies":"Snecko","floor":22.0,"turns":6.0},{"damage":18.0,"enemies":"Book of Stabbing","floor":24.0,"turns":6.0},{"damage":22.0,"enemies":"Snake Plant","floor":25.0,"turns":5.0},{"damage":4.0,"enemies":"Centurion and Healer","floor":28.0,"turns":4.0},{"damage":3.0,"enemies":"Gremlin Leader","floor":29.0,"turns":4.0},{"damage":9,"enemies":"3 Cultists","floor":30,"turns":5},{"damage":60,"enemies":"Automaton","floor":33,"turns":9},{"damage":0,"enemies":"Orb Walker","floor":35,"turns":2},{"damage":24,"enemies":"Mind Bloom Boss Battle","floor":37,"turns":6},{"damage":11,"enemies":"3 Shapes","floor":38,"turns":4},{"damage":27,"enemies":"Sphere and 2 Shapes","floor":41,"turns":5},{"damage":17,"enemies":"Writhing Mass","floor":42,"turns":5},{"damage":11,"enemies":"4 Shapes","floor":45,"turns":4},{"damage":20,"enemies":"Jaw Worm Horde","floor":48,"turns":3},{"damage":29,"enemies":"Donu and Deca","floor":50,"turns":5}],"seed_played":"1246441024336318509","potions_obtained":[{"floor":2.0,"key":"Explosive Potion"},{"floor":5.0,"key":"AttackPotion"},{"floor":10.0,"key":"Strength Potion"},{"floor":14.0,"key":"SpeedPotion"},{"floor":16.0,"key":"Ancient Potion"},{"floor":19.0,"key":"Regen Potion"},{"floor":20.0,"key":"EntropicBrew"},{"floor":28.0,"key":"PowerPotion"},{"floor":29.0,"key":"Ancient Potion"},{"floor":35,"key":"Dexterity Potion"},{"floor":42,"key":"FearPotion"},{"floor":48,"key":"Regen Potion"}],"is_trial":false,"path_per_floor":["M","M","?","$","M","M","R","?","T","M","E","R","$","E","R","B",null,"M","M","?","M","M","R","E","M","T","T","M","E","M","$","R","B",null,"M","?","?","M","$","R","M","M","T","$","M","?","R","M","R","B",null],"character_chosen":"IRONCLAD","items_purchased":["Rage","Bottled Flame","Apotheosis","PowerPotion"],"campfire_rested":1,"item_purchase_floors":[13,31,39,44],"current_hp_per_floor":[80,80,69,69,75,70,70,70,70,75,62,62,62,52,52,36,80,80,80,80,78,80,80,77,67,67,67,80,80,80,80,80,51,80,80,80,65,78,78,78,62,65,65,65,80,80,80,69,80,60],"gold":39,"neow_bonus":"THREE_ENEMY_KILL","is_prod":false,"is_daily":false,"chose_seed":false,"campfire_upgraded":7,"win_rate":0.0,"timestamp":1560524850,"path_taken":["M","M","?","$","M","M","R","?","T","M","E","R","$","E","R","BOSS","M","M","?","?","M","R","E","M","T","?","M","E","M","$","R","BOSS","M","?","?","M","$","R","M","M","T","$","M","?","R","?","R","BOSS"],"build_version":"2019-01-23","purchased_purges":4,"victory":true,"max_hp_per_floor":[80,80,80,80,80,80,80,80,80,80,80,80,80,80,80,80,80,80,80,80,80,80,80,80,80,80,80,80,80,80,80,80,80,80,80,80,80,80,80,80,80,80,80,80,80,80,80,80,80,80],"card_choices":[{"not_picked":["Clothesline","Warcry"],"picked":"Anger","floor":1.0},{"not_picked":["Shockwave","Body Slam"],"picked":"Shrug It Off","floor":2.0},{"not_picked":["Perfected Strike","Flame Barrier"],"picked":"Flex","floor":5.0},{"not_picked":["Disarm","Hemokinesis"],"picked":"Seeing Red","floor":6.0},{"not_picked":["Heavy Blade","Pommel Strike"],"picked":"Anger","floor":10.0},{"not_picked":["Iron Wave","Sentinel"],"picked":"Evolve","floor":11.0},{"not_picked":["Fire Breathing","Dark Embrace"],"picked":"Anger","floor":14.0},{"not_picked":["Exhume","Double Tap"],"picked":"Reaper","floor":16.0},{"not_picked":["Wild Strike","Carnage","Fire Breathing"],"picked":"SKIP","floor":18.0},{"not_picked":["Power Through+1","Fire Breathing+1"],"picked":"Battle Trance","floor":19.0},{"not_picked":["Wild Strike","Pommel Strike"],"picked":"Shrug It Off+1","floor":21.0},{"not_picked":["Body Slam","Headbutt"],"picked":"Second Wind","floor":22.0},{"not_picked":["Feed","Infernal Blade"],"picked":"Rage","floor":24.0},{"not_picked":["Intimidate+1","Pommel Strike"],"picked":"Burning Pact+1","floor":25.0},{"not_picked":["Havoc","Disarm+1","Carnage"],"picked":"SKIP","floor":28.0},{"not_picked":["Perfected Strike","Twin Strike","Body Slam"],"picked":"SKIP","floor":29.0},{"not_picked":["Twin Strike","Bloodletting"],"picked":"Bludgeon","floor":30},{"not_picked":["Exhume","Limit Break"],"picked":"Barricade","floor":33},{"not_picked":["Heavy Blade","Infernal Blade"],"picked":"Anger+1","floor":35},{"not_picked":["Forethought","HandOfGreed"],"picked":"Finesse","floor":36},{"not_picked":["Heavy Blade+1","Sword Boomerang"],"picked":"Flex+1","floor":37},{"not_picked":["Blood for Blood","Armaments"],"picked":"Sentinel+1","floor":38},{"not_picked":["Whirlwind+1","Havoc+1"],"picked":"Battle Trance","floor":41},{"not_picked":["Clothesline+1","Armaments"],"picked":"Flex+1","floor":42},{"not_picked":["Berserk","Pommel Strike+1","Clothesline+1"],"picked":"SKIP","floor":45},{"not_picked":["Clothesline","Perfected Strike"],"picked":"Cleave+1","floor":48}],"player_experience":37358,"relics_obtained":[{"floor":9.0,"key":"Happy Flower"},{"floor":11.0,"key":"Magic Flower"},{"floor":14.0,"key":"Dodecahedron"},{"floor":24.0,"key":"Letter Opener"},{"floor":26.0,"key":"Tiny Chest"},{"floor":27.0,"key":"Pen Nib"},{"floor":29.0,"key":"Bag of Marbles"},{"floor":37,"key":"Ice Cream"},{"floor":43,"key":"Sundial"}],"event_choices":[{"damage_healed":0.0,"max_hp_gain":0.0,"max_hp_loss":0.0,"gold_gain":75.0,"event_name":"World of Goop","player_choice":"Gather Gold","floor":3.0,"gold_loss":0.0,"damage_taken":11.0},{"damage_healed":0.0,"max_hp_gain":0.0,"max_hp_loss":0.0,"gold_gain":0.0,"event_name":"Dead Adventurer","player_choice":"Searched \u00272\u0027 times","floor":8.0,"gold_loss":0.0,"damage_taken":0.0,"relics_obtained":["Orichalcum"]},{"damage_healed":0.0,"max_hp_gain":0.0,"max_hp_loss":0.0,"gold_gain":0.0,"event_name":"Lab","player_choice":"Got Potions","floor":20.0,"gold_loss":0.0,"damage_taken":0.0},{"damage_healed":0,"gold_gain":0,"player_choice":"Memory 1","damage_taken":0,"max_hp_gain":0,"max_hp_loss":0,"event_name":"SensoryStone","floor":36,"gold_loss":0},{"damage_healed":0,"gold_gain":0,"player_choice":"Fight","damage_taken":0,"max_hp_gain":0,"max_hp_loss":0,"event_name":"MindBloom","floor":37,"gold_loss":0},{"damage_healed":0,"gold_gain":0,"cards_transformed":["Rupture"],"player_choice":"Transformed","damage_taken":0,"max_hp_gain":0,"max_hp_loss":0,"event_name":"Transmorgrifier","floor":46,"gold_loss":0,"cards_obtained":["Fire Breathing"]}],"is_beta":false,"boss_relics":[{"not_picked":["Black Blood","Snecko Eye"],"picked":"Astrolabe"},{"not_picked":["Velvet Choker","Runic Dome"],"picked":"Runic Pyramid"}],"items_purged_floors":[4,13,31,44],"is_endless":false,"potions_floor_spawned":[2,5,10,14,16,19,24,28,29,30,35,42,48],"ascension_level":0}