{"gold_per_floor":[118,137,154,154,165,197,197,210,210,242,260,285,210,243,243,243],"floor_reached":16,"playtime":636,"items_purged":["Strike_R"],"score":195,"play_id":"1536858e-0ae5-4772-a044-47c452ce3c52","local_time":"20190704185043","is_ascension_mode":true,"campfire_choices":[{"floor":7,"key":"REST"},{"data":"Feed","floor":15,"key":"SMITH"}],"neow_cost":"TEN_PERCENT_HP_LOSS","seed_source_timestamp":136928440324809,"circlet_count":0,"master_deck":["AscendersBane","Strike_R","Strike_R+1","Strike_R","Defend_R","Defend_R","Defend_R","Bash","Flame Barrier","Bludgeon+1","Intimidate","Sword Boomerang","Feed+1","Shrug It Off","Shockwave","Disarm"],"relics":["Burning Blood","Shuriken","Whetstone","Singing Bowl","Nunchaku","Lantern","Champion Belt"],"potions_floor_usage":[6,10],"damage_taken":[{"damage":12,"enemies":"Jaw Worm","floor":1,"turns":2},{"damage":4,"enemies":"Cultist","floor":2,"turns":3},{"damage":0,"enemies":"2 Louse","floor":3,"turns":4},{"damage":9,"enemies":"2 Fungi Beasts","floor":5,"turns":4},{"damage":30,"enemies":"3 Sentries","floor":6,"turns":9},{"damage":1,"enemies":"Large Slime","floor":8,"turns":6},{"damage":8,"enemies":"Gremlin Nob","floor":10,"turns":3},{"damage":5,"enemies":"Red Slaver","floor":11,"turns":4},{"damage":10,"enemies":"Lagavulin","floor":14,"turns":5},{"damage":54,"enemies":"Slime Boss","floor":16,"turns":9}],"seed_played":"4579626044842926303","potions_obtained":[{"floor":1,"key":"Poison Potion"},{"floor":8,"key":"Strength Potion"},{"floor":11,"key":"Dexterity Potion"}],"is_trial":false,"path_per_floor":["M","M","M","?","M","E","R","M","T","E","M","T","$","E","R","B"],"character_chosen":"IRONCLAD","items_purchased":[],"campfire_rested":1,"item_purchase_floors":[],"current_hp_per_floor":[66,68,72,47,44,23,45,53,53,54,57,57,57,53,53,0],"gold":243,"neow_bonus":"TRANSFORM_TWO_CARDS","is_prod":false,"is_daily":false,"chose_seed":false,"campfire_upgraded":1,"win_rate":0,"timestamp":1562280643,"path_taken":["M","M","M","?","M","E","R","M","T","E","M","?","$","E","R","BOSS"],"build_version":"2019-07-01","purchased_purges":1,"victory":false,"max_hp_per_floor":[72,72,72,72,72,75,75,78,78,81,83,83,83,83,83,83],"card_choices":[{"not_picked":["Thunderclap","Pummel"],"picked":"Intimidate","floor":1},{"not_picked":["Thunderclap","Burning Pact","Iron Wave"],"picked":"SKIP","floor":2},{"not_picked":["Armaments","Evolve"],"picked":"Sword Boomerang","floor":3},{"not_picked":["Shrug It Off","Flex"],"picked":"Feed","floor":5},{"not_picked":["Spot Weakness","Reckless Charge"],"picked":"Shrug It Off","floor":6},{"not_picked":["Headbutt","Perfected Strike","Twin Strike"],"picked":"SKIP","floor":8},{"not_picked":["Warcry","Evolve"],"picked":"Shockwave","floor":10},{"not_picked":["Armaments","Pommel Strike","Havoc"],"picked":"Singing Bowl","floor":11},{"not_picked":["Dropkick","Sentinel"],"picked":"Disarm","floor":14}],"player_experience":434821,"relics_obtained":[{"floor":6,"key":"Whetstone"},{"floor":9,"key":"Singing Bowl"},{"floor":10,"key":"Nunchaku"},{"floor":12,"key":"Lantern"},{"floor":14,"key":"Champion Belt"}],"event_choices":[{"damage_healed":0,"gold_gain":0,"player_choice":"Success","damage_taken":25,"relics_obtained":["Shuriken"],"max_hp_gain":0,"max_hp_loss":0,"event_name":"Scrap Ooze","floor":4,"gold_loss":0}],"is_beta":false,"boss_relics":[],"items_purged_floors":[13],"is_endless":false,"potions_floor_spawned":[1,8,11],"killed_by":"Slime Boss","ascension_level":12}