{"gold_per_floor":[114,133,148,148,148,182,182,214,214,214,224,241,254,286,286,391,391,402,502,186,186,201,201,300,357,384,384,384,394,409,438,438,537,537,556,148,148,148,159,159,188,188,242,242,272,272,291,309,309,309],"floor_reached":51,"playtime":9662,"items_purged":["Strike_G","Strike_G"],"score":1006,"play_id":"d7e5651f-9a0b-4163-b178-2aabd656aec8","local_time":"20190626202025","is_ascension_mode":true,"campfire_choices":[{"data":"Well Laid Plans","floor":7.0,"key":"SMITH"},{"data":"Skewer","floor":10.0,"key":"SMITH"},{"data":"Outmaneuver","floor":15.0,"key":"SMITH"},{"data":"Adrenaline","floor":23,"key":"SMITH"},{"data":"Noxious Fumes","floor":28,"key":"SMITH"},{"data":"Catalyst","floor":32,"key":"SMITH"},{"data":"Wraith Form v2","floor":40,"key":"SMITH"},{"data":"Acrobatics","floor":42,"key":"SMITH"},{"data":"Defend_G","floor":44,"key":"PURGE"},{"data":"Strike_G","floor":46,"key":"PURGE"},{"data":"After Image","floor":49,"key":"SMITH"}],"neow_cost":"NONE","seed_source_timestamp":0,"circlet_count":0,"master_deck":["Defend_G","Defend_G","Defend_G","Defend_G","Strike_G","Survivor","Neutralize+1","Catalyst+1","Flying Knee","Well Laid Plans+1","Skewer+1","Backflip","Outmaneuver+1","Adrenaline+1","Noxious Fumes+1","Blur+1","Leg Sweep+1","Wraith Form v2+1","Footwork+1","After Image+1","Acrobatics+1","Bandage Up"],"special_seed":0,"relics":["Ring of the Serpent","Pen Nib","Dodecahedron","Bronze Scales","Bottled Flame","Peace Pipe","Mercury Hourglass","Pantograph","Nilry\u0027s Codex","Tiny Chest","Lantern","The Specimen","HoveringKite","Sundial","Omamori","Centennial Puzzle","Turnip"],"potions_floor_usage":[19,29,31,33,50,50],"damage_taken":[{"damage":5.0,"enemies":"Cultist","floor":1.0,"turns":6.0},{"damage":0.0,"enemies":"2 Louse","floor":2.0,"turns":3.0},{"damage":2.0,"enemies":"Small Slimes","floor":3.0,"turns":4.0},{"damage":27.0,"enemies":"Gremlin Nob","floor":6.0,"turns":6.0},{"damage":10.0,"enemies":"Lagavulin","floor":8.0,"turns":8.0},{"damage":3.0,"enemies":"Exordium Thugs","floor":11.0,"turns":3.0},{"damage":0.0,"enemies":"Blue Slaver","floor":12.0,"turns":4.0},{"damage":0.0,"enemies":"Large Slime","floor":13.0,"turns":5.0},{"damage":9.0,"enemies":"3 Sentries","floor":14.0,"turns":7.0},{"damage":0.0,"enemies":"The Guardian","floor":16.0,"turns":9.0},{"damage":0,"enemies":"3 Byrds","floor":18,"turns":3},{"damage":0,"enemies":"Colosseum Slavers","floor":19,"turns":4},{"damage":24,"enemies":"Colosseum Nobs","floor":19,"turns":5},{"damage":0,"enemies":"Shell Parasite","floor":22,"turns":4},{"damage":14,"enemies":"Slavers","floor":25,"turns":5},{"damage":2,"enemies":"Snake Plant","floor":29,"turns":2},{"damage":1,"enemies":"Sentry and Sphere","floor":30,"turns":7},{"damage":0,"enemies":"Book of Stabbing","floor":31,"turns":7},{"damage":0,"enemies":"Automaton","floor":33,"turns":7},{"damage":0,"enemies":"3 Shapes","floor":35,"turns":5},{"damage":0,"enemies":"Orb Walker","floor":39,"turns":4},{"damage":2,"enemies":"Nemesis","floor":41,"turns":9},{"damage":0,"enemies":"Giant Head","floor":45,"turns":8},{"damage":0,"enemies":"Jaw Worm Horde","floor":47,"turns":5},{"damage":1,"enemies":"3 Darklings","floor":48,"turns":4},{"damage":27,"enemies":"Donu and Deca","floor":50,"turns":10}],"seed_played":"5662819622033790143","potions_obtained":[{"floor":1.0,"key":"Energy Potion"},{"floor":6.0,"key":"EssenceOfSteel"},{"floor":13.0,"key":"SpeedPotion"},{"floor":14.0,"key":"EssenceOfSteel"},{"floor":16.0,"key":"GamblersBrew"},{"floor":22,"key":"GamblersBrew"},{"floor":25,"key":"SneckoOil"},{"floor":29,"key":"EssenceOfSteel"},{"floor":33,"key":"SpeedPotion"},{"floor":35,"key":"Ancient Potion"},{"floor":41,"key":"AttackPotion"}],"is_trial":false,"path_per_floor":["M","M","M","?","?","E","R","E","T","R","M","M","M","E","R","B",null,"M","?","$","?","M","R","?","E","T","?","R","M","M","E","R","B",null,"M","$","?","?","M","R","E","R","T","R","E","R","M","M","R","B",null],"character_chosen":"THE_SILENT","items_purchased":["Pantograph","Sundial","Acrobatics"],"campfire_rested":0,"item_purchase_floors":[20,36,36],"current_hp_per_floor":[65,65,63,68,68,41,41,31,31,31,28,28,28,19,19,19,75,75,51,51,35,35,35,35,21,21,14,14,12,11,11,11,36,75,75,75,75,75,75,75,75,75,75,75,75,75,75,75,75,52],"gold":309,"neow_bonus":"TRANSFORM_CARD","is_prod":false,"is_daily":false,"chose_seed":false,"campfire_upgraded":9,"win_rate":0,"timestamp":1561544425,"path_taken":["M","M","M","?","?","E","R","E","T","R","?","M","M","E","R","BOSS","M","?","$","?","?","R","?","E","T","?","R","?","M","E","R","BOSS","M","$","?","?","?","R","E","R","T","R","E","R","M","M","R","BOSS"],"build_version":"2019-01-23","purchased_purges":2,"victory":true,"max_hp_per_floor":[70,70,70,75,75,75,75,75,75,75,75,75,75,75,75,75,75,75,75,75,75,75,75,75,75,75,75,75,75,75,75,75,75,75,75,75,75,75,75,75,75,75,75,75,75,75,75,75,75,75],"card_choices":[{"not_picked":["All Out Attack","Dagger Throw"],"picked":"Flying Knee","floor":1.0},{"not_picked":["Cloak And Dagger","Bane","Dodge and Roll"],"picked":"SKIP","floor":2.0},{"not_picked":["Prepared","Dagger Spray"],"picked":"Well Laid Plans","floor":3.0},{"not_picked":["Dagger Throw","Slice"],"picked":"Skewer","floor":6.0},{"not_picked":["Blade Dance","Finisher"],"picked":"Backflip","floor":8.0},{"not_picked":["Caltrops","Quick Slash","Expertise"],"picked":"SKIP","floor":11.0},{"not_picked":["Deadly Poison","Sucker Punch","Acrobatics"],"picked":"SKIP","floor":12.0},{"not_picked":["Quick Slash","Storm of Steel","Acrobatics"],"picked":"SKIP","floor":13.0},{"not_picked":["Concentrate","Deadly Poison"],"picked":"Outmaneuver","floor":14.0},{"not_picked":["Envenom","Storm of Steel"],"picked":"Adrenaline","floor":16.0},{"not_picked":["Deflect","Setup"],"picked":"Noxious Fumes","floor":18},{"not_picked":["Bane+1","Acrobatics","Endless Agony"],"picked":"SKIP","floor":22},{"not_picked":["Crippling Poison","Endless Agony"],"picked":"Blur+1","floor":25},{"not_picked":["Dagger Spray+1","Poisoned Stab"],"picked":"Leg Sweep+1","floor":29},{"not_picked":["Prepared+1","Outmaneuver"],"picked":"Wraith Form v2","floor":30},{"not_picked":["Die Die Die","Terror"],"picked":"Footwork+1","floor":31},{"not_picked":["Storm of Steel","Adrenaline"],"picked":"After Image","floor":33},{"not_picked":["Quick Slash+1","Sucker Punch+1","Bane+1"],"picked":"SKIP","floor":35},{"not_picked":["Blind","Dramatic Entrance"],"picked":"Bandage Up","floor":37},{"not_picked":["Dodge and Roll","Unload","Infinite Blades+1"],"picked":"SKIP","floor":39},{"not_picked":["Poisoned Stab","Blade Dance+1","Backflip"],"picked":"SKIP","floor":41},{"not_picked":["Skewer","Flying Knee+1","All Out Attack"],"picked":"SKIP","floor":45},{"not_picked":["Outmaneuver+1","Riddle With Holes+1","Sucker Punch+1"],"picked":"SKIP","floor":47},{"not_picked":["Flying Knee","Distraction+1","PiercingWail"],"picked":"SKIP","floor":48}],"player_experience":615424,"relics_obtained":[{"floor":6.0,"key":"Pen Nib"},{"floor":8.0,"key":"Dodecahedron"},{"floor":9.0,"key":"Bronze Scales"},{"floor":14.0,"key":"Bottled Flame"},{"floor":19,"key":"Peace Pipe"},{"floor":19,"key":"Mercury Hourglass"},{"floor":21,"key":"Nilry\u0027s Codex"},{"floor":25,"key":"Tiny Chest"},{"floor":26,"key":"Lantern"},{"floor":31,"key":"The Specimen"},{"floor":41,"key":"Omamori"},{"floor":43,"key":"Centennial Puzzle"},{"floor":45,"key":"Turnip"}],"event_choices":[{"damage_healed":0.0,"max_hp_gain":5.0,"max_hp_loss":0.0,"gold_gain":0.0,"event_name":"Big Fish","player_choice":"Donut","floor":4.0,"gold_loss":0.0,"damage_taken":0.0},{"damage_healed":0.0,"max_hp_gain":0.0,"max_hp_loss":0.0,"gold_gain":0.0,"event_name":"Accursed Blacksmith","player_choice":"Forge","floor":5.0,"gold_loss":0.0,"damage_taken":0.0,"cards_upgraded":["Neutralize"]},{"damage_healed":0,"gold_gain":0,"player_choice":"Fight","damage_taken":0,"max_hp_gain":0,"max_hp_loss":0,"event_name":"Colosseum","floor":19,"gold_loss":0},{"damage_healed":0,"gold_gain":0,"player_choice":"Fought Nobs","damage_taken":0,"max_hp_gain":0,"max_hp_loss":0,"event_name":"Colosseum","floor":19,"gold_loss":0},{"damage_healed":0,"gold_gain":0,"player_choice":"Obtained Book","damage_taken":16,"max_hp_gain":0,"max_hp_loss":0,"event_name":"Cursed Tome","floor":21,"gold_loss":0},{"damage_healed":0,"gold_gain":99,"player_choice":"Stole From Cult","damage_taken":0,"max_hp_gain":0,"max_hp_loss":0,"event_name":"Nest","floor":24,"gold_loss":0},{"damage_healed":0,"gold_gain":0,"player_choice":"Damaged","damage_taken":7,"max_hp_gain":0,"max_hp_loss":0,"event_name":"Wheel of Change","floor":27,"gold_loss":0},{"damage_healed":0,"gold_gain":0,"player_choice":"Memory 1","damage_taken":0,"max_hp_gain":0,"max_hp_loss":0,"event_name":"SensoryStone","floor":37,"gold_loss":0},{"damage_healed":0,"gold_gain":0,"player_choice":"0 cards matched","damage_taken":0,"max_hp_gain":0,"max_hp_loss":0,"event_name":"Match and Keep!","floor":38,"gold_loss":0,"cards_obtained":[]}],"is_beta":false,"boss_relics":[{"not_picked":["Calling Bell","White Beast Statue"],"picked":"Ring of the Serpent"},{"not_picked":["Velvet Choker","Snecko Eye"],"picked":"HoveringKite"}],"items_purged_floors":[20,36],"is_endless":false,"potions_floor_spawned":[1,6,13,14,16,22,25,29,33,35,41],"ascension_level":1}