{"gold_per_floor":[119,130,130,44,54,54,70,103,103,103,137,137,62,78,78,156,156,175,189,203,128,147,147,177,177,177,207,207,242,292,162,162,241,291,291,291,346,346,365,393,16,43,43,43,57,92,109,136,136,136,136],"floor_reached":51,"playtime":3351,"items_purged":["Strike_B","Strike_B+1"],"score":1762,"play_id":"045005da-0ada-47ac-ba09-b81a9c00f891","local_time":"20190514225346","is_ascension_mode":true,"campfire_choices":[{"data":"Defragment","floor":6,"key":"SMITH"},{"data":"Zap","floor":10,"key":"SMITH"},{"data":"Coolheaded","floor":15,"key":"SMITH"},{"data":"Recycle","floor":23,"key":"SMITH"},{"data":"Coolheaded","floor":28,"key":"SMITH"},{"data":"Defragment","floor":32,"key":"SMITH"},{"floor":44,"key":"RECALL"},{"data":"Echo Form","floor":49,"key":"SMITH"}],"neow_cost":"NONE","seed_source_timestamp":881469220757366,"circlet_count":0,"master_deck":["AscendersBane","Strike_B+1","Defend_B+1","Defend_B+1","Defend_B+1","Defend_B+1","Zap+1","Dualcast","Ball Lightning","Sweeping Beam","Defragment+1","Loop","Leap","Echo Form+1","Glacier","Coolheaded+1","Seek","Compile Driver","Coolheaded+1","Recycle+1","Compile Driver","Creative AI+1","Self Repair","Normality","Steam+1","Defragment+1","Core Surge","Compile Driver","Hologram","Parasite","Fission","Skim+1","Coolheaded","Coolheaded","Turbo","Defragment","Recycle+1"],"relics":["Cracked Core","DataDisk","Prayer Wheel","Pear","Letter Opener","Orichalcum","Cursed Key","Smiling Mask","Gremlin Horn","Ginger","Mummified Hand","Tiny House","Ice Cream","PreservedInsect","Membership Card","Dead Branch","Vajra","Bottled Tornado","Toxic Egg 2"],"potions_floor_usage":[8,24,29,35],"damage_taken":[{"damage":3,"enemies":"2 Louse","floor":1,"turns":3},{"damage":4,"enemies":"Small Slimes","floor":2,"turns":3},{"damage":7,"enemies":"Jaw Worm","floor":5,"turns":2},{"damage":1,"enemies":"Looter","floor":7,"turns":3},{"damage":8,"enemies":"Gremlin Nob","floor":8,"turns":3},{"damage":10,"enemies":"3 Sentries","floor":11,"turns":6},{"damage":0,"enemies":"Blue Slaver","floor":14,"turns":4},{"damage":26,"enemies":"Slime Boss","floor":16,"turns":12},{"damage":4,"enemies":"Shell Parasite","floor":18,"turns":6},{"damage":0,"enemies":"3 Byrds","floor":19,"turns":4},{"damage":4,"enemies":"Centurion and Healer","floor":20,"turns":9},{"damage":0,"enemies":"Chosen and Byrds","floor":22,"turns":7},{"damage":7,"enemies":"Book of Stabbing","floor":24,"turns":7},{"damage":19,"enemies":"Gremlin Leader","floor":27,"turns":8},{"damage":31,"enemies":"Slavers","floor":29,"turns":7},{"damage":6,"enemies":"Collector","floor":33,"turns":7},{"damage":0,"enemies":"Orb Walker","floor":35,"turns":2},{"damage":37,"enemies":"2 Orb Walkers","floor":37,"turns":5},{"damage":0,"enemies":"3 Shapes","floor":39,"turns":7},{"damage":5,"enemies":"Reptomancer","floor":40,"turns":8},{"damage":0,"enemies":"Nemesis","floor":42,"turns":11},{"damage":5,"enemies":"Sphere and 2 Shapes","floor":45,"turns":7},{"damage":0,"enemies":"Giant Head","floor":46,"turns":7},{"damage":0,"enemies":"Jaw Worm Horde","floor":47,"turns":5},{"damage":21,"enemies":"Nemesis","floor":48,"turns":5},{"damage":19,"enemies":"Time Eater","floor":50,"turns":26},{"damage":80,"enemies":"Awakened One","floor":51,"turns":5}],"seed_played":"4925470572046128117","potions_obtained":[{"floor":5,"key":"LiquidBronze"},{"floor":7,"key":"Energy Potion"},{"floor":18,"key":"Swift Potion"},{"floor":27,"key":"Energy Potion"},{"floor":34,"key":"SmokeBomb"},{"floor":45,"key":"Energy Potion"},{"floor":46,"key":"LiquidBronze"}],"is_trial":false,"path_per_floor":["M","M","?","$","M","R","M","E","T","R","E","?","?","M","R","B",null,"M","M","M","$","M","R","E","?","T","E","R","E","?","$","R","B",null,"M","?","?","T","M","E","$","E","T","R","M","E","M","E","R","B","B"],"character_chosen":"DEFECT","items_purchased":["Defragment","Defragment","Membership Card","Dead Branch"],"campfire_rested":0,"item_purchase_floors":[4,31,41,41],"current_hp_per_floor":[61,57,46,46,39,39,38,40,40,40,30,35,35,35,35,9,67,63,63,59,59,59,59,66,66,66,61,61,37,37,37,37,38,79,79,79,42,42,42,51,51,65,65,65,67,74,86,79,79,67,0],"gold":136,"neow_bonus":"RANDOM_COMMON_RELIC","is_prod":false,"is_daily":false,"chose_seed":false,"campfire_upgraded":7,"win_rate":0,"timestamp":1557888826,"path_taken":["M","M","?","$","M","R","M","E","T","R","E","?","?","M","R","BOSS","M","M","M","$","M","R","E","?","T","E","R","E","?","?","R","BOSS","M","?","?","?","M","E","$","E","T","R","M","E","M","E","R","BOSS","BOSS"],"build_version":"2019-01-23","purchased_purges":2,"victory":false,"max_hp_per_floor":[71,71,71,71,71,71,71,81,81,81,81,86,86,86,86,86,86,86,86,86,86,86,86,86,86,86,86,86,86,86,86,86,86,91,91,86,86,86,86,86,86,86,86,86,86,86,86,86,86,86,86],"card_choices":[{"not_picked":["Cold Snap","Auto Shields"],"picked":"Ball Lightning","floor":1},{"not_picked":["Leap","Stack"],"picked":"Sweeping Beam","floor":2},{"not_picked":["Barrage","Consume"],"picked":"Loop","floor":5},{"not_picked":["Melter","Static Discharge"],"picked":"Leap","floor":5},{"not_picked":["Defragment","Heatsinks"],"picked":"Echo Form","floor":7},{"not_picked":["Barrage","Melter","Gash"],"picked":"SKIP","floor":7},{"not_picked":["Ball Lightning","Defragment"],"picked":"Glacier","floor":8},{"not_picked":["Consume","Ball Lightning"],"picked":"Coolheaded","floor":11},{"not_picked":["Consume","Gash","Ball Lightning"],"picked":"SKIP","floor":14},{"not_picked":["Gash","Sweeping Beam","Meteor Strike"],"picked":"SKIP","floor":14},{"not_picked":["Reboot","Hyperbeam"],"picked":"Seek","floor":16},{"not_picked":["Stack","Darkness"],"picked":"Compile Driver","floor":18},{"not_picked":["Stack+1","Leap+1"],"picked":"Coolheaded","floor":18},{"not_picked":["Aggregate+1","Beam Cell"],"picked":"Recycle","floor":19},{"not_picked":["Redo","Sweeping Beam","Gash+1"],"picked":"SKIP","floor":19},{"not_picked":["Rainbow","Streamline"],"picked":"Compile Driver","floor":20},{"not_picked":["Doom and Gloom","Conserve Battery","Scrape"],"picked":"SKIP","floor":20},{"not_picked":["Scrape+1","Chaos"],"picked":"Creative AI","floor":22},{"not_picked":["Hello World","Gash"],"picked":"Self Repair","floor":22},{"not_picked":["Barrage","Rebound","Redo"],"picked":"SKIP","floor":24},{"not_picked":["Stack","Conserve Battery","Sweeping Beam"],"picked":"SKIP","floor":27},{"not_picked":["Reboot","Chaos"],"picked":"Steam+1","floor":29},{"not_picked":["Amplify","Multi-Cast"],"picked":"Core Surge","floor":33},{"not_picked":["Ball Lightning","Steam"],"picked":"Compile Driver","floor":34},{"not_picked":["Sweeping Beam+1","Redo+1"],"picked":"Hologram","floor":37},{"not_picked":["Barrage","Darkness"],"picked":"Fission","floor":39},{"not_picked":["White Noise","Blizzard+1"],"picked":"Skim+1","floor":39},{"not_picked":["Thunder Strike","Stack","Barrage+1"],"picked":"SKIP","floor":40},{"not_picked":["Darkness","Undo"],"picked":"Coolheaded","floor":42},{"not_picked":["Conserve Battery","Barrage+1"],"picked":"Coolheaded","floor":45},{"not_picked":["Redo","Rebound"],"picked":"Turbo","floor":45},{"not_picked":["Ball Lightning","Turbo"],"picked":"Defragment","floor":46},{"not_picked":["Leap","Chaos","Gash+1"],"picked":"SKIP","floor":47},{"not_picked":["Tempest","Conserve Battery","Cold Snap"],"picked":"SKIP","floor":47},{"not_picked":["Glacier","Melter+1"],"picked":"Recycle","floor":48}],"player_experience":1401962,"relics_obtained":[{"floor":8,"key":"Pear"},{"floor":9,"key":"Letter Opener"},{"floor":11,"key":"Orichalcum"},{"floor":24,"key":"Smiling Mask"},{"floor":26,"key":"Gremlin Horn"},{"floor":27,"key":"Ginger"},{"floor":29,"key":"Mummified Hand"},{"floor":37,"key":"Ice Cream"},{"floor":40,"key":"PreservedInsect"},{"floor":42,"key":"Vajra"},{"floor":46,"key":"Bottled Tornado"},{"floor":48,"key":"Toxic Egg 2"}],"event_choices":[{"damage_healed":0,"gold_gain":0,"player_choice":"Success","damage_taken":11,"relics_obtained":["Prayer Wheel"],"max_hp_gain":0,"max_hp_loss":0,"event_name":"Scrap Ooze","floor":3,"gold_loss":0},{"damage_healed":0,"gold_gain":0,"player_choice":"Donut","damage_taken":0,"max_hp_gain":5,"max_hp_loss":0,"event_name":"Big Fish","floor":12,"gold_loss":0},{"cards_removed":["Strike_B"],"damage_healed":0,"gold_gain":0,"player_choice":"Card Removal","damage_taken":0,"max_hp_gain":0,"max_hp_loss":0,"event_name":"The Cleric","floor":13,"gold_loss":75},{"damage_healed":0,"gold_gain":0,"player_choice":"Simplicity","damage_taken":0,"max_hp_gain":0,"max_hp_loss":0,"event_name":"Back to Basics","floor":25,"gold_loss":0,"cards_upgraded":["Strike_B","Strike_B","Defend_B","Defend_B","Defend_B","Defend_B"]},{"damage_healed":0,"gold_gain":50,"player_choice":"Stole From Cult","damage_taken":0,"max_hp_gain":0,"max_hp_loss":0,"event_name":"Nest","floor":30,"gold_loss":0},{"damage_healed":0,"gold_gain":0,"player_choice":"Max HP","damage_taken":0,"max_hp_gain":0,"max_hp_loss":5,"event_name":"Winding Halls","floor":36,"gold_loss":0},{"damage_healed":0,"gold_gain":0,"player_choice":"Fight","damage_taken":0,"max_hp_gain":0,"max_hp_loss":0,"event_name":"Mysterious Sphere","floor":37,"gold_loss":0}],"is_beta":false,"boss_relics":[{"not_picked":["Eternal Feather","Busted Crown"],"picked":"Cursed Key"},{"not_picked":["Runic Dome","Pandora\u0027s Box"],"picked":"Tiny House"}],"items_purged_floors":[21,31],"is_endless":false,"potions_floor_spawned":[5,7,18,22,27,45,46,48],"killed_by":"Awakened One","ascension_level":20}