{"gold_per_floor":[115,115,40,59,33,33,68,84,84,98,98,98,98,129,129,129],"floor_reached":16,"playtime":533,"items_purged":["Writhe"],"score":216,"play_id":"10c44bad-700a-4165-834d-8b6e17ad61ce","local_time":"20181025115500","is_ascension_mode":true,"campfire_choices":[{"data":"Bash","floor":6,"key":"SMITH"},{"data":"Whirlwind","floor":11,"key":"SMITH"},{"data":"Evolve","floor":13,"key":"SMITH"},{"data":"True Grit","floor":15,"key":"SMITH"}],"neow_cost":"CURSE","seed_source_timestamp":575329378256639,"circlet_count":0,"master_deck":["Strike_R","Strike_R","Strike_R","Strike_R","Strike_R","Defend_R","Defend_R","Defend_R","Defend_R","Bash+1","AscendersBane","Shrug It Off","Pommel Strike","Wild Strike","Pommel Strike","Evolve+1","Whirlwind+1","True Grit+1"],"relics":["Burning Blood","Darkstone Periapt","Singing Bowl","Mummified Hand","Du-Vu Doll"],"potions_floor_usage":[10,16,16],"damage_taken":[{"damage":14,"enemies":"Jaw Worm","floor":1,"turns":5},{"damage":0,"enemies":"Cultist","floor":4,"turns":4},{"damage":27,"enemies":"Lagavulin","floor":7,"turns":6},{"damage":7,"enemies":"Small Slimes","floor":8,"turns":3},{"damage":23,"enemies":"Exordium Wildlife","floor":10,"turns":5},{"damage":27,"enemies":"3 Sentries","floor":14,"turns":6},{"damage":36,"enemies":"The Guardian","floor":16,"turns":10}],"seed_played":"-8311006302823140085","potions_obtained":[{"floor":2,"key":"SneckoOil"},{"floor":2,"key":"FearPotion"},{"floor":7,"key":"LiquidBronze"},{"floor":8,"key":"PowerPotion"},{"floor":10,"key":"Weak Potion"},{"floor":14,"key":"Regen Potion"}],"is_trial":false,"path_per_floor":["M","?","$","M","$","R","E","M","T","M","R","T","R","E","R"],"character_chosen":"IRONCLAD","items_purchased":["Wild Strike"],"campfire_rested":0,"item_purchase_floors":[5],"current_hp_per_floor":[74,74,74,80,80,80,59,58,58,41,41,41,41,20,20,0],"gold":129,"neow_bonus":"TWENTY_PERCENT_HP_BONUS","is_prod":false,"is_daily":false,"chose_seed":false,"campfire_upgraded":4,"win_rate":0,"timestamp":1540482900,"path_taken":["M","?","$","M","$","R","E","M","T","M","R","?","R","E","R","BOSS"],"build_version":"2018-10-18","purchased_purges":1,"victory":false,"max_hp_per_floor":[89,89,89,89,89,89,89,89,89,89,89,89,89,89,89,89],"card_choices":[{"not_picked":["Sword Boomerang","Armaments"],"picked":"Shrug It Off","floor":1},{"not_picked":["True Grit","Pummel"],"picked":"Pommel Strike","floor":4},{"not_picked":["Anger","Battle Trance"],"picked":"Pommel Strike","floor":7},{"not_picked":["Metallicize","Clash"],"picked":"Evolve","floor":8},{"not_picked":["Heavy Blade","Havoc"],"picked":"Whirlwind","floor":10},{"not_picked":["Entrench","Second Wind"],"picked":"True Grit","floor":14}],"player_experience":974175,"relics_obtained":[{"floor":7,"key":"Darkstone Periapt"},{"floor":9,"key":"Singing Bowl"},{"floor":12,"key":"Mummified Hand"},{"floor":14,"key":"Du-Vu Doll"}],"event_choices":[{"damage_healed":0,"gold_gain":0,"player_choice":"Got Potions","damage_taken":0,"max_hp_gain":0,"max_hp_loss":0,"event_name":"The Lab","floor":2,"gold_loss":0}],"is_beta":false,"boss_relics":[],"items_purged_floors":[3],"is_endless":false,"potions_floor_spawned":[7,8,10,14],"killed_by":"The Guardian","ascension_level":20}