{"gold_per_floor":[112,112,124,137,107,138,138,148,148,148,177,197,213,239,239,239],"floor_reached":16,"playtime":564,"items_purged":[],"score":244,"play_id":"b2ea5d71-5d3b-4c54-97e6-cfd1c630c86c","local_time":"20181029180111","is_ascension_mode":true,"campfire_choices":[{"data":"Bash","floor":7,"key":"SMITH"},{"data":"Anger","floor":10,"key":"SMITH"},{"data":"Armaments","floor":15,"key":"SMITH"}],"neow_cost":"NONE","seed_source_timestamp":942890065587405,"circlet_count":0,"master_deck":["Strike_R+1","Strike_R+1","Strike_R","Strike_R","Strike_R","Defend_R","Defend_R","Defend_R","Defend_R","Bash+1","AscendersBane","Wild Strike","Anger+1","Thunderclap","Wild Strike","Brutality","Warcry","Armaments+1","Combust+1","Shrug It Off"],"relics":["Burning Blood","Potion Belt","CultistMask","Matryoshka","Frozen Egg 2","Kunai","Bottled Tornado","Whetstone"],"potions_floor_usage":[6,6,11,11,14,14],"damage_taken":[{"damage":2,"enemies":"Cultist","floor":1,"turns":4},{"damage":1,"enemies":"2 Louse","floor":3,"turns":4},{"damage":9,"enemies":"Jaw Worm","floor":4,"turns":4},{"damage":16,"enemies":"3 Sentries","floor":6,"turns":8},{"damage":14,"enemies":"Gremlin Gang","floor":8,"turns":5},{"damage":24,"enemies":"Lagavulin","floor":11,"turns":6},{"damage":9,"enemies":"Exordium Thugs","floor":12,"turns":3},{"damage":7,"enemies":"3 Louse","floor":13,"turns":3},{"damage":10,"enemies":"Gremlin Nob","floor":14,"turns":3},{"damage":30,"enemies":"The Guardian","floor":16,"turns":7}],"seed_played":"-6130738624844288259","potions_obtained":[{"floor":1,"key":"Fire Potion"},{"floor":3,"key":"PowerPotion"},{"floor":5,"key":"Strength Potion"},{"floor":5,"key":"Strength Potion"},{"floor":8,"key":"GamblersBrew"},{"floor":13,"key":"PowerPotion"}],"is_trial":false,"path_per_floor":["M","?","M","M","?","E","R","M","T","R","E","M","M","E","R"],"character_chosen":"IRONCLAD","items_purchased":[],"campfire_rested":0,"item_purchase_floors":[],"current_hp_per_floor":[72,72,75,72,72,62,62,54,54,54,36,33,32,28,28,0],"gold":239,"neow_bonus":"RANDOM_COMMON_RELIC","is_prod":false,"is_daily":false,"chose_seed":false,"campfire_upgraded":3,"win_rate":0,"timestamp":1540850471,"path_taken":["M","?","M","M","?","E","R","M","T","R","E","M","M","E","R","BOSS"],"build_version":"2018-10-25v2","purchased_purges":0,"victory":false,"max_hp_per_floor":[75,75,75,75,75,75,75,75,75,75,75,75,75,75,75,75],"card_choices":[{"not_picked":["Heavy Blade","Rupture"],"picked":"Wild Strike","floor":1},{"not_picked":["Blood for Blood","Cleave"],"picked":"Anger","floor":3},{"not_picked":["Clash","Flex"],"picked":"Thunderclap","floor":4},{"not_picked":["Second Wind","Burning Pact"],"picked":"Wild Strike","floor":6},{"not_picked":["Heavy Blade","Headbutt"],"picked":"Brutality","floor":8},{"not_picked":["Rampage","Entrench"],"picked":"Warcry","floor":11},{"not_picked":["Wild Strike","Rampage"],"picked":"Armaments","floor":12},{"not_picked":["Rage","Anger"],"picked":"Combust+1","floor":13},{"not_picked":["Brutality+1","Sword Boomerang"],"picked":"Shrug It Off","floor":14}],"player_experience":1008142,"relics_obtained":[{"floor":6,"key":"Matryoshka"},{"floor":9,"key":"Frozen Egg 2"},{"floor":9,"key":"Kunai"},{"floor":11,"key":"Bottled Tornado"},{"floor":14,"key":"Whetstone"}],"event_choices":[{"damage_healed":0,"gold_gain":0,"player_choice":"Trade","damage_taken":0,"relics_obtained":["CultistMask"],"max_hp_gain":0,"max_hp_loss":0,"event_name":"FaceTrader","floor":2,"gold_loss":0},{"damage_healed":0,"gold_gain":0,"player_choice":"Bought 2 Potions","damage_taken":0,"max_hp_gain":0,"max_hp_loss":0,"event_name":"The Woman in Blue","floor":5,"gold_loss":0}],"is_beta":false,"boss_relics":[],"items_purged_floors":[],"is_endless":false,"potions_floor_spawned":[1,3,8,13],"killed_by":"The Guardian","ascension_level":20}