{"gold_per_floor":[364,374,117,128,49,49,69,69,69,34,34,34,62,72,72,149,149,166,182,182,194,206,206,206,226,275,275,294,294],"floor_reached":29,"playtime":1165,"items_purged":[],"score":454,"play_id":"91485070-a21e-41c0-9f32-964e7fd97555","local_time":"20181117131708","is_ascension_mode":true,"campfire_choices":[{"data":"Defragment","floor":6,"key":"SMITH"},{"floor":8,"key":"REST"},{"data":"Zap","floor":11,"key":"SMITH"},{"floor":15,"key":"REST"},{"floor":23,"key":"REST"}],"neow_cost":"TEN_PERCENT_HP_LOSS","seed_source_timestamp":263385910090659,"circlet_count":0,"master_deck":["AscendersBane","Strike_B","Strike_B","Strike_B","Strike_B","Defend_B","Defend_B","Defend_B","Defend_B","Zap+1","Dualcast","Compile Driver","Hologram","Genetic Algorithm","Defragment+1","Sweeping Beam","Coolheaded","Echo Form","Compile Driver","Loop","Steam"],"relics":["Cracked Core","Runic Capacitor","Question Card","Lantern","Happy Flower","Busted Crown","NlothsMask"],"potions_floor_usage":[7,16,22,28],"damage_taken":[{"damage":0,"enemies":"2 Louse","floor":1,"turns":2},{"damage":1,"enemies":"Cultist","floor":2,"turns":3},{"damage":10,"enemies":"Jaw Worm","floor":4,"turns":4},{"damage":33,"enemies":"Lots of Slimes","floor":7,"turns":7},{"damage":31,"enemies":"Lagavulin","floor":13,"turns":7},{"damage":10,"enemies":"3 Louse","floor":14,"turns":3},{"damage":32,"enemies":"Slime Boss","floor":16,"turns":10},{"damage":11,"enemies":"Spheric Guardian","floor":18,"turns":4},{"damage":27,"enemies":"Chosen","floor":19,"turns":4},{"damage":34,"enemies":"Centurion and Healer","floor":21,"turns":9},{"damage":17,"enemies":"Snake Plant","floor":22,"turns":4},{"damage":8,"enemies":"Snecko","floor":25,"turns":5},{"damage":29,"enemies":"Centurion and Healer","floor":28,"turns":7},{"damage":11,"enemies":"Book of Stabbing","floor":29,"turns":1}],"seed_played":"1206738378505464227","potions_obtained":[{"floor":2,"key":"FearPotion"},{"floor":7,"key":"EssenceOfSteel"},{"floor":13,"key":"Block Potion"},{"floor":21,"key":"Dexterity Potion"},{"floor":25,"key":"Weak Potion"},{"floor":28,"key":"FearPotion"}],"is_trial":false,"path_per_floor":["M","M","$","M","$","R","M","R","T","?","R","?","E","M","R","B",null,"M","M","?","M","M","R","?","M","T","?","M","E"],"character_chosen":"DEFECT","items_purchased":["Runic Capacitor","Genetic Algorithm","Defragment"],"campfire_rested":3,"item_purchase_floors":[3,3,5],"current_hp_per_floor":[64,63,63,53,53,53,20,39,39,55,55,55,24,14,33,1,48,37,10,64,30,13,32,32,24,24,37,8,0],"gold":294,"neow_bonus":"TWO_FIFTY_GOLD","is_prod":false,"is_daily":false,"chose_seed":false,"campfire_upgraded":2,"win_rate":0,"timestamp":1542478628,"path_taken":["M","M","$","M","$","R","M","R","T","?","R","?","E","M","R","BOSS","M","M","?","M","?","R","?","?","T","?","M","E"],"build_version":"2018-11-15","purchased_purges":0,"victory":false,"max_hp_per_floor":[64,64,64,64,64,64,64,64,64,64,64,64,64,64,64,64,64,64,64,64,64,64,64,64,64,64,64,64,64],"card_choices":[{"not_picked":["Beam Cell","Barrage"],"picked":"Compile Driver","floor":1},{"not_picked":["Skim","Leap"],"picked":"Hologram","floor":2},{"not_picked":["Hologram","Barrage"],"picked":"FTL","floor":4},{"not_picked":["Beam Cell","Tempest"],"picked":"Sweeping Beam","floor":7},{"not_picked":["Turbo","Leap","Hello World","Rebound"],"picked":"SKIP","floor":13},{"not_picked":["Leap","Blizzard","Redo"],"picked":"Coolheaded","floor":14},{"not_picked":["Meteor Strike","Fission","Buffer"],"picked":"Echo Form","floor":16},{"not_picked":["Heatsinks","Skim"],"picked":"SKIP","floor":18},{"not_picked":["Stack+1"],"picked":"Compile Driver","floor":19},{"not_picked":["Rip and Tear"],"picked":"Loop","floor":21},{"not_picked":["Beam Cell"],"picked":"Steam","floor":22},{"not_picked":["Reprogram","Melter"],"picked":"SKIP","floor":25},{"not_picked":["Storm","Turbo"],"picked":"SKIP","floor":28}],"player_experience":1086820,"relics_obtained":[{"floor":9,"key":"Question Card"},{"floor":13,"key":"Happy Flower"}],"event_choices":[{"damage_healed":16,"gold_gain":0,"player_choice":"Healed","damage_taken":0,"max_hp_gain":0,"max_hp_loss":0,"event_name":"The Cleric","floor":10,"gold_loss":35},{"damage_healed":0,"gold_gain":0,"player_choice":"Gave Potion","damage_taken":0,"relics_obtained":["Lantern"],"max_hp_gain":0,"max_hp_loss":0,"event_name":"WeMeetAgain","floor":12,"gold_loss":0},{"cards_removed":["FTL"],"damage_healed":54,"gold_gain":0,"player_choice":"Offered Uncommon","damage_taken":0,"max_hp_gain":0,"max_hp_loss":0,"event_name":"Bonfire Elementals","floor":20,"gold_loss":0},{"damage_healed":0,"gold_gain":0,"player_choice":"Trade","damage_taken":0,"relics_obtained":["NlothsMask"],"max_hp_gain":0,"max_hp_loss":0,"event_name":"FaceTrader","floor":24,"gold_loss":0},{"damage_healed":13,"gold_gain":0,"player_choice":"Heal","damage_taken":0,"max_hp_gain":0,"max_hp_loss":0,"event_name":"The Library","floor":27,"gold_loss":0}],"is_beta":false,"boss_relics":[{"not_picked":["Lizard Tail","Empty Cage"],"picked":"Busted Crown"}],"items_purged_floors":[],"is_endless":false,"potions_floor_spawned":[2,7,13,21,25,28],"killed_by":"Book of Stabbing","ascension_level":20}