{"gold_per_floor":[369,369,381,396,411,411,81,156,179,208,208,243,243,274,274,367,367,380,430,87,106,106,106,141,161,161,174,194,205,205,130,130,130],"floor_reached":33,"playtime":1338,"items_purged":["Strike_R"],"score":645,"play_id":"6421f7e8-cbf1-4399-b2ea-41c85c6a6d09","local_time":"20181101214725","is_ascension_mode":true,"campfire_choices":[{"data":"Bash","floor":6,"key":"SMITH"},{"data":"Apotheosis","floor":11,"key":"SMITH"},{"data":"Evolve","floor":15,"key":"SMITH"},{"data":"Metallicize","floor":23,"key":"SMITH"},{"floor":30,"key":"REST"},{"data":"Whirlwind","floor":32,"key":"SMITH"}],"neow_cost":"CURSE","seed_source_timestamp":1214913372177057,"circlet_count":0,"master_deck":["AscendersBane","Strike_R","Strike_R","Strike_R","Defend_R","Defend_R","Defend_R","Defend_R","Bash+1","Clumsy","Metallicize+1","Shrug It Off","Anger","Apotheosis+1","Evolve+1","Wild Strike","Shrug It Off","Feed","Thunderclap","Wild Strike","Spot Weakness","Corruption+1","Warcry","Whirlwind+1","Wild Strike+1"],"relics":["Black Blood","Bronze Scales","Juzu Bracelet","Turnip","Mango","Bloody Idol","Dream Catcher","Du-Vu Doll","PreservedInsect","Strawberry"],"potions_floor_usage":[10,14,14,16,25,27,28],"damage_taken":[{"damage":0,"enemies":"Small Slimes","floor":1,"turns":5},{"damage":4,"enemies":"Jaw Worm","floor":3,"turns":4},{"damage":0,"enemies":"2 Louse","floor":4,"turns":3},{"damage":17,"enemies":"Red Slaver","floor":5,"turns":6},{"damage":23,"enemies":"Gremlin Nob","floor":10,"turns":4},{"damage":14,"enemies":"3 Sentries","floor":12,"turns":10},{"damage":0,"enemies":"Lagavulin","floor":14,"turns":6},{"damage":15,"enemies":"Hexaghost","floor":16,"turns":9},{"damage":3,"enemies":"Spheric Guardian","floor":18,"turns":7},{"damage":10,"enemies":"Chosen","floor":21,"turns":5},{"damage":64,"enemies":"Book of Stabbing","floor":24,"turns":5},{"damage":21,"enemies":"Sentry and Sphere","floor":25,"turns":5},{"damage":26,"enemies":"Snecko","floor":27,"turns":5},{"damage":23,"enemies":"Snake Plant","floor":28,"turns":4},{"damage":14,"enemies":"Centurion and Healer","floor":29,"turns":5},{"damage":63,"enemies":"Automaton","floor":33,"turns":8}],"seed_played":"-4144482538094495096","potions_obtained":[{"floor":5,"key":"Energy Potion"},{"floor":10,"key":"SteroidPotion"},{"floor":12,"key":"Regen Potion"},{"floor":14,"key":"FearPotion"},{"floor":18,"key":"Energy Potion"},{"floor":24,"key":"Energy Potion"},{"floor":27,"key":"SpeedPotion"}],"is_trial":false,"path_per_floor":["M","?","M","M","M","R","$","?","T","E","R","E","?","E","R","B",null,"M","?","$","M","?","R","E","M","T","M","M","M","R","?","R","B"],"character_chosen":"IRONCLAD","items_purchased":["Apotheosis","Evolve","Du-Vu Doll"],"campfire_rested":1,"item_purchase_floors":[7,7,20],"current_hp_per_floor":[74,63,65,71,60,60,60,49,49,32,32,38,38,58,58,49,73,84,84,84,88,88,88,39,33,40,29,25,26,56,56,56,0],"gold":130,"neow_bonus":"TWO_FIFTY_GOLD","is_prod":false,"is_daily":false,"chose_seed":false,"campfire_upgraded":5,"win_rate":0,"timestamp":1541123245,"path_taken":["M","?","M","M","M","R","$","?","T","E","R","E","?","E","R","BOSS","M","?","$","M","?","R","E","M","T","M","M","M","R","?","R","BOSS"],"build_version":"2018-11-01","purchased_purges":1,"victory":false,"max_hp_per_floor":[75,75,75,75,75,75,75,75,75,75,75,89,81,81,81,81,81,85,85,85,89,89,89,89,89,96,96,100,100,100,100,100,100],"card_choices":[{"not_picked":["Warcry","Sever Soul"],"picked":"Metallicize","floor":1},{"not_picked":["Combust","Flex"],"picked":"Shrug It Off","floor":3},{"not_picked":["Ghostly Armor","Intimidate","Rage"],"picked":"SKIP","floor":4},{"not_picked":["Perfected Strike","Cleave"],"picked":"Anger","floor":5},{"not_picked":["Rage","Headbutt"],"picked":"Wild Strike","floor":10},{"not_picked":["Exhume","True Grit"],"picked":"Shrug It Off","floor":12},{"not_picked":["Iron Wave","Rampage","Anger"],"picked":"SKIP","floor":14},{"not_picked":["Brutality","Double Tap"],"picked":"Feed","floor":16},{"not_picked":["Iron Wave","Rage"],"picked":"Thunderclap","floor":18},{"not_picked":["Headbutt+1","Searing Blow"],"picked":"Wild Strike","floor":21},{"not_picked":["Flex","Blood for Blood"],"picked":"Spot Weakness","floor":24},{"not_picked":["Rampage","Heavy Blade","Fire Breathing"],"picked":"SKIP","floor":25},{"not_picked":["Rupture","Disarm"],"picked":"Corruption+1","floor":27},{"not_picked":["Cleave","Combust+1"],"picked":"Warcry","floor":28},{"not_picked":["Warcry","Bloodletting"],"picked":"Whirlwind","floor":29},{"not_picked":["Feed","Armaments+1"],"picked":"Wild Strike+1","floor":30}],"player_experience":1037112,"relics_obtained":[{"floor":9,"key":"Juzu Bracelet"},{"floor":10,"key":"Turnip"},{"floor":12,"key":"Mango"},{"floor":14,"key":"Dream Catcher"},{"floor":24,"key":"PreservedInsect"},{"floor":26,"key":"Strawberry"}],"event_choices":[{"damage_healed":0,"gold_gain":0,"player_choice":"Success","damage_taken":11,"relics_obtained":["Bronze Scales"],"max_hp_gain":0,"max_hp_loss":0,"event_name":"Scrap Ooze","floor":2,"gold_loss":0},{"damage_healed":0,"gold_gain":75,"player_choice":"Gather Gold","damage_taken":11,"max_hp_gain":0,"max_hp_loss":0,"event_name":"World of Goop","floor":8,"gold_loss":0},{"damage_healed":0,"gold_gain":0,"player_choice":"Lose Max HP","damage_taken":0,"relics_obtained":["Golden Idol"],"max_hp_gain":0,"max_hp_loss":8,"event_name":"Golden Idol","floor":13,"gold_loss":0},{"damage_healed":0,"gold_gain":100,"player_choice":"Bet on Murderer","damage_taken":0,"max_hp_gain":0,"max_hp_loss":0,"event_name":"The Joust","floor":19,"gold_loss":50},{"damage_healed":0,"gold_gain":0,"player_choice":"Gave Idol","damage_taken":0,"relics_obtained":["Bloody Idol"],"max_hp_gain":0,"max_hp_loss":0,"event_name":"Forgotten Altar","floor":22,"relics_lost":["Golden Idol"],"gold_loss":0},{"cards_removed":["Strike_R"],"damage_healed":0,"gold_gain":0,"player_choice":"Single Remove","damage_taken":0,"max_hp_gain":0,"max_hp_loss":0,"event_name":"Designer","floor":31,"gold_loss":75}],"is_beta":false,"boss_relics":[{"not_picked":["Velvet Choker","Lizard Tail"],"picked":"Black Blood"}],"items_purged_floors":[7],"is_endless":false,"potions_floor_spawned":[5,10,12,14,18,24,27],"killed_by":"Automaton","ascension_level":20}