{"gold_per_floor":[364,374,474,524,524,524,556,556,556,556,575,575,5,5,5,82,82,98,116,41,41,61,61,87,87,87,104,104],"floor_reached":28,"playtime":950,"items_purged":["Parasite"],"score":468,"play_id":"b20fec16-b4d7-44c1-85d9-907111456087","local_time":"20181029172703","is_ascension_mode":true,"campfire_choices":[{"data":"Clothesline","floor":6,"key":"SMITH"},{"data":"Anger","floor":8,"key":"SMITH"},{"data":"Flex","floor":10,"key":"SMITH"},{"data":"Rage","floor":15,"key":"SMITH"},{"floor":23,"key":"REST"}],"neow_cost":"CURSE","seed_source_timestamp":940454718514541,"circlet_count":0,"master_deck":["Strike_R","Strike_R","Strike_R","Defend_R","Defend_R","Defend_R","Defend_R","Bash+1","AscendersBane","Clothesline+1","Anger+1","Flex+1","Rupture","Flash of Steel","Demon Form","Rage+1","Infernal Blade","Impervious","Corruption","True Grit","Entrench+1","Ghostly","Ghostly","Ghostly"],"relics":["Burning Blood","Centennial Puzzle","Unceasing Top","Kunai","Potion Belt","Fusion Hammer","FaceOfCleric","Pear","Dream Catcher"],"potions_floor_usage":[22,22,24],"damage_taken":[{"damage":14,"enemies":"Jaw Worm","floor":1,"turns":4},{"damage":8,"enemies":"Cultist","floor":2,"turns":5},{"damage":24,"enemies":"Gremlin Nob","floor":7,"turns":4},{"damage":0,"enemies":"Small Slimes","floor":11,"turns":2},{"damage":28,"enemies":"Hexaghost","floor":16,"turns":8},{"damage":11,"enemies":"Shell Parasite","floor":18,"turns":6},{"damage":15,"enemies":"Spheric Guardian","floor":19,"turns":4},{"damage":18,"enemies":"Cultist and Chosen","floor":22,"turns":5},{"damage":42,"enemies":"Gremlin Leader","floor":24,"turns":6},{"damage":3,"enemies":"Snake Plant","floor":27,"turns":4},{"damage":46,"enemies":"Slavers","floor":28,"turns":6}],"seed_played":"3769255640295430041","potions_obtained":[{"floor":2,"key":"Weak Potion"},{"floor":7,"key":"SneckoOil"},{"floor":11,"key":"Swift Potion"},{"floor":18,"key":"Fire Potion"}],"is_trial":false,"path_per_floor":["M","M","?","T","?","R","E","R","T","R","M","?","$","?","R","B",null,"M","M","?","?","M","R","E","?","T","M"],"character_chosen":"IRONCLAD","items_purchased":["Flash of Steel","Demon Form","Potion Belt","Rage"],"campfire_rested":1,"item_purchase_floors":[13,13,13,13],"current_hp_per_floor":[60,58,58,58,58,58,40,40,40,40,46,46,46,46,46,24,60,55,46,46,46,35,56,31,31,31,35,0],"gold":104,"neow_bonus":"TWO_FIFTY_GOLD","is_prod":false,"is_daily":false,"chose_seed":false,"campfire_upgraded":4,"win_rate":0,"timestamp":1540848423,"path_taken":["M","M","?","?","?","R","E","R","T","R","M","?","$","?","R","BOSS","M","M","?","?","M","R","E","?","T","?","E"],"build_version":"2018-10-25v2","purchased_purges":1,"victory":false,"max_hp_per_floor":[75,75,75,75,75,75,75,75,75,75,75,75,72,72,72,72,72,72,72,72,72,73,73,84,42,42,43,43],"card_choices":[{"not_picked":["Hemokinesis","Entrench"],"picked":"Clothesline","floor":1},{"not_picked":["Body Slam","Pommel Strike"],"picked":"Anger","floor":2},{"not_picked":["Sword Boomerang","Searing Blow"],"picked":"Flex","floor":7},{"not_picked":["Clothesline","Intimidate"],"picked":"Rupture","floor":11},{"not_picked":["Barricade","Demon Form"],"picked":"Impervious","floor":16},{"not_picked":["Clothesline","Flex","Carnage"],"picked":"SKIP","floor":18},{"not_picked":["Havoc","True Grit"],"picked":"Corruption","floor":19},{"not_picked":["Headbutt","Hemokinesis"],"picked":"True Grit","floor":22},{"not_picked":["Flame Barrier","Perfected Strike"],"picked":"Entrench+1","floor":24},{"not_picked":["Berserk","Wild Strike","Anger"],"picked":"SKIP","floor":27}],"player_experience":1005773,"relics_obtained":[{"floor":4,"key":"Centennial Puzzle"},{"floor":7,"key":"Unceasing Top"},{"floor":9,"key":"Kunai"},{"floor":24,"key":"Pear"},{"floor":26,"key":"Dream Catcher"}],"event_choices":[{"damage_healed":0,"gold_gain":100,"player_choice":"Gold","damage_taken":0,"max_hp_gain":0,"max_hp_loss":0,"event_name":"Wheel of Change","floor":3,"gold_loss":0},{"damage_healed":0,"gold_gain":0,"player_choice":"Upgraded","damage_taken":0,"max_hp_gain":0,"max_hp_loss":0,"event_name":"Upgrade Shrine","floor":5,"gold_loss":0,"cards_upgraded":["Bash"]},{"damage_healed":0,"gold_gain":0,"player_choice":"Ignored","damage_taken":0,"max_hp_gain":0,"max_hp_loss":0,"event_name":"Liars Game","floor":12,"gold_loss":0},{"damage_healed":0,"gold_gain":0,"cards_transformed":["Strike_R"],"player_choice":"Change","damage_taken":0,"max_hp_gain":0,"max_hp_loss":0,"event_name":"Living Wall","floor":14,"gold_loss":0,"cards_obtained":["Infernal Blade"]},{"cards_removed":["Strike_R"],"damage_healed":0,"gold_gain":0,"player_choice":"Gave Gold","damage_taken":0,"max_hp_gain":0,"max_hp_loss":0,"event_name":"Beggar","floor":20,"gold_loss":75},{"damage_healed":0,"gold_gain":0,"player_choice":"Trade","damage_taken":0,"relics_obtained":["FaceOfCleric"],"max_hp_gain":0,"max_hp_loss":0,"event_name":"FaceTrader","floor":21,"gold_loss":0},{"damage_healed":0,"gold_gain":0,"player_choice":"Became a Ghost","damage_taken":0,"max_hp_gain":0,"max_hp_loss":42,"event_name":"Ghosts","floor":25,"gold_loss":0,"cards_obtained":["Ghostly","Ghostly","Ghostly"]}],"is_beta":false,"boss_relics":[{"not_picked":["Runic Pyramid","Mark of Pain"],"picked":"Fusion Hammer"}],"items_purged_floors":[13],"is_endless":false,"potions_floor_spawned":[2,7,11,18],"killed_by":"Slavers","ascension_level":20}