{"gold_per_floor":[112,124,124,124,136,162,162,174,228,238,238,253,178,208,208,208],"floor_reached":16,"playtime":1080,"items_purged":[],"score":224,"play_id":"e059f55a-4784-4d7a-a6c4-4b910912fe9e","local_time":"20190602225408","is_ascension_mode":true,"campfire_choices":[{"data":"Zap","floor":7,"key":"SMITH"},{"data":"Coolheaded","floor":11,"key":"SMITH"},{"data":"Hologram","floor":15,"key":"SMITH"}],"neow_cost":"NONE","seed_source_timestamp":271709507955891,"circlet_count":0,"master_deck":["AscendersBane","Strike_B","Strike_B","Strike_B","Defend_B+1","Defend_B","Defend_B+1","Defend_B+1","Zap+1","Dualcast","Coolheaded+1","Sweeping Beam+1","Self Repair","White Noise","Conserve Battery","Auto Shields","Hologram","Hologram+1"],"relics":["Cracked Core","War Paint","Bottled Flame","Orichalcum","Happy Flower"],"potions_floor_usage":[6,14,16],"damage_taken":[{"damage":0,"enemies":"Cultist","floor":1,"turns":4},{"damage":2,"enemies":"Jaw Worm","floor":2,"turns":4},{"damage":0,"enemies":"2 Louse","floor":5,"turns":2},{"damage":22,"enemies":"Lagavulin","floor":6,"turns":10},{"damage":2,"enemies":"Looter","floor":8,"turns":4},{"damage":13,"enemies":"Red Slaver","floor":10,"turns":5},{"damage":3,"enemies":"Exordium Wildlife","floor":12,"turns":5},{"damage":57,"enemies":"Gremlin Nob","floor":14,"turns":5},{"damage":31,"enemies":"The Guardian","floor":16,"turns":13}],"seed_played":"-8025346722918873235","potions_obtained":[{"floor":1,"key":"Poison Potion"},{"floor":8,"key":"FairyPotion"},{"floor":12,"key":"Block Potion"},{"floor":14,"key":"SkillPotion"}],"is_trial":false,"path_per_floor":["M","M","?","?","M","E","R","M","T","M","R","M","?","E","R","B"],"character_chosen":"DEFECT","items_purchased":[],"campfire_rested":0,"item_purchase_floors":[],"current_hp_per_floor":[64,62,67,44,44,29,29,34,34,28,28,32,32,21,21,0],"gold":208,"neow_bonus":"RANDOM_COMMON_RELIC","is_prod":false,"is_daily":false,"chose_seed":false,"campfire_upgraded":3,"win_rate":0,"timestamp":1559530448,"path_taken":["M","M","?","?","M","E","R","M","T","M","R","M","?","E","R","BOSS"],"build_version":"2019-01-23","purchased_purges":0,"victory":false,"max_hp_per_floor":[71,71,76,76,76,76,76,76,76,76,76,76,76,76,76,76],"card_choices":[{"not_picked":["Steam Power","Beam Cell"],"picked":"Coolheaded","floor":1},{"not_picked":["Gash","Coolheaded"],"picked":"Sweeping Beam","floor":2},{"not_picked":["Tempest","Cold Snap"],"picked":"Self Repair","floor":5},{"not_picked":["Steam","Turbo"],"picked":"White Noise","floor":6},{"not_picked":["Rebound","Sweeping Beam"],"picked":"Conserve Battery","floor":8},{"not_picked":["Barrage","Rebound"],"picked":"Auto Shields","floor":10},{"not_picked":["Turbo","Reinforced Body"],"picked":"Hologram","floor":12},{"not_picked":["Self Repair","Beam Cell"],"picked":"Hologram","floor":14}],"player_experience":1448051,"relics_obtained":[{"floor":6,"key":"Bottled Flame"},{"floor":9,"key":"Orichalcum"},{"floor":14,"key":"Happy Flower"}],"event_choices":[{"damage_healed":0,"gold_gain":0,"player_choice":"Donut","damage_taken":0,"max_hp_gain":5,"max_hp_loss":0,"event_name":"Big Fish","floor":3,"gold_loss":0},{"damage_healed":0,"gold_gain":0,"player_choice":"Entered Light","damage_taken":23,"max_hp_gain":0,"max_hp_loss":0,"event_name":"Shining Light","floor":4,"gold_loss":0,"cards_upgraded":["Defend_B","Sweeping Beam"]},{"cards_removed":["Strike_B"],"damage_healed":0,"gold_gain":0,"player_choice":"Card Removal","damage_taken":0,"max_hp_gain":0,"max_hp_loss":0,"event_name":"The Cleric","floor":13,"gold_loss":75}],"is_beta":false,"boss_relics":[],"items_purged_floors":[],"is_endless":false,"potions_floor_spawned":[1,8,12,14],"killed_by":"The Guardian","ascension_level":20}