{"gold_per_floor":[113,113,113,131,143,143,177,177,177,177,177,228,254,7,7,80,80,92,92,109,128,128,128,161,161,161,172,172,222,232,232],"floor_reached":31,"playtime":1198,"items_purged":[],"score":522,"play_id":"bc90d515-e25f-4fdf-9977-dcc65aca4cfd","local_time":"20181127165848","is_ascension_mode":true,"campfire_choices":[{"data":"Bash","floor":6,"key":"SMITH"},{"data":"Inflame","floor":8,"key":"SMITH"},{"floor":10,"key":"REST"},{"data":"Body Slam","floor":15,"key":"SMITH"},{"floor":23,"key":"REST"},{"data":"Havoc","floor":25,"key":"SMITH"},{"floor":28,"key":"REST"}],"neow_cost":"NONE","seed_source_timestamp":186442870803961,"circlet_count":0,"master_deck":["AscendersBane","Strike_R","Strike_R+1","Strike_R+1","Defend_R","Defend_R","Defend_R","Defend_R","Bash+1","Berserk","Headbutt","Cleave","Body Slam+1","Battle Trance","Inflame+1","Clothesline","Shrug It Off","Immolate","Warcry","Rupture","Havoc+1","Havoc","Inflame","Flame Barrier"],"relics":["Burning Blood","Bird Faced Urn","Nunchaku","Boot","Ornamental Fan","OrangePellets","Runic Pyramid","Nilry\u0027s Codex","Bag of Marbles","The Courier"],"potions_floor_usage":[16,18],"damage_taken":[{"damage":14,"enemies":"Jaw Worm","floor":1,"turns":4},{"damage":16,"enemies":"Cultist","floor":4,"turns":4},{"damage":8,"enemies":"2 Louse","floor":5,"turns":2},{"damage":25,"enemies":"Lagavulin","floor":7,"turns":7},{"damage":11,"enemies":"Gremlin Nob","floor":13,"turns":3},{"damage":22,"enemies":"The Guardian","floor":16,"turns":12},{"damage":19,"enemies":"2 Thieves","floor":18,"turns":3},{"damage":20,"enemies":"Shell Parasite","floor":20,"turns":4},{"damage":17,"enemies":"3 Cultists","floor":21,"turns":4},{"damage":44,"enemies":"Book of Stabbing","floor":24,"turns":5},{"damage":10,"enemies":"Cultist and Chosen","floor":27,"turns":7},{"damage":30,"enemies":"Shelled Parasite and Fungi","floor":30,"turns":6},{"damage":40,"enemies":"Gremlin Leader","floor":31,"turns":2}],"seed_played":"-3613040229574816337","potions_obtained":[{"floor":4,"key":"Explosive Potion"},{"floor":16,"key":"EssenceOfSteel"},{"floor":18,"key":"Ancient Potion"},{"floor":20,"key":"SteroidPotion"}],"is_trial":false,"path_per_floor":["M","?","?","M","M","R","E","R","T","R","?","T","E","$","R","B",null,"M","?","M","M","?","R","E","R","T","M","R","?","M","E"],"character_chosen":"IRONCLAD","items_purchased":["OrangePellets","Shrug It Off"],"campfire_rested":3,"item_purchase_floors":[14,14],"current_hp_per_floor":[60,65,65,55,53,53,34,34,34,58,34,34,33,33,33,21,65,56,56,46,41,20,44,14,14,14,20,44,44,32,0],"gold":232,"neow_bonus":"ONE_RANDOM_RARE_CARD","is_prod":false,"is_daily":false,"chose_seed":false,"campfire_upgraded":4,"win_rate":0,"timestamp":1543355928,"path_taken":["M","?","?","M","?","R","E","R","T","R","?","?","E","$","R","BOSS","M","?","?","M","?","R","E","R","T","M","R","?","M","E"],"build_version":"2018-11-15","purchased_purges":0,"victory":false,"max_hp_per_floor":[75,80,80,80,80,80,80,80,80,80,80,80,80,80,80,80,80,80,80,80,80,80,80,80,80,80,80,80,80,80,80],"card_choices":[{"not_picked":["Perfected Strike","Sword Boomerang"],"picked":"Headbutt","floor":1},{"not_picked":["Bloodletting","Blood for Blood"],"picked":"Body Slam","floor":4},{"not_picked":["Body Slam","Combust"],"picked":"Battle Trance","floor":5},{"not_picked":["Shrug It Off","Flex"],"picked":"Inflame","floor":7},{"not_picked":["Pommel Strike","Twin Strike"],"picked":"Clothesline","floor":13},{"not_picked":["Dark Embrace","Brutality"],"picked":"Immolate","floor":16},{"not_picked":["Clothesline","Body Slam"],"picked":"Warcry","floor":18},{"not_picked":["Anger","Seeing Red"],"picked":"Havoc","floor":20},{"not_picked":["Cleave+1","Sentinel","Perfected Strike"],"picked":"SKIP","floor":21},{"not_picked":["Perfected Strike","Heavy Blade"],"picked":"Havoc","floor":24},{"not_picked":["Iron Wave","Thunderclap"],"picked":"Inflame","floor":27},{"not_picked":["Reckless Charge","Iron Wave"],"picked":"Flame Barrier","floor":30}],"player_experience":1169480,"relics_obtained":[{"floor":7,"key":"Bird Faced Urn"},{"floor":9,"key":"Nunchaku"},{"floor":12,"key":"Boot"},{"floor":13,"key":"Ornamental Fan"},{"floor":22,"key":"Nilry\u0027s Codex"},{"floor":24,"key":"Bag of Marbles"},{"floor":26,"key":"The Courier"}],"event_choices":[{"damage_healed":0,"gold_gain":0,"player_choice":"Donut","damage_taken":0,"max_hp_gain":5,"max_hp_loss":0,"event_name":"Big Fish","floor":2,"gold_loss":0},{"damage_healed":0,"gold_gain":0,"cards_transformed":["Strike_R"],"player_choice":"Transformed","damage_taken":0,"max_hp_gain":0,"max_hp_loss":0,"event_name":"Transmorgrifier","floor":3,"gold_loss":0,"cards_obtained":["Cleave"]},{"damage_healed":0,"gold_gain":0,"player_choice":"Entered Light","damage_taken":24,"max_hp_gain":0,"max_hp_loss":0,"event_name":"Shining Light","floor":11,"gold_loss":0,"cards_upgraded":["Strike_R","Strike_R"]},{"damage_healed":0,"gold_gain":0,"cards_transformed":["Strike_R"],"player_choice":"Transformed","damage_taken":0,"max_hp_gain":0,"max_hp_loss":0,"event_name":"Transmorgrifier","floor":19,"gold_loss":0,"cards_obtained":["Rupture"]},{"damage_healed":0,"gold_gain":0,"player_choice":"Obtained Book","damage_taken":21,"max_hp_gain":0,"max_hp_loss":0,"event_name":"Cursed Tome","floor":22,"gold_loss":0},{"damage_healed":0,"gold_gain":100,"player_choice":"Bet on Murderer","damage_taken":0,"max_hp_gain":0,"max_hp_loss":0,"event_name":"The Joust","floor":29,"gold_loss":50}],"is_beta":false,"boss_relics":[{"not_picked":["Eternal Feather","Busted Crown"],"picked":"Runic Pyramid"}],"items_purged_floors":[],"is_endless":false,"potions_floor_spawned":[4,16,18,20],"killed_by":"Gremlin Leader","ascension_level":20}