{"gold_per_floor":[117,117,49,49,70,70,106,130,130,161,180,180,223,237,237,363,363,387,400,420,65,79,113,113,148,448,448,464,464,164,183,183,308,308,322,335,335,348,49,49,174,217,285,301,301,14,14,37,37,37],"floor_reached":50,"playtime":2676,"items_purged":["Strike_G","Strike_G"],"score":778,"play_id":"aa537f8c-f3bc-4d40-aafb-3bafebcf8ad8","local_time":"20190601134024","is_ascension_mode":true,"campfire_choices":[{"data":"Footwork","floor":6,"key":"SMITH"},{"floor":15,"key":"REST"},{"floor":29,"key":"REST"},{"floor":32,"key":"REST"},{"floor":40,"key":"REST"},{"floor":45,"key":"REST"},{"floor":49,"key":"RECALL"}],"neow_cost":"NONE","seed_source_timestamp":86814008825089,"circlet_count":0,"master_deck":["Defend_G","Defend_G","Defend_G","Defend_G+1","Defend_G","Strike_G","Strike_G+1","Strike_G+1","Survivor","Neutralize+1","Backflip","Footwork+1","Cloak And Dagger","Die Die Die+1","Deflect","Predator+1","Bouncing Flask+1","Noxious Fumes","Die Die Die+1","Dagger Throw+1","Noxious Fumes","Noxious Fumes","Noxious Fumes+1","Catalyst","Footwork+1","Malaise","Dagger Throw+1","Backflip+1","Prepared+1","Distraction","Injury","Calculated Gamble","Footwork","Blur+1"],"relics":["Ring of the Snake","NeowsBlessing","Golden Idol","Molten Egg 2","Whetstone","Bottled Flame","Bottled Tornado","Philosopher\u0027s Stone","Sundial","Orichalcum","PreservedInsect","Turnip","Old Coin","Cursed Key","Gambling Chip","Ginger","Gremlin Horn","Lee\u0027s Waffle"],"potions_floor_usage":[10,10,16,23,27,28,28,33,36,44,44,50,50],"damage_taken":[{"damage":0,"enemies":"2 Louse","floor":1,"turns":1},{"damage":0,"enemies":"Small Slimes","floor":5,"turns":1},{"damage":0,"enemies":"3 Sentries","floor":7,"turns":2},{"damage":0,"enemies":"Jaw Worm","floor":8,"turns":5},{"damage":32,"enemies":"Gremlin Nob","floor":10,"turns":5},{"damage":0,"enemies":"Lots of Slimes","floor":11,"turns":1},{"damage":1,"enemies":"Lagavulin","floor":13,"turns":5},{"damage":0,"enemies":"Exordium Wildlife","floor":14,"turns":3},{"damage":10,"enemies":"Hexaghost","floor":16,"turns":9},{"damage":2,"enemies":"Chosen","floor":18,"turns":3},{"damage":8,"enemies":"2 Thieves","floor":19,"turns":3},{"damage":9,"enemies":"Centurion and Healer","floor":20,"turns":6},{"damage":0,"enemies":"Snecko","floor":22,"turns":4},{"damage":15,"enemies":"Slavers","floor":23,"turns":4},{"damage":10,"enemies":"Gremlin Leader","floor":25,"turns":6},{"damage":0,"enemies":"Colosseum Slavers","floor":27,"turns":1},{"damage":2,"enemies":"Cultist and Chosen","floor":28,"turns":4},{"damage":8,"enemies":"Centurion and Healer","floor":31,"turns":6},{"damage":38,"enemies":"Automaton","floor":33,"turns":9},{"damage":7,"enemies":"Orb Walker","floor":35,"turns":4},{"damage":4,"enemies":"3 Darklings","floor":36,"turns":5},{"damage":18,"enemies":"Jaw Worm Horde","floor":38,"turns":5},{"damage":0,"enemies":"Mind Bloom Boss Battle","floor":41,"turns":6},{"damage":38,"enemies":"Reptomancer","floor":42,"turns":6},{"damage":12,"enemies":"Transient","floor":44,"turns":5},{"damage":1,"enemies":"Sphere and 2 Shapes","floor":48,"turns":4},{"damage":78,"enemies":"Time Eater","floor":50,"turns":13}],"seed_played":"7138700661458676660","potions_obtained":[{"floor":5,"key":"GamblersBrew"},{"floor":7,"key":"PowerPotion"},{"floor":8,"key":"SneckoOil"},{"floor":11,"key":"GhostInAJar"},{"floor":18,"key":"GamblersBrew"},{"floor":20,"key":"Explosive Potion"},{"floor":23,"key":"Energy Potion"},{"floor":33,"key":"EssenceOfSteel"},{"floor":36,"key":"Weak Potion"},{"floor":42,"key":"Regen Potion"},{"floor":48,"key":"SneckoOil"}],"is_trial":false,"path_per_floor":["M","?","$","?","M","R","E","M","T","E","M","?","E","M","R","B",null,"M","M","M","$","M","E","?","E","T","?","M","R","$","M","R","B",null,"M","M","?","M","$","R","?","E","T","M","R","$","?","M","R","B"],"character_chosen":"THE_SILENT","items_purchased":["Footwork","Noxious Fumes","Sundial","Catalyst","Noxious Fumes","Dexterity Potion","Gambling Chip","Lee\u0027s Waffle","Footwork","SpeedPotion"],"campfire_rested":5,"item_purchase_floors":[3,21,21,30,30,30,39,46,46,46],"current_hp_per_floor":[70,70,70,53,53,53,53,53,53,21,21,7,6,6,27,17,57,55,47,38,38,38,23,23,13,13,13,11,32,32,24,45,7,54,47,43,43,25,25,46,46,8,8,11,32,77,77,76,76,0],"gold":37,"neow_bonus":"THREE_ENEMY_KILL","is_prod":false,"is_daily":false,"chose_seed":false,"campfire_upgraded":1,"win_rate":0,"timestamp":1559410824,"path_taken":["M","?","$","?","M","R","E","M","T","E","M","?","E","?","R","BOSS","M","?","M","$","M","E","?","E","T","?","M","R","?","M","R","BOSS","M","M","?","M","$","R","?","E","T","M","R","$","?","?","R","BOSS"],"build_version":"2019-01-23","purchased_purges":2,"victory":false,"max_hp_per_floor":[70,70,70,70,70,70,70,70,70,70,70,70,70,70,70,70,70,70,70,70,70,70,70,70,70,70,70,70,70,70,70,70,70,70,70,70,70,70,70,70,70,70,70,70,70,77,77,77,77,77],"card_choices":[{"not_picked":["Dagger Throw","Noxious Fumes"],"picked":"Backflip","floor":1},{"not_picked":["Dodge and Roll","Expertise"],"picked":"Cloak And Dagger","floor":5},{"not_picked":["Outmaneuver","Blade Dance"],"picked":"Die Die Die","floor":7},{"not_picked":["Flying Knee+1","Quick Slash+1"],"picked":"Deflect","floor":8},{"not_picked":["Poisoned Stab+1","Backflip","Predator+1"],"picked":"SKIP","floor":10},{"not_picked":["Poisoned Stab+1","Backflip"],"picked":"Predator+1","floor":10},{"not_picked":["Acrobatics","Cloak And Dagger"],"picked":"Bouncing Flask","floor":11},{"not_picked":["Bane+1","Concentrate"],"picked":"Noxious Fumes","floor":13},{"not_picked":["Heel Hook+1","Poisoned Stab+1","All Out Attack+1"],"picked":"SKIP","floor":14},{"not_picked":["A Thousand Cuts","Burst"],"picked":"Die Die Die+1","floor":16},{"not_picked":["Dagger Spray+1","Slice+1"],"picked":"Dagger Throw+1","floor":18},{"not_picked":["Backflip","Deadly Poison+1"],"picked":"Noxious Fumes","floor":19},{"not_picked":["Outmaneuver+1","Skewer+1","Dagger Spray+1"],"picked":"SKIP","floor":20},{"not_picked":["Dagger Throw+1","All Out Attack+1","Cloak And Dagger"],"picked":"SKIP","floor":22},{"not_picked":["Cloak And Dagger","Bullet Time","Prepared"],"picked":"SKIP","floor":23},{"not_picked":["Cloak And Dagger","Flying Knee+1","Eviscerate+1"],"picked":"SKIP","floor":25},{"not_picked":["Outmaneuver+1","Heel Hook+1"],"picked":"Noxious Fumes+1","floor":28},{"not_picked":["Bane+1","Blade Dance"],"picked":"Footwork+1","floor":31},{"not_picked":["Unload+1","Night Terror"],"picked":"Malaise","floor":33},{"not_picked":["Poisoned Stab+1","Dagger Throw+1","Accuracy+1"],"picked":"SKIP","floor":35},{"not_picked":["Acrobatics","Masterful Stab+1"],"picked":"Dagger Throw+1","floor":36},{"not_picked":["Underhanded Strike+1","Poisoned Stab+1"],"picked":"Backflip+1","floor":38},{"not_picked":["Quick Slash+1","Dash+1"],"picked":"Prepared+1","floor":41},{"not_picked":["A Thousand Cuts","Endless Agony+1"],"picked":"Distraction","floor":42},{"not_picked":["Slice+1","Sucker Punch+1"],"picked":"Calculated Gamble","floor":44},{"not_picked":["Blade Dance","Expertise"],"picked":"Blur+1","floor":48}],"player_experience":344801,"relics_obtained":[{"floor":7,"key":"Molten Egg 2"},{"floor":9,"key":"Whetstone"},{"floor":10,"key":"Bottled Flame"},{"floor":13,"key":"Bottled Tornado"},{"floor":23,"key":"Orichalcum"},{"floor":25,"key":"Turnip"},{"floor":26,"key":"Old Coin"},{"floor":41,"key":"Ginger"},{"floor":42,"key":"Gremlin Horn"}],"event_choices":[{"damage_healed":0,"gold_gain":0,"player_choice":"Grow","damage_taken":0,"max_hp_gain":0,"max_hp_loss":0,"event_name":"Living Wall","floor":2,"gold_loss":0,"cards_upgraded":["Neutralize"]},{"damage_healed":0,"gold_gain":0,"player_choice":"Take Damage","damage_taken":17,"relics_obtained":["Golden Idol"],"max_hp_gain":0,"max_hp_loss":0,"event_name":"Golden Idol","floor":4,"gold_loss":0},{"damage_healed":0,"gold_gain":0,"player_choice":"Entered Light","damage_taken":14,"max_hp_gain":0,"max_hp_loss":0,"event_name":"Shining Light","floor":12,"gold_loss":0,"cards_upgraded":["Defend_G","Bouncing Flask"]},{"damage_healed":0,"gold_gain":0,"player_choice":"Opened","damage_taken":0,"relics_obtained":["PreservedInsect"],"max_hp_gain":0,"max_hp_loss":0,"event_name":"The Mausoleum","floor":24,"gold_loss":0},{"damage_healed":0,"gold_gain":0,"player_choice":"Fight","damage_taken":0,"max_hp_gain":0,"max_hp_loss":0,"event_name":"Colosseum","floor":27,"gold_loss":0},{"damage_healed":0,"gold_gain":0,"player_choice":"Fled From Nobs","damage_taken":0,"max_hp_gain":0,"max_hp_loss":0,"event_name":"Colosseum","floor":27,"gold_loss":0},{"damage_healed":0,"gold_gain":0,"player_choice":"Ignored","damage_taken":0,"max_hp_gain":0,"max_hp_loss":0,"event_name":"Tomb of Lord Red Mask","floor":37,"gold_loss":0},{"damage_healed":0,"gold_gain":0,"player_choice":"Fight","damage_taken":0,"max_hp_gain":0,"max_hp_loss":0,"event_name":"MindBloom","floor":41,"gold_loss":0},{"cards_removed":["Noxious Fumes"],"damage_healed":0,"gold_gain":0,"player_choice":"Offered Uncommon","damage_taken":0,"max_hp_gain":0,"max_hp_loss":0,"event_name":"Bonfire Elementals","floor":47,"gold_loss":0}],"is_beta":false,"boss_relics":[{"not_picked":["Black Star","Ectoplasm"],"picked":"Philosopher\u0027s Stone"},{"not_picked":["White Beast Statue","Runic Pyramid"],"picked":"Cursed Key"}],"items_purged_floors":[21,30],"is_endless":false,"potions_floor_spawned":[5,7,8,11,18,20,23,27,33,36,42,48],"killed_by":"Time Eater","ascension_level":5}