{"gold_per_floor":[13,29,104,122,141,141,176,176,176,201,201,201],"floor_reached":12,"playtime":307,"items_purged":[],"score":176,"play_id":"3952c685-cc26-4724-b91a-6aaf3a052629","local_time":"20181214181351","is_ascension_mode":true,"campfire_choices":[{"data":"Immolate","floor":6,"key":"SMITH"},{"data":"Disarm","floor":8,"key":"SMITH"}],"neow_cost":"NO_GOLD","seed_source_timestamp":156369767471518,"circlet_count":0,"master_deck":["AscendersBane","Strike_R","Strike_R","Strike_R","Strike_R","Strike_R","Defend_R","Defend_R","Defend_R","Defend_R","Bash","Immolate+1","Clothesline","Demon Form","Corruption","Disarm+1","Headbutt"],"relics":["Burning Blood","Centennial Puzzle","Pantograph","Ginger","Toxic Egg 2"],"potions_floor_usage":[],"damage_taken":[{"damage":7,"enemies":"Jaw Worm","floor":1,"turns":2},{"damage":5,"enemies":"Small Slimes","floor":2,"turns":3},{"damage":0,"enemies":"Cultist","floor":4,"turns":2},{"damage":11,"enemies":"2 Fungi Beasts","floor":5,"turns":3},{"damage":25,"enemies":"Lagavulin","floor":7,"turns":7},{"damage":15,"enemies":"3 Sentries","floor":10,"turns":3},{"damage":40,"enemies":"Gremlin Nob","floor":12,"turns":4}],"seed_played":"8119762223476920118","potions_obtained":[{"floor":4,"key":"Weak Potion"},{"floor":5,"key":"Ancient Potion"}],"is_trial":false,"path_per_floor":["M","M","?","M","M","R","E","R","T","E","T","E"],"character_chosen":"IRONCLAD","items_purchased":[],"campfire_rested":0,"item_purchase_floors":[],"current_hp_per_floor":[67,68,57,63,58,58,39,39,39,30,30,0],"gold":201,"neow_bonus":"THREE_RARE_CARDS","is_prod":false,"is_daily":false,"chose_seed":false,"campfire_upgraded":2,"win_rate":0,"timestamp":1544829231,"path_taken":["M","M","?","M","M","R","E","R","T","E","?","E"],"build_version":"2018-12-13","purchased_purges":0,"victory":false,"max_hp_per_floor":[75,75,75,75,75,75,75,75,75,75,75,75],"card_choices":[{"not_picked":["Bludgeon","Demon Form"],"picked":"Immolate","floor":0},{"not_picked":["Heavy Blade","Wild Strike","Sword Boomerang"],"picked":"SKIP","floor":1},{"not_picked":["Pommel Strike","Sever Soul"],"picked":"Clothesline","floor":2},{"not_picked":["Perfected Strike","Uppercut"],"picked":"Demon Form","floor":4},{"not_picked":["Wild Strike","Pommel Strike"],"picked":"Corruption","floor":5},{"not_picked":["Shrug It Off","Body Slam"],"picked":"Disarm","floor":7},{"not_picked":["Flex","Anger"],"picked":"Headbutt","floor":10}],"player_experience":1277897,"relics_obtained":[{"floor":7,"key":"Centennial Puzzle"},{"floor":9,"key":"Pantograph"},{"floor":10,"key":"Ginger"},{"floor":11,"key":"Toxic Egg 2"}],"event_choices":[{"damage_healed":0,"gold_gain":75,"player_choice":"Gather Gold","damage_taken":11,"max_hp_gain":0,"max_hp_loss":0,"event_name":"World of Goop","floor":3,"gold_loss":0}],"is_beta":false,"boss_relics":[],"items_purged_floors":[],"is_endless":false,"potions_floor_spawned":[4,5],"killed_by":"Gremlin Nob","ascension_level":20}