{"gold_per_floor":[119,137,137,137,56,82,94,94,94,10,10,21,21,41,41,118,118,128,144,69,69,83,83,103,83,83,93,108,108,125,25,25,99,99,115,134,134,134,184,184,184],"floor_reached":41,"playtime":1499,"items_purged":["Bash","Strike_R"],"score":794,"play_id":"a9634fbe-ca18-4b92-bd39-7b99620222cc","local_time":"20190723075834","is_ascension_mode":true,"campfire_choices":[{"data":"Disarm","floor":8,"key":"SMITH"},{"data":"Shrug It Off","floor":11,"key":"SMITH"},{"data":"Spot Weakness","floor":15,"key":"SMITH"},{"floor":23,"key":"RECALL"},{"floor":29,"key":"REST"},{"floor":32,"key":"REST"},{"floor":40,"key":"REST"}],"neow_cost":"NONE","seed_source_timestamp":23441609541433,"circlet_count":0,"master_deck":["AscendersBane","Shrug It Off+1","Fiend Fire","Disarm+1","Pommel Strike+1","Whirlwind+1","Disarm","Spot Weakness+1","Bludgeon+1","Uppercut+1","Flame Barrier","Disarm+1","Armaments","Reaper+1","Warcry","Rampage+1","Body Slam+1","Body Slam+1","Entrench","Fire Breathing","Ghostly Armor","Flame Barrier","Good Instincts","Mind Blast+1","Mayhem"],"relics":["Burning Blood","NeowsBlessing","Sundial","Molten Egg 2","Anchor","Fusion Hammer","Kunai","Pandora\u0027s Box"],"potions_floor_usage":[14,16,33,33,41],"damage_taken":[{"damage":0,"enemies":"Cultist","floor":1,"turns":1},{"damage":0,"enemies":"Jaw Worm","floor":2,"turns":1},{"damage":0,"enemies":"Gremlin Nob","floor":6,"turns":1},{"damage":0,"enemies":"2 Louse","floor":7,"turns":3},{"damage":0,"enemies":"Lots of Slimes","floor":12,"turns":2},{"damage":0,"enemies":"3 Louse","floor":14,"turns":1},{"damage":33,"enemies":"Slime Boss","floor":16,"turns":6},{"damage":4,"enemies":"3 Byrds","floor":18,"turns":4},{"damage":0,"enemies":"Chosen","floor":19,"turns":3},{"damage":18,"enemies":"Shelled Parasite and Fungi","floor":22,"turns":5},{"damage":11,"enemies":"3 Cultists","floor":24,"turns":4},{"damage":0,"enemies":"Centurion and Healer","floor":27,"turns":5},{"damage":10,"enemies":"Snake Plant","floor":28,"turns":3},{"damage":9,"enemies":"Chosen and Byrds","floor":30,"turns":6},{"damage":71,"enemies":"Collector","floor":33,"turns":13},{"damage":23,"enemies":"Orb Walker","floor":35,"turns":5},{"damage":4,"enemies":"3 Shapes","floor":36,"turns":8},{"damage":72,"enemies":"Giant Head","floor":41,"turns":6}],"seed_played":"-2518653994944483162","potions_obtained":[{"floor":1,"key":"Explosive Potion"},{"floor":7,"key":"Fire Potion"},{"floor":18,"key":"SpeedPotion"},{"floor":19,"key":"SteroidPotion"},{"floor":35,"key":"LiquidBronze"}],"is_trial":false,"path_per_floor":["M","M","?","?","$","E","M","R","T","$","R","M","?","M","R","B",null,"M","M","$","?","M","R","M","?","T","M","M","R","M","$","R","B",null,"M","M","?","?","T","R","E"],"character_chosen":"IRONCLAD","items_purchased":["Fiend Fire","Whirlwind+1"],"campfire_rested":3,"item_purchase_floors":[5,10],"current_hp_per_floor":[74,75,57,62,62,68,74,74,74,74,74,75,75,75,75,48,68,70,75,75,75,63,63,58,58,58,64,60,75,72,72,75,10,59,49,60,60,50,50,72,0],"gold":184,"neow_bonus":"THREE_ENEMY_KILL","is_prod":false,"is_daily":false,"chose_seed":false,"campfire_upgraded":3,"win_rate":0,"timestamp":1563883114,"path_taken":["M","?","?","?","$","E","?","R","T","$","R","M","?","M","R","BOSS","M","M","$","?","M","R","M","?","T","M","M","R","?","$","R","BOSS","M","?","?","?","?","R","E"],"build_version":"2019-07-17","purchased_purges":2,"victory":false,"max_hp_per_floor":[75,75,75,75,75,75,75,75,75,75,75,75,75,75,75,75,75,75,75,75,75,75,75,75,75,75,75,75,75,75,75,75,75,75,75,75,75,75,75,75,75],"card_choices":[{"not_picked":["Sever Soul","Thunderclap"],"picked":"Shrug It Off","floor":1},{"not_picked":["Havoc","Headbutt"],"picked":"Heavy Blade","floor":2},{"not_picked":["Infernal Blade","Double Tap"],"picked":"Disarm","floor":6},{"not_picked":["Reckless Charge+1","Anger+1"],"picked":"Pommel Strike+1","floor":7},{"not_picked":["Infernal Blade","Uppercut+1"],"picked":"Disarm","floor":12},{"not_picked":["Corruption","Bloodletting"],"picked":"Spot Weakness","floor":14},{"not_picked":["Brutality","Juggernaut"],"picked":"Bludgeon+1","floor":16},{"not_picked":["Cleave+1","Feel No Pain"],"picked":"Uppercut+1","floor":18},{"not_picked":["Headbutt+1","Body Slam+1"],"picked":"Flame Barrier","floor":19},{"not_picked":["Twin Strike+1","Dual Wield"],"picked":"Disarm+1","floor":22},{"not_picked":["Carnage+1","Warcry","Sword Boomerang+1"],"picked":"SKIP","floor":24},{"not_picked":["Havoc","True Grit","Perfected Strike+1"],"picked":"SKIP","floor":27},{"not_picked":["Cleave+1","Clothesline+1","Power Through"],"picked":"SKIP","floor":28},{"not_picked":["Rampage+1","Twin Strike+1"],"picked":"Armaments","floor":30},{"not_picked":["Barricade","Dark Embrace"],"picked":"Reaper+1","floor":33},{"not_picked":["Sword Boomerang+1","Twin Strike+1"],"picked":"Ghostly Armor","floor":35},{"not_picked":["Whirlwind+1","Clash+1"],"picked":"Flame Barrier","floor":36},{"not_picked":["Dark Shackles","Thinking Ahead"],"picked":"Good Instincts","floor":38},{"not_picked":["Secret Weapon","Deep Breath"],"picked":"Mind Blast+1","floor":38},{"not_picked":["Purity","Dark Shackles"],"picked":"Mayhem","floor":38}],"player_experience":589218,"relics_obtained":[{"floor":6,"key":"Molten Egg 2"},{"floor":9,"key":"Anchor"},{"floor":26,"key":"Kunai"}],"event_choices":[{"damage_healed":0,"gold_gain":0,"player_choice":"Success","damage_taken":18,"relics_obtained":["Sundial"],"max_hp_gain":0,"max_hp_loss":0,"event_name":"Scrap Ooze","floor":3,"gold_loss":0},{"cards_removed":["Heavy Blade"],"damage_healed":5,"gold_gain":0,"player_choice":"Offered Common","damage_taken":0,"max_hp_gain":0,"max_hp_loss":0,"event_name":"Bonfire Elementals","floor":4,"gold_loss":0},{"cards_removed":["Heavy Blade"],"damage_healed":5,"gold_gain":0,"player_choice":"Offered Special","damage_taken":0,"max_hp_gain":0,"max_hp_loss":0,"event_name":"Bonfire Elementals","floor":4,"gold_loss":0},{"cards_removed":["Strike_R"],"damage_healed":0,"gold_gain":0,"player_choice":"Purged","damage_taken":0,"max_hp_gain":0,"max_hp_loss":0,"event_name":"Purifier","floor":13,"gold_loss":0},{"damage_healed":0,"gold_gain":0,"player_choice":"Ignored","damage_taken":0,"max_hp_gain":0,"max_hp_loss":0,"event_name":"Vampires","floor":21,"gold_loss":0},{"damage_healed":0,"gold_gain":0,"player_choice":"Bought 1 Potion","damage_taken":0,"max_hp_gain":0,"max_hp_loss":0,"event_name":"The Woman in Blue","floor":25,"gold_loss":0},{"cards_removed":["Brutality"],"damage_healed":0,"gold_gain":0,"player_choice":"Removed Power","damage_taken":0,"max_hp_gain":0,"max_hp_loss":0,"event_name":"Falling","floor":37,"gold_loss":0},{"damage_healed":0,"gold_gain":0,"player_choice":"Memory 3","damage_taken":10,"max_hp_gain":0,"max_hp_loss":0,"event_name":"SensoryStone","floor":38,"gold_loss":0}],"is_beta":false,"boss_relics":[{"not_picked":["Ectoplasm","Lizard Tail"],"picked":"Fusion Hammer"},{"not_picked":["Black Star","Mark of Pain"],"picked":"Pandora\u0027s Box"}],"items_purged_floors":[20,31],"is_endless":false,"potions_floor_spawned":[1,7,18,19,27,30,35],"killed_by":"Giant Head","ascension_level":18}