{"gold_per_floor":[114,114,132,207,48,48,78,94,119,141,153,153,153,187,187,187],"floor_reached":16,"playtime":510,"items_purged":["Strike_G"],"score":266,"play_id":"90f58762-7f47-454e-bc39-50d63ee61243","local_time":"20181128221516","is_ascension_mode":true,"campfire_choices":[{"data":"Malaise","floor":6.0,"key":"SMITH"},{"data":"Cloak And Dagger","floor":15,"key":"SMITH"}],"neow_cost":"NONE","seed_source_timestamp":292444736252121,"circlet_count":0,"master_deck":["AscendersBane","Defend_G","Defend_G","Defend_G","Defend_G","Defend_G","Strike_G","Strike_G","Strike_G+1","Strike_G","Survivor","Neutralize","Skewer+1","Flying Knee+1","Malaise+1","Cloak And Dagger+1","Leg Sweep","Adrenaline","Well Laid Plans","Accuracy"],"special_seed":0,"relics":["Ring of the Snake","NeowsBlessing","PreservedInsect","Whetstone","Happy Flower","Odd Mushroom","Mummified Hand"],"potions_floor_usage":[],"damage_taken":[{"damage":0.0,"enemies":"Jaw Worm","floor":1.0,"turns":1.0},{"damage":0.0,"enemies":"Small Slimes","floor":3.0,"turns":1.0},{"damage":0.0,"enemies":"Lagavulin","floor":7.0,"turns":1.0},{"damage":0.0,"enemies":"2 Louse","floor":8.0,"turns":2.0},{"damage":0.0,"enemies":"The Mushroom Lair","floor":10.0,"turns":5.0},{"damage":0.0,"enemies":"Looter","floor":11.0,"turns":4.0},{"damage":2,"enemies":"3 Sentries","floor":14,"turns":6},{"damage":38,"enemies":"Hexaghost","floor":16,"turns":14}],"seed_played":"6829091660455588175","potions_obtained":[{"floor":3.0,"key":"AttackPotion"},{"floor":7.0,"key":"EssenceOfSteel"}],"is_trial":false,"path_per_floor":["M","?","M","?","$","R","E","M","T","?","M","?","?","E","R","B"],"character_chosen":"THE_SILENT","items_purchased":["Malaise"],"campfire_rested":0,"item_purchase_floors":[5],"current_hp_per_floor":[59,48,48,37,37,37,37,37,37,37,37,37,37,35,35,0],"gold":187,"neow_bonus":"THREE_ENEMY_KILL","is_prod":false,"is_daily":false,"chose_seed":false,"campfire_upgraded":2,"win_rate":0,"timestamp":1543461316,"path_taken":["M","?","M","?","$","R","E","M","T","?","M","?","?","E","R","BOSS"],"build_version":"2018-11-15","purchased_purges":1,"victory":false,"max_hp_per_floor":[66,66,66,66,66,66,66,66,66,66,66,66,66,66,66,66],"card_choices":[{"not_picked":["Acrobatics","Caltrops"],"picked":"Skewer","floor":1.0},{"not_picked":["Escape Plan","PiercingWail"],"picked":"Flying Knee","floor":3.0},{"not_picked":["Slice","Underhanded Strike"],"picked":"Cloak And Dagger","floor":7.0},{"not_picked":["Distraction","Cloak And Dagger"],"picked":"Leg Sweep","floor":8.0},{"not_picked":["Bane","Slice"],"picked":"Adrenaline","floor":10.0},{"not_picked":["Flying Knee","Blur"],"picked":"Well Laid Plans","floor":11.0},{"not_picked":["Escape Plan","Underhanded Strike"],"picked":"Accuracy","floor":14}],"player_experience":1187131,"relics_obtained":[{"floor":7.0,"key":"Whetstone"},{"floor":9.0,"key":"Happy Flower"},{"floor":10.0,"key":"Odd Mushroom"},{"floor":14,"key":"Mummified Hand"}],"event_choices":[{"damage_healed":0.0,"max_hp_gain":0.0,"max_hp_loss":0.0,"gold_gain":0.0,"event_name":"Scrap Ooze","player_choice":"Success","floor":2.0,"gold_loss":0.0,"damage_taken":11.0,"relics_obtained":["PreservedInsect"]},{"damage_healed":0.0,"max_hp_gain":0.0,"max_hp_loss":0.0,"gold_gain":75.0,"event_name":"World of Goop","player_choice":"Gather Gold","floor":4.0,"gold_loss":0.0,"damage_taken":11.0},{"damage_healed":0.0,"max_hp_gain":0.0,"max_hp_loss":0.0,"gold_gain":0.0,"event_name":"Mushrooms","player_choice":"Fought Mushrooms","floor":10.0,"gold_loss":0.0,"damage_taken":0.0},{"damage_healed":0,"gold_gain":0,"player_choice":"Searched \u00270\u0027 times","damage_taken":0,"max_hp_gain":0,"max_hp_loss":0,"event_name":"Dead Adventurer","floor":12,"gold_loss":0},{"damage_healed":0,"gold_gain":0,"player_choice":"Grow","damage_taken":0,"max_hp_gain":0,"max_hp_loss":0,"event_name":"Living Wall","floor":13,"gold_loss":0,"cards_upgraded":["Skewer"]}],"is_beta":false,"boss_relics":[],"items_purged_floors":[5],"is_endless":false,"potions_floor_spawned":[3,7],"killed_by":"Hexaghost","ascension_level":20}