{"gold_per_floor":[115,125,137,8,8,8,8,41,41,67,67,79,79,106,106,106],"floor_reached":16,"playtime":1855,"items_purged":["Strike_R"],"score":236,"play_id":"1ee07d81-c4b7-49e0-bd6e-0b350eb23833","local_time":"20181125151835","is_ascension_mode":true,"campfire_choices":[{"data":"True Grit","floor":6,"key":"SMITH"},{"data":"Immolate","floor":13,"key":"SMITH"},{"data":"True Grit","floor":15,"key":"SMITH"}],"neow_cost":"NONE","seed_source_timestamp":6956352715344,"circlet_count":0,"master_deck":["AscendersBane","Strike_R","Strike_R","Strike_R","Strike_R","Defend_R","Defend_R","Defend_R","Defend_R","Bash","Shrug It Off","Immolate+1","True Grit+1","Shrug It Off","Uppercut","Burning Pact","True Grit+1"],"relics":["Burning Blood","Shovel","Self Forming Clay","Gambling Chip","Vajra","Paper Frog"],"potions_floor_usage":[1,8,16,16,16],"damage_taken":[{"damage":2,"enemies":"Jaw Worm","floor":1,"turns":3},{"damage":5,"enemies":"Small Slimes","floor":2,"turns":5},{"damage":3,"enemies":"2 Louse","floor":3,"turns":3},{"damage":8,"enemies":"Gremlin Nob","floor":8,"turns":3},{"damage":8,"enemies":"3 Sentries","floor":10,"turns":7},{"damage":6,"enemies":"Large Slime","floor":12,"turns":5},{"damage":8,"enemies":"Gremlin Nob","floor":14,"turns":3},{"damage":94,"enemies":"Slime Boss","floor":16,"turns":11}],"seed_played":"-1483171913560677547","potions_obtained":[{"floor":0,"key":"FearPotion"},{"floor":0,"key":"Poison Potion"},{"floor":10,"key":"EssenceOfSteel"},{"floor":12,"key":"EntropicBrew"}],"is_trial":false,"path_per_floor":["M","M","M","$","?","R","?","E","T","E","?","M","R","E","R","B"],"character_chosen":"IRONCLAD","items_purchased":["Shrug It Off"],"campfire_rested":0,"item_purchase_floors":[4],"current_hp_per_floor":[72,73,75,75,80,80,75,73,73,71,71,71,71,69,69,0],"gold":106,"neow_bonus":"THREE_SMALL_POTIONS","is_prod":false,"is_daily":false,"chose_seed":false,"campfire_upgraded":3,"win_rate":0,"timestamp":1543177115,"path_taken":["M","M","M","$","?","R","?","E","T","E","?","M","R","E","R","BOSS"],"build_version":"2018-11-15","purchased_purges":1,"victory":false,"max_hp_per_floor":[75,75,75,75,80,80,80,80,80,80,80,80,80,80,80,80],"card_choices":[{"not_picked":["Cleave","True Grit"],"picked":"Shrug It Off","floor":1},{"not_picked":["Heavy Blade","Anger"],"picked":"Immolate","floor":2},{"not_picked":["Iron Wave","Flex"],"picked":"True Grit","floor":3},{"not_picked":["Thunderclap","Cleave"],"picked":"Uppercut","floor":8},{"not_picked":["Intimidate","Twin Strike"],"picked":"Burning Pact","floor":10},{"not_picked":["Iron Wave","Entrench"],"picked":"True Grit","floor":12},{"not_picked":["Hemokinesis","Sever Soul","Dual Wield"],"picked":"SKIP","floor":14}],"player_experience":1155446,"relics_obtained":[{"floor":8,"key":"Self Forming Clay"},{"floor":9,"key":"Gambling Chip"},{"floor":10,"key":"Vajra"},{"floor":14,"key":"Paper Frog"}],"event_choices":[{"damage_healed":0,"gold_gain":0,"player_choice":"Donut","damage_taken":0,"max_hp_gain":5,"max_hp_loss":0,"event_name":"Big Fish","floor":5,"gold_loss":0},{"damage_healed":0,"gold_gain":0,"player_choice":"Success","damage_taken":5,"relics_obtained":["Shovel"],"max_hp_gain":0,"max_hp_loss":0,"event_name":"Scrap Ooze","floor":7,"gold_loss":0},{"damage_healed":0,"gold_gain":0,"player_choice":"Leave","damage_taken":0,"max_hp_gain":0,"max_hp_loss":0,"event_name":"The Cleric","floor":11,"gold_loss":0}],"is_beta":false,"boss_relics":[],"items_purged_floors":[4],"is_endless":false,"potions_floor_spawned":[10,12,14],"killed_by":"Slime Boss","ascension_level":20}