{"gold_per_floor":[12,12,12,87,108,108,147,147,147,163,181,221,41,6,6,6],"floor_reached":16,"playtime":522,"items_purged":["Strike_R"],"score":189,"play_id":"73df8a91-dee3-4e33-889f-e955cdc3ab32","local_time":"20181020120703","is_ascension_mode":true,"campfire_choices":[{"data":"Shockwave","floor":6,"key":"SMITH"},{"data":"Bash","floor":8,"key":"SMITH"},{"data":"Rage","floor":15,"key":"SMITH"}],"neow_cost":"NO_GOLD","seed_source_timestamp":144021269163506,"circlet_count":0,"master_deck":["Strike_R","Strike_R","Strike_R","Strike_R","Defend_R","Defend_R","Defend_R","Defend_R","Bash+1","AscendersBane","Body Slam+1","Shockwave+1","Iron Wave","Pommel Strike","Dropkick","Rage+1"],"relics":["Burning Blood","Golden Idol","PreservedInsect","Singing Bowl","MawBank"],"potions_floor_usage":[10,16,16],"damage_taken":[{"damage":3,"enemies":"Jaw Worm","floor":1,"turns":5},{"damage":9,"enemies":"2 Louse","floor":5,"turns":3},{"damage":33,"enemies":"Gremlin Nob","floor":7,"turns":5},{"damage":6,"enemies":"Small Slimes","floor":10,"turns":4},{"damage":8,"enemies":"Exordium Wildlife","floor":11,"turns":3},{"damage":10,"enemies":"Lagavulin","floor":12,"turns":7},{"damage":34,"enemies":"Slime Boss","floor":16,"turns":9}],"seed_played":"-7297305450714163911","potions_obtained":[{"floor":7,"key":"SkillPotion"},{"floor":10,"key":"Weak Potion"},{"floor":12,"key":"SpeedPotion"}],"is_trial":false,"path_per_floor":["M","?","?","?","M","R","E","R","T","M","M","E","$","?","R"],"character_chosen":"IRONCLAD","items_purchased":["Dropkick","Rage"],"campfire_rested":0,"item_purchase_floors":[13,13],"current_hp_per_floor":[85,85,54,43,40,40,13,13,13,15,15,11,11,34,34,0],"gold":6,"neow_bonus":"TWENTY_PERCENT_HP_BONUS","is_prod":false,"is_daily":false,"chose_seed":false,"campfire_upgraded":3,"win_rate":0,"timestamp":1540051623,"path_taken":["M","?","?","?","M","R","E","R","T","?","M","E","$","?","R","BOSS"],"build_version":"2018-10-18","purchased_purges":1,"victory":false,"max_hp_per_floor":[89,89,89,89,89,89,89,89,89,91,93,93,93,93,93,93],"card_choices":[{"not_picked":["Twin Strike","Warcry"],"picked":"Body Slam","floor":1},{"not_picked":["Perfected Strike","Havoc"],"picked":"Shockwave","floor":5},{"not_picked":["Anger","Brutality"],"picked":"Iron Wave","floor":7},{"not_picked":["Reckless Charge","Blood for Blood","Corruption"],"picked":"Singing Bowl","floor":10},{"not_picked":["Wild Strike","Shockwave","Iron Wave"],"picked":"Singing Bowl","floor":11},{"not_picked":["Iron Wave","Headbutt"],"picked":"Pommel Strike","floor":12}],"player_experience":939490,"relics_obtained":[{"floor":7,"key":"PreservedInsect"},{"floor":9,"key":"Singing Bowl"},{"floor":12,"key":"MawBank"}],"event_choices":[{"damage_healed":0,"gold_gain":0,"player_choice":"Grow","damage_taken":0,"max_hp_gain":0,"max_hp_loss":0,"event_name":"Living Wall","floor":2,"gold_loss":0,"cards_upgraded":["Body Slam"]},{"damage_healed":0,"gold_gain":0,"player_choice":"Take Damage","damage_taken":31,"relics_obtained":["Golden Idol"],"max_hp_gain":0,"max_hp_loss":0,"event_name":"Golden Idol","floor":3,"gold_loss":0},{"damage_healed":0,"gold_gain":75,"player_choice":"Gather Gold","damage_taken":11,"max_hp_gain":0,"max_hp_loss":0,"event_name":"World of Goop","floor":4,"gold_loss":0},{"damage_healed":23,"gold_gain":0,"player_choice":"Healed","damage_taken":0,"max_hp_gain":0,"max_hp_loss":0,"event_name":"The Cleric","floor":14,"gold_loss":35}],"is_beta":false,"boss_relics":[],"items_purged_floors":[13],"is_endless":false,"potions_floor_spawned":[7,10,12],"killed_by":"Slime Boss","ascension_level":15}