{"gold_per_floor":[109,120,130,49,68,68,101,101,101,101,121,121,131,163,163,240,240,256,171,171,182,26,26,55,84,84,118,132,152,202,215,215,292,292,303,317,337,348,49,49,76,76,103,120,120,120,148,48,48,48,48,48,48,79,79],"floor_reached":56,"playtime":3350,"items_purged":["Strike_G","Strike_G"],"score":2019,"play_id":"2b8f03ad-91ae-4e5b-b248-c2c44088bcff","local_time":"20190715154432","is_ascension_mode":true,"campfire_choices":[{"data":"Footwork","floor":6.0,"key":"SMITH"},{"data":"Neutralize","floor":8.0,"key":"SMITH"},{"data":"Well Laid Plans","floor":10.0,"key":"SMITH"},{"data":"Predator","floor":12.0,"key":"SMITH"},{"data":"Footwork","floor":15.0,"key":"SMITH"},{"floor":23.0,"key":"REST"},{"floor":32,"key":"REST"},{"data":"Noxious Fumes","floor":40,"key":"SMITH"},{"floor":42,"key":"REST"},{"floor":49,"key":"RECALL"},{"floor":52,"key":"REST"}],"neow_cost":"NONE","seed_source_timestamp":507761026059705,"circlet_count":0,"master_deck":["AscendersBane","Strike_G","Strike_G","Defend_G","Defend_G+1","Defend_G","Defend_G+1","Defend_G","Survivor","Neutralize+1","Predator+1","Footwork+1","PiercingWail","Well Laid Plans+1","Backstab","Escape Plan","Deflect","Footwork+1","Dodge and Roll","Corpse Explosion","Distraction+1","Crippling Poison","Calculated Gamble+1","PiercingWail","Deadly Poison","Backflip","PiercingWail+1","Dodge and Roll","Cloak And Dagger+1","Noxious Fumes+1","PiercingWail","Backflip+1","Backflip+1","Catalyst"],"special_seed":0,"relics":["Ring of the Snake","Happy Flower","Lantern","Paper Crane","Runic Dome","Anchor","Centennial Puzzle","Red Mask","Vajra","Sundial","Bronze Scales","Sozu","Oddly Smooth Stone","Bottled Tornado","Juzu Bracelet","War Paint"],"potions_floor_usage":[55,55],"damage_taken":[{"damage":0.0,"enemies":"Cultist","floor":1.0,"turns":5.0},{"damage":0.0,"enemies":"Small Slimes","floor":2.0,"turns":2.0},{"damage":2.0,"enemies":"Jaw Worm","floor":3.0,"turns":4.0},{"damage":3.0,"enemies":"2 Fungi Beasts","floor":5.0,"turns":4.0},{"damage":20.0,"enemies":"Gremlin Nob","floor":7.0,"turns":5.0},{"damage":0.0,"enemies":"Red Slaver","floor":11.0,"turns":3.0},{"damage":2.0,"enemies":"Gremlin Gang","floor":13.0,"turns":5.0},{"damage":2.0,"enemies":"Lagavulin","floor":14.0,"turns":8.0},{"damage":1.0,"enemies":"Slime Boss","floor":16.0,"turns":17.0},{"damage":0.0,"enemies":"Shell Parasite","floor":18.0,"turns":7.0},{"damage":27.0,"enemies":"Chosen","floor":21.0,"turns":7.0},{"damage":0.0,"enemies":"Masked Bandits","floor":24.0,"turns":2.0},{"damage":1.0,"enemies":"Gremlin Leader","floor":25.0,"turns":11.0},{"damage":20.0,"enemies":"Slavers","floor":27.0,"turns":5.0},{"damage":0.0,"enemies":"Shelled Parasite and Fungi","floor":28.0,"turns":5.0},{"damage":0.0,"enemies":"Snake Plant","floor":29.0,"turns":4.0},{"damage":11,"enemies":"Sentry and Sphere","floor":31,"turns":4},{"damage":21,"enemies":"Collector","floor":33,"turns":8},{"damage":0,"enemies":"Orb Walker","floor":35,"turns":3},{"damage":8,"enemies":"3 Darklings","floor":36,"turns":4},{"damage":0,"enemies":"4 Shapes","floor":37,"turns":6},{"damage":10,"enemies":"Transient","floor":38,"turns":5},{"damage":35,"enemies":"Reptomancer","floor":41,"turns":8},{"damage":2,"enemies":"Spire Growth","floor":44,"turns":7},{"damage":0,"enemies":"Nemesis","floor":47,"turns":7},{"damage":5,"enemies":"Donu and Deca","floor":50,"turns":10},{"damage":15,"enemies":"Shield and Spear","floor":54,"turns":7},{"damage":9,"enemies":"The Heart","floor":55,"turns":14}],"seed_played":"-1117336160808765217","potions_obtained":[{"floor":2.0,"key":"Dexterity Potion"},{"floor":3.0,"key":"SteroidPotion"},{"floor":11.0,"key":"Block Potion"},{"floor":13.0,"key":"Strength Potion"},{"floor":25.0,"key":"PowerPotion"},{"floor":31,"key":"Ancient Potion"}],"is_trial":false,"path_per_floor":["M","M","M","$","M","R","E","R","T","R","M","R","M","E","R","B",null,"M","?","?","M","$","R","?","E","T","E","M","M","?","M","R","B",null,"M","M","M","M","$","R","E","R","T","M","?","?","E","$","R","B",null,"R","$","E","B",null],"character_chosen":"THE_SILENT","items_purchased":["Well Laid Plans","Centennial Puzzle","Oddly Smooth Stone","Noxious Fumes"],"campfire_rested":4,"item_purchase_floors":[4,22,39,39],"current_hp_per_floor":[65,65,63,63,60,60,40,40,40,40,40,40,38,36,36,35,63,63,63,63,36,36,57,57,56,56,36,36,36,29,18,39,18,59,59,51,51,41,41,41,6,27,27,25,25,25,25,25,25,20,56,68,68,53,44],"gold":79,"neow_bonus":"TEN_PERCENT_HP_BONUS","is_prod":false,"is_daily":false,"chose_seed":false,"campfire_upgraded":6,"win_rate":0,"timestamp":1563219872,"path_taken":["M","M","?","$","M","R","E","R","T","R","M","R","M","E","R","BOSS","M","?","?","M","$","R","?","E","T","E","M","M","?","?","R","BOSS","M","?","M","M","$","R","E","R","T","M","?","?","E","$","R","BOSS","R","$","E","BOSS"],"build_version":"2019-07-05","purchased_purges":2,"victory":true,"max_hp_per_floor":[72,72,72,72,72,72,72,72,72,72,72,72,72,72,72,72,72,72,72,72,72,72,72,72,72,72,72,72,72,72,72,72,72,72,72,72,72,72,72,72,72,72,72,72,68,68,68,68,68,68,68,68,68,68,68],"card_choices":[{"not_picked":["Flying Knee","Underhanded Strike"],"picked":"Predator","floor":1.0},{"not_picked":["Caltrops","PiercingWail"],"picked":"Footwork","floor":2.0},{"not_picked":["Underhanded Strike","Eviscerate"],"picked":"PiercingWail","floor":3.0},{"not_picked":["Bane","Masterful Stab"],"picked":"Backstab","floor":5.0},{"not_picked":["Acrobatics","Distraction"],"picked":"Escape Plan","floor":7.0},{"not_picked":["Endless Agony","Blade Dance"],"picked":"Deflect","floor":11.0},{"not_picked":["Crippling Poison","Tactician"],"picked":"Footwork","floor":13.0},{"not_picked":["Cloak And Dagger","Poisoned Stab"],"picked":"Dodge and Roll","floor":14.0},{"not_picked":["Bullet Time","Malaise"],"picked":"Corpse Explosion","floor":16.0},{"not_picked":["Outmaneuver","Terror"],"picked":"Distraction+1","floor":18.0},{"not_picked":["Deadly Poison","Outmaneuver"],"picked":"Calculated Gamble+1","floor":21.0},{"not_picked":["Blade Dance","Sucker Punch"],"picked":"PiercingWail","floor":24.0},{"not_picked":["Accuracy","Sucker Punch","Bane"],"picked":"SKIP","floor":25.0},{"not_picked":["Caltrops","Endless Agony"],"picked":"Deadly Poison","floor":27.0},{"not_picked":["Prepared","Endless Agony"],"picked":"Backflip","floor":28.0},{"not_picked":["Outmaneuver","Quick Slash","Sucker Punch"],"picked":"SKIP","floor":29.0},{"not_picked":["Prepared","Blade Dance","Cloak And Dagger"],"picked":"SKIP","floor":31},{"not_picked":["Quick Slash","Sucker Punch+1"],"picked":"PiercingWail+1","floor":35},{"not_picked":["Quick Slash","All Out Attack"],"picked":"Dodge and Roll","floor":36},{"not_picked":["Dodge and Roll","Infinite Blades+1","Dagger Throw"],"picked":"SKIP","floor":37},{"not_picked":["Eviscerate+1","Bouncing Flask"],"picked":"Cloak And Dagger+1","floor":38},{"not_picked":["Caltrops","Skewer"],"picked":"PiercingWail","floor":41},{"not_picked":["Accuracy","Dagger Spray"],"picked":"Backflip+1","floor":44},{"not_picked":["Bane","Heel Hook"],"picked":"Backflip+1","floor":47},{"not_picked":["Setup","Storm of Steel"],"picked":"Catalyst","floor":54}],"player_experience":1499874,"relics_obtained":[{"floor":7.0,"key":"Happy Flower"},{"floor":9.0,"key":"Lantern"},{"floor":14.0,"key":"Paper Crane"},{"floor":24.0,"key":"Red Mask"},{"floor":25.0,"key":"Vajra"},{"floor":26.0,"key":"Sundial"},{"floor":27.0,"key":"Bronze Scales"},{"floor":41,"key":"Bottled Tornado"},{"floor":47,"key":"Juzu Bracelet"},{"floor":54,"key":"War Paint"}],"event_choices":[{"damage_healed":0.0,"max_hp_gain":0.0,"max_hp_loss":0.0,"gold_gain":0.0,"event_name":"Addict","player_choice":"Obtained Relic","floor":19.0,"gold_loss":85.0,"damage_taken":0.0,"relics_obtained":["Anchor"]},{"damage_healed":0.0,"max_hp_gain":0.0,"max_hp_loss":0.0,"gold_gain":0.0,"event_name":"The Library","player_choice":"Read","floor":20.0,"gold_loss":0.0,"damage_taken":0.0,"cards_obtained":["Crippling Poison"]},{"damage_healed":0.0,"max_hp_gain":0.0,"max_hp_loss":0.0,"gold_gain":0.0,"event_name":"Masked Bandits","player_choice":"Fought Bandits","floor":24.0,"gold_loss":0.0,"damage_taken":0.0},{"damage_healed":0,"gold_gain":50,"player_choice":"Touch","damage_taken":7,"max_hp_gain":0,"max_hp_loss":0,"event_name":"FaceTrader","floor":30,"gold_loss":0},{"damage_healed":0,"gold_gain":0,"player_choice":"Max HP","damage_taken":0,"max_hp_gain":0,"max_hp_loss":4,"event_name":"Winding Halls","floor":45,"gold_loss":0},{"cards_removed":["Strike_G"],"damage_healed":0,"gold_gain":0,"player_choice":"Removed Attack","damage_taken":0,"max_hp_gain":0,"max_hp_loss":0,"event_name":"Falling","floor":46,"gold_loss":0}],"is_beta":false,"boss_relics":[{"not_picked":["WristBlade","White Beast Statue"],"picked":"Runic Dome"},{"not_picked":["Coffee Dripper","Busted Crown"],"picked":"Sozu"}],"items_purged_floors":[39,48],"is_endless":false,"potions_floor_spawned":[2,3,11,13,18,21,25,31,36,38,47,54],"ascension_level":15}