{"gold_per_floor":[115,115,115,170,95,95,124,124,169,169,202,215,231,256,256,256],"floor_reached":16,"playtime":437,"items_purged":[],"score":332,"play_id":"b8ef4a84-6281-4b16-84ab-38b6117530a6","local_time":"20190711180505","is_ascension_mode":true,"campfire_choices":[{"data":"Iron Wave","floor":6,"key":"SMITH"},{"floor":8,"key":"RECALL"},{"data":"Spot Weakness","floor":10,"key":"SMITH"},{"data":"Armaments","floor":15,"key":"SMITH"}],"neow_cost":"NONE","seed_source_timestamp":173526170818042,"circlet_count":0,"master_deck":["AscendersBane","Strike_R","Strike_R","Strike_R","Defend_R+1","Defend_R","Defend_R","Defend_R","Bash+1","Iron Wave+1","Spot Weakness+1","Armaments+1","Headbutt","Corruption","Shrug It Off"],"relics":["Burning Blood","NeowsBlessing","Potion Belt","Paper Frog","Lantern","Oddly Smooth Stone","Bag of Marbles"],"potions_floor_usage":[16],"damage_taken":[{"damage":0,"enemies":"Jaw Worm","floor":1,"turns":1},{"damage":0,"enemies":"Lagavulin","floor":7,"turns":1},{"damage":0,"enemies":"Gremlin Nob","floor":11,"turns":1},{"damage":0,"enemies":"2 Louse","floor":12,"turns":5},{"damage":0,"enemies":"Small Slimes","floor":13,"turns":3},{"damage":23,"enemies":"Lagavulin","floor":14,"turns":6},{"damage":58,"enemies":"Slime Boss","floor":16,"turns":9}],"seed_played":"-7041102995058723182","potions_obtained":[{"floor":11,"key":"GamblersBrew"},{"floor":12,"key":"Energy Potion"},{"floor":14,"key":"SteroidPotion"}],"is_trial":false,"path_per_floor":["M","?","?","T","?","R","E","R","T","R","E","M","M","E","R","B"],"character_chosen":"IRONCLAD","items_purchased":[],"campfire_rested":0,"item_purchase_floors":[],"current_hp_per_floor":[74,67,44,44,44,44,50,50,50,50,56,62,68,51,51,0],"gold":256,"neow_bonus":"THREE_ENEMY_KILL","is_prod":false,"is_daily":false,"chose_seed":false,"campfire_upgraded":3,"win_rate":0,"timestamp":1562882705,"path_taken":["M","?","?","?","?","R","E","R","T","R","E","M","?","E","R","BOSS"],"build_version":"2019-07-05","purchased_purges":0,"victory":false,"max_hp_per_floor":[75,75,75,75,75,75,75,75,75,75,75,75,75,75,75,75],"card_choices":[{"not_picked":["Flex","Entrench"],"picked":"Iron Wave","floor":1},{"not_picked":["Havoc","Carnage"],"picked":"Spot Weakness","floor":7},{"not_picked":["Dark Embrace","Clash"],"picked":"Armaments","floor":11},{"not_picked":["Intimidate","Clash"],"picked":"Headbutt","floor":12},{"not_picked":["True Grit","Havoc"],"picked":"Corruption","floor":13},{"not_picked":["Flex","Anger"],"picked":"Shrug It Off","floor":14}],"player_experience":1466812,"relics_obtained":[{"floor":4,"key":"Potion Belt"},{"floor":7,"key":"Paper Frog"},{"floor":9,"key":"Lantern"},{"floor":11,"key":"Oddly Smooth Stone"},{"floor":14,"key":"Bag of Marbles"}],"event_choices":[{"cards_removed":["Strike_R"],"damage_healed":0,"gold_gain":0,"player_choice":"Card Removal","damage_taken":7,"max_hp_gain":0,"max_hp_loss":0,"event_name":"Golden Wing","floor":2,"gold_loss":0},{"damage_healed":0,"gold_gain":0,"player_choice":"Entered Light","damage_taken":23,"max_hp_gain":0,"max_hp_loss":0,"event_name":"Shining Light","floor":3,"gold_loss":0,"cards_upgraded":["Defend_R","Bash"]},{"cards_removed":["Strike_R"],"damage_healed":0,"gold_gain":0,"player_choice":"Card Removal","damage_taken":0,"max_hp_gain":0,"max_hp_loss":0,"event_name":"The Cleric","floor":5,"gold_loss":75}],"is_beta":false,"boss_relics":[],"items_purged_floors":[],"is_endless":false,"potions_floor_spawned":[11,12,14],"killed_by":"Slime Boss","ascension_level":20}