{"gold_per_floor":[114,132,142,92,105,105,30,59,59,69,69,69,79,79,79,79],"floor_reached":16,"playtime":392,"items_purged":["Defend_R"],"score":102,"play_id":"2a9b9e30-074f-4501-a59f-93ad3f669ffe","local_time":"20180803193000","is_ascension_mode":false,"campfire_choices":[{"data":"Bash","floor":6,"key":"SMITH"},{"data":"Rage","floor":12,"key":"SMITH"},{"data":"Thunderclap","floor":15,"key":"SMITH"}],"neow_cost":"NONE","seed_source_timestamp":197207662295414,"circlet_count":0,"master_deck":["Strike_R","Strike_R","Strike_R","Strike_R","Defend_R","Defend_R","Defend_R","Bash+1","Rage+1","Thunderclap+1"],"relics":["Burning Blood","Anchor","Strawberry"],"potions_floor_usage":[5],"damage_taken":[{"damage":5,"enemies":"Cultist","floor":1,"turns":4},{"damage":8,"enemies":"Small Slimes","floor":2,"turns":3},{"damage":9,"enemies":"Jaw Worm","floor":3,"turns":5},{"damage":8,"enemies":"Red Slaver","floor":5,"turns":4},{"damage":32,"enemies":"3 Sentries","floor":8,"turns":11},{"damage":0,"enemies":"3 Louse","floor":10,"turns":5},{"damage":0,"enemies":"2 Fungi Beasts","floor":13,"turns":4},{"damage":0,"enemies":"Slime Boss","floor":16,"turns":1}],"seed_played":"4730434443116344059","potions_obtained":[{"floor":2,"key":"Poison Potion"},{"floor":5,"key":"Dexterity Potion"},{"floor":8,"key":"Energy Potion"}],"is_trial":false,"path_per_floor":["M","M","M","?","M","R","$","E","T","M","$","R","M","?","R"],"character_chosen":"IRONCLAD","items_purchased":[],"campfire_rested":0,"item_purchase_floors":[],"current_hp_per_floor":[80,78,75,75,73,73,73,47,54,60,60,60,66,71,71,71],"gold":79,"neow_bonus":"THREE_CARDS","is_prod":false,"is_daily":false,"chose_seed":false,"campfire_upgraded":3,"win_rate":0,"timestamp":1533339000,"path_taken":["M","?","M","?","M","R","$","E","T","M","$","R","?","?","R","BOSS"],"build_version":"2018-08-02","purchased_purges":1,"victory":false,"max_hp_per_floor":[80,80,80,80,80,80,80,80,87,87,87,87,87,92,92,92],"card_choices":[{"not_picked":["Warcry","Iron Wave","Clash"],"picked":"SKIP","floor":1},{"not_picked":["Cleave","Warcry","Burning Pact"],"picked":"SKIP","floor":2},{"not_picked":["Iron Wave","True Grit","Sever Soul"],"picked":"SKIP","floor":3},{"not_picked":["Anger","Havoc"],"picked":"Rage","floor":5},{"not_picked":["Havoc","Offering","Clash"],"picked":"SKIP","floor":8},{"not_picked":["Shockwave","Twin Strike","Headbutt"],"picked":"SKIP","floor":10},{"not_picked":["Wild Strike","Warcry"],"picked":"Thunderclap","floor":13}],"player_experience":434780,"relics_obtained":[{"floor":8,"key":"Anchor"},{"floor":9,"key":"Strawberry"}],"event_choices":[{"event_name":"The Cleric","player_choice":"Card Removal","floor":4,"damage_taken":0},{"event_name":"Big Fish","player_choice":"Donut","floor":14,"damage_taken":0}],"is_beta":false,"boss_relics":[],"items_purged_floors":[7],"is_endless":false,"potions_floor_spawned":[2,5,8],"killed_by":"Slime Boss","ascension_level":0}