{"gold_per_floor":[115,134,134,134,150,188,188,208,208,223,244,264,305,320,320,445,445,470,494,507,507,522,553,553,553],"floor_reached":25,"playtime":1811,"items_purged":[],"score":239,"play_id":"8107a95d-dd1f-4700-8e75-0e924d752852","local_time":"20180714141637","is_ascension_mode":false,"campfire_choices":[{"data":"Iron Wave","floor":7,"key":"SMITH"},{"data":"Iron Wave","floor":15,"key":"SMITH"},{"floor":24,"key":"REST"}],"neow_cost":"NONE","seed_source_timestamp":240252032355643,"circlet_count":0,"master_deck":["Strike_R","Strike_R","Strike_R","Strike_R","Strike_R","Defend_R","Defend_R","Defend_R","Bash","Warcry","Pommel Strike","Clash","Iron Wave+1","Iron Wave+1","Cleave","Warcry","Anger","Demon Form","Infernal Blade+1","Heavy Blade","Anger+1","Body Slam","Double Tap"],"relics":["Burning Blood","Golden Idol","Centennial Puzzle","Darkstone Periapt","Meat on the Bone","Sozu","Sundial"],"potions_floor_usage":[6,12,16,16,16],"damage_taken":[{"damage":9,"enemies":"2 Louse","floor":1,"turns":2},{"damage":7,"enemies":"Jaw Worm","floor":2,"turns":5},{"damage":2,"enemies":"Small Slimes","floor":5,"turns":3},{"damage":19,"enemies":"3 Sentries","floor":6,"turns":10},{"damage":0,"enemies":"3 Louse","floor":8,"turns":4},{"damage":0,"enemies":"Exordium Wildlife","floor":10,"turns":3},{"damage":4,"enemies":"Gremlin Gang","floor":11,"turns":3},{"damage":14,"enemies":"Exordium Thugs","floor":12,"turns":5},{"damage":3,"enemies":"Gremlin Nob","floor":13,"turns":4},{"damage":3,"enemies":"Lots of Slimes","floor":14,"turns":4},{"damage":43,"enemies":"Hexaghost","floor":16,"turns":9},{"damage":15,"enemies":"Chosen","floor":18,"turns":4},{"damage":5,"enemies":"Spheric Guardian","floor":19,"turns":3},{"damage":7,"enemies":"Snecko","floor":20,"turns":4},{"damage":33,"enemies":"Snake Plant","floor":22,"turns":5},{"damage":46,"enemies":"Slavers","floor":23,"turns":6},{"damage":50,"enemies":"Book of Stabbing","floor":25,"turns":5}],"seed_played":"-9118352868778566594","potions_obtained":[{"floor":5,"key":"EssenceOfSteel"},{"floor":6,"key":"Energy Potion"},{"floor":10,"key":"Regen Potion"},{"floor":11,"key":"Swift Potion"},{"floor":14,"key":"SteroidPotion"}],"is_trial":false,"path_per_floor":["M","M","?","?","M","E","R","M","T","M","M","M","E","M","R","B",null,"M","M","M","?","M","E","R"],"character_chosen":"IRONCLAD","items_purchased":[],"campfire_rested":1,"item_purchase_floors":[],"current_hp_per_floor":[77,76,81,60,64,51,51,57,57,63,65,66,69,72,72,47,85,76,77,76,76,49,21,46,0],"gold":553,"neow_bonus":"REMOVE_CARD","is_prod":false,"is_daily":false,"chose_seed":false,"campfire_upgraded":2,"win_rate":0,"timestamp":1531592197,"path_taken":["M","M","?","?","M","E","R","M","T","M","M","M","E","M","R","BOSS","M","M","?","?","M","E","R","E"],"build_version":"2018-07-12","purchased_purges":0,"victory":false,"max_hp_per_floor":[80,80,85,85,85,85,85,85,85,85,85,85,85,85,85,85,85,85,85,85,85,85,85,85,85],"card_choices":[{"not_picked":["Heavy Blade","Pommel Strike"],"picked":"Warcry","floor":1},{"not_picked":["Wild Strike","Disarm"],"picked":"Pommel Strike","floor":2},{"not_picked":["Clothesline","Cleave"],"picked":"Clash","floor":5},{"not_picked":["Corruption","Flame Barrier"],"picked":"Iron Wave","floor":6},{"not_picked":["Cleave","Clash"],"picked":"Iron Wave","floor":8},{"not_picked":["True Grit","Fiend Fire"],"picked":"Cleave","floor":10},{"not_picked":["Cleave","Thunderclap"],"picked":"Warcry","floor":11},{"not_picked":["Shrug It Off","Feel No Pain"],"picked":"Anger","floor":12},{"not_picked":["Second Wind","Disarm"],"picked":"Anger","floor":13},{"not_picked":["Evolve","Carnage","Heavy Blade"],"picked":"SKIP","floor":14},{"not_picked":["Berserk","Brutality"],"picked":"Demon Form","floor":16},{"not_picked":["Heavy Blade","Blood for Blood"],"picked":"Infernal Blade+1","floor":18},{"not_picked":["True Grit+1","Power Through"],"picked":"Heavy Blade","floor":19},{"not_picked":["Clothesline","Pommel Strike"],"picked":"Anger+1","floor":20},{"not_picked":["Sever Soul","Clothesline"],"picked":"Body Slam","floor":22},{"not_picked":["Headbutt","True Grit"],"picked":"Double Tap","floor":23}],"player_experience":59839,"relics_obtained":[{"floor":6,"key":"Centennial Puzzle"},{"floor":9,"key":"Darkstone Periapt"},{"floor":13,"key":"Meat on the Bone"},{"floor":23,"key":"Sundial"}],"event_choices":[{"event_name":"Big Fish","player_choice":"Donut","floor":3,"damage_taken":0},{"event_name":"Golden Idol","player_choice":"Take Damage","floor":4,"damage_taken":0},{"event_name":"Purifier","player_choice":"One Purge","floor":21,"damage_taken":0}],"boss_relics":[{"not_picked":["Runic Dome","Busted Crown"],"picked":"Sozu"}],"items_purged_floors":[],"is_endless":false,"potions_floor_spawned":[5,6,10,11,14,18,20],"killed_by":"Book of Stabbing","ascension_level":0}