{"gold_per_floor":[111,29,29,29,41,72,72,83,151,151,176,176,142,160,160,160],"floor_reached":16,"playtime":2062,"items_purged":[],"score":100,"play_id":"6331d9ba-f5d1-4ba2-9e41-e1d622875013","local_time":"20190613125944","is_ascension_mode":false,"campfire_choices":[{"floor":12,"key":"REST"},{"data":"Armaments","floor":15,"key":"SMITH"}],"neow_cost":"NONE","seed_source_timestamp":43706642052111,"circlet_count":0,"master_deck":["Strike_R","Strike_R","Strike_R","Strike_R","Defend_R","Defend_R","Defend_R+1","Bash","Warcry+1","Metallicize+1","Regret","Cleave","Clothesline+1","Armaments+1","Injury","True Grit","Metallicize","Disarm"],"relics":["Empty Cage","War Paint","Torii","Molten Egg 2","Bottled Lightning","Golden Idol"],"potions_floor_usage":[11,16],"damage_taken":[{"damage":6,"enemies":"Jaw Worm","floor":1,"turns":3},{"damage":11,"enemies":"Small Slimes","floor":5,"turns":7},{"damage":44,"enemies":"3 Sentries","floor":6,"turns":10},{"damage":3,"enemies":"2 Louse","floor":8,"turns":3},{"damage":17,"enemies":"Exordium Thugs","floor":11,"turns":5},{"damage":2,"enemies":"2 Fungi Beasts","floor":14,"turns":4},{"damage":30,"enemies":"The Guardian","floor":16,"turns":14}],"seed_played":"4503987165455137603","potions_obtained":[{"floor":8,"key":"Regen Potion"},{"floor":14,"key":"PowerPotion"}],"is_trial":false,"path_per_floor":["M","$","?","?","M","E","?","M","T","?","M","R","$","M","R","B"],"character_chosen":"IRONCLAD","items_purchased":["Metallicize","Metallicize"],"campfire_rested":1,"item_purchase_floors":[2,13],"current_hp_per_floor":[74,74,67,67,56,12,12,9,9,9,6,30,30,28,28,0],"gold":160,"neow_bonus":"BOSS_RELIC","is_prod":false,"is_daily":false,"chose_seed":false,"campfire_upgraded":1,"win_rate":0.0,"timestamp":1560423584,"path_taken":["M","$","?","?","M","E","?","?","T","?","M","R","$","M","R","BOSS"],"build_version":"2019-01-23","purchased_purges":0,"victory":false,"max_hp_per_floor":[80,80,80,80,80,80,80,80,80,80,80,80,80,80,80,80],"card_choices":[{"not_picked":["Clash","True Grit"],"picked":"Warcry","floor":1},{"not_picked":["Flex","True Grit"],"picked":"Cleave","floor":5},{"not_picked":["Clash","Dark Embrace"],"picked":"Clothesline","floor":6},{"not_picked":["Whirlwind+1","Thunderclap+1"],"picked":"Armaments","floor":8},{"not_picked":["Warcry","Armaments"],"picked":"True Grit","floor":11},{"not_picked":["Shrug It Off","Clothesline+1"],"picked":"Disarm","floor":14}],"player_experience":13532,"relics_obtained":[{"floor":6,"key":"Molten Egg 2"},{"floor":9,"key":"Bottled Lightning"}],"event_choices":[{"damage_healed":0,"gold_gain":0,"player_choice":"Success","damage_taken":7,"relics_obtained":["War Paint"],"max_hp_gain":0,"max_hp_loss":0,"event_name":"Scrap Ooze","floor":3,"gold_loss":0},{"damage_healed":0,"gold_gain":0,"player_choice":"Box","damage_taken":0,"relics_obtained":["Torii"],"max_hp_gain":0,"max_hp_loss":0,"event_name":"Big Fish","floor":4,"gold_loss":0,"cards_obtained":["Regret"]},{"damage_healed":0,"gold_gain":0,"player_choice":"Upgraded","damage_taken":0,"max_hp_gain":0,"max_hp_loss":0,"event_name":"Upgrade Shrine","floor":7,"gold_loss":0,"cards_upgraded":["Metallicize"]},{"damage_healed":0,"gold_gain":0,"player_choice":"Take Wound","damage_taken":0,"relics_obtained":["Golden Idol"],"max_hp_gain":0,"max_hp_loss":0,"event_name":"Golden Idol","floor":10,"gold_loss":0,"cards_obtained":["Injury"]}],"is_beta":false,"boss_relics":[],"items_purged_floors":[],"is_endless":false,"potions_floor_spawned":[8,14],"killed_by":"The Guardian","ascension_level":0}