{"gold_per_floor":[110,8,24,24,24,24,89,89,89,103,103,103,122,141,141,141],"floor_reached":16,"playtime":525,"items_purged":[],"score":158,"play_id":"110a4ba6-693e-46cd-831c-fe21c68101de","local_time":"20181011113531","is_ascension_mode":true,"campfire_choices":[{"data":"Neutralize","floor":6,"key":"SMITH"},{"data":"Noxious Fumes","floor":8,"key":"SMITH"},{"data":"Sucker Punch","floor":12,"key":"SMITH"},{"data":"Terror","floor":15,"key":"SMITH"}],"neow_cost":"NONE","seed_source_timestamp":73422655943718,"circlet_count":0,"master_deck":["Defend_G","Defend_G","Defend_G","Defend_G","Defend_G","Strike_G","Strike_G","Strike_G","Strike_G","Survivor","Neutralize+1","AscendersBane","All Out Attack","Sucker Punch+1","Well Laid Plans","Noxious Fumes+1","Terror+1","Dodge and Roll","Backflip"],"relics":["Ring of the Snake","Dream Catcher","Centennial Puzzle","Pantograph"],"potions_floor_usage":[7,16],"damage_taken":[{"damage":0,"enemies":"Cultist","floor":1,"turns":5},{"damage":1,"enemies":"Small Slimes","floor":3,"turns":3},{"damage":33,"enemies":"Lagavulin Event","floor":7,"turns":7},{"damage":13,"enemies":"2 Louse","floor":10,"turns":2},{"damage":1,"enemies":"Large Slime","floor":13,"turns":4},{"damage":1,"enemies":"Blue Slaver","floor":14,"turns":5},{"damage":33,"enemies":"Slime Boss","floor":16,"turns":9}],"seed_played":"4331045356833283076","potions_obtained":[{"floor":1,"key":"PowerPotion"},{"floor":13,"key":"GamblersBrew"}],"is_trial":false,"path_per_floor":["M","$","M","$","?","R","?","R","T","M","?","R","M","M","R"],"character_chosen":"THE_SILENT","items_purchased":["Sucker Punch","Well Laid Plans"],"campfire_rested":0,"item_purchase_floors":[2,2],"current_hp_per_floor":[59,59,58,58,63,63,30,30,30,17,10,10,9,8,8,0],"gold":141,"neow_bonus":"RANDOM_COMMON_RELIC","is_prod":false,"is_daily":false,"chose_seed":false,"campfire_upgraded":4,"win_rate":0,"timestamp":1539272131,"path_taken":["M","?","M","$","?","R","?","R","T","?","?","R","?","?","R","BOSS"],"build_version":"2018-10-04v2","purchased_purges":0,"victory":false,"max_hp_per_floor":[66,66,66,66,71,71,71,71,71,71,71,71,71,71,71,71],"card_choices":[{"not_picked":["Accuracy","Blade Dance"],"picked":"All Out Attack","floor":1},{"not_picked":["Dodge and Roll","Skewer"],"picked":"Noxious Fumes","floor":3},{"not_picked":["Underhanded Strike","Well Laid Plans"],"picked":"Terror","floor":7},{"not_picked":["Outmaneuver","Sucker Punch"],"picked":"Dodge and Roll","floor":10},{"not_picked":["Slice","Quick Slash"],"picked":"Backflip","floor":13},{"not_picked":["Blade Dance","Deflect","Well Laid Plans"],"picked":"SKIP","floor":14}],"player_experience":849698,"relics_obtained":[{"floor":7,"key":"Centennial Puzzle"},{"floor":9,"key":"Pantograph"}],"event_choices":[{"event_name":"Big Fish","player_choice":"Donut","floor":5,"damage_taken":0},{"event_name":"Dead Adventurer","player_choice":"Searched \u00271\u0027 times","floor":7,"damage_taken":0},{"event_name":"Golden Wing","player_choice":"Card Removal","floor":11,"damage_taken":0}],"is_beta":false,"boss_relics":[],"items_purged_floors":[],"is_endless":false,"potions_floor_spawned":[1,13],"killed_by":"Slime Boss","ascension_level":15}