{"gold_per_floor":[14,189,209,209,99,99,72,72,95,95,114,114,140,157,157,157],"floor_reached":16,"playtime":1246,"items_purged":["Doubt"],"score":113,"play_id":"9f8cce6e-b4f4-40e9-9a91-6f73ba700a6b","local_time":"20190428093714","is_ascension_mode":true,"campfire_choices":[{"data":"Leg Sweep","floor":6,"key":"SMITH"},{"data":"Survivor","floor":8,"key":"SMITH"},{"data":"Cloak And Dagger","floor":10,"key":"SMITH"},{"data":"Cloak And Dagger","floor":15,"key":"SMITH"}],"neow_cost":"NO_GOLD","seed_source_timestamp":69458223969728,"circlet_count":0,"master_deck":["Defend_G","Defend_G","Defend_G","Defend_G","Strike_G","Strike_G","Strike_G","Strike_G","Survivor+1","Neutralize","Cloak And Dagger+1","Leg Sweep+1","Cloak And Dagger+1","PiercingWail","Backflip"],"relics":["Ring of the Snake","Strawberry","FossilizedHelix"],"potions_floor_usage":[13,14,16,16],"damage_taken":[{"damage":0,"enemies":"Jaw Worm","floor":1,"turns":5},{"damage":4,"enemies":"Small Slimes","floor":3,"turns":4},{"damage":0,"enemies":"Cultist","floor":11,"turns":3},{"damage":10,"enemies":"3 Sentries","floor":13,"turns":13},{"damage":0,"enemies":"Looter","floor":14,"turns":4},{"damage":79,"enemies":"Hexaghost","floor":16,"turns":22}],"seed_played":"4892198254365454329","potions_obtained":[{"floor":3,"key":"AttackPotion"},{"floor":11,"key":"SkillPotion"},{"floor":12,"key":"GamblersBrew"},{"floor":12,"key":"GamblersBrew"},{"floor":14,"key":"Regen Potion"}],"is_trial":false,"path_per_floor":["M","?","M","?","$","R","$","R","T","R","M","?","E","M","R","B"],"character_chosen":"THE_SILENT","items_purchased":["Leg Sweep","Cloak And Dagger"],"campfire_rested":0,"item_purchase_floors":[5,7],"current_hp_per_floor":[70,70,66,66,66,66,66,66,73,73,73,73,63,63,63,0],"gold":157,"neow_bonus":"REMOVE_TWO","is_prod":false,"is_daily":false,"chose_seed":false,"campfire_upgraded":4,"win_rate":0,"timestamp":1556458634,"path_taken":["M","?","M","?","$","R","$","R","T","R","?","?","E","M","R","BOSS"],"build_version":"2019-01-23","purchased_purges":1,"victory":false,"max_hp_per_floor":[70,70,70,70,70,70,70,70,77,77,77,77,77,77,77,77],"card_choices":[{"not_picked":["Crippling Poison","Deflect"],"picked":"Cloak And Dagger","floor":1},{"not_picked":["Riddle With Holes","Reflex","Endless Agony"],"picked":"SKIP","floor":3},{"not_picked":["Outmaneuver","Dagger Spray","Slice"],"picked":"SKIP","floor":11},{"not_picked":["Sucker Punch","Calculated Gamble"],"picked":"PiercingWail","floor":13},{"not_picked":["Concentrate","Finisher"],"picked":"Backflip","floor":14}],"player_experience":180034,"relics_obtained":[{"floor":9,"key":"Strawberry"},{"floor":13,"key":"FossilizedHelix"}],"event_choices":[{"damage_healed":0,"gold_gain":175,"player_choice":"AGREE","damage_taken":0,"max_hp_gain":0,"max_hp_loss":0,"event_name":"Liars Game","floor":2,"gold_loss":0,"cards_obtained":["Doubt"]},{"damage_healed":0,"gold_gain":0,"player_choice":"Bought 0 Potions","damage_taken":0,"max_hp_gain":0,"max_hp_loss":0,"event_name":"The Woman in Blue","floor":4,"gold_loss":0},{"damage_healed":0,"gold_gain":0,"player_choice":"Got Potions","damage_taken":0,"max_hp_gain":0,"max_hp_loss":0,"event_name":"Lab","floor":12,"gold_loss":0}],"is_beta":false,"boss_relics":[],"items_purged_floors":[5],"is_endless":false,"potions_floor_spawned":[3,11,14],"killed_by":"Hexaghost","ascension_level":3}