{"gold_per_floor":[112,112,132,147,147,182,182,193,217,292,325,8,8,21,21,123,123,133,151,151,165,178,178,193,193,218,128,147,163,163,191,191,191],"floor_reached":33,"playtime":3492,"items_purged":[],"score":279,"play_id":"6168012f-60ea-4cad-ba1a-950954445a0c","local_time":"20190704235200","is_ascension_mode":false,"campfire_choices":[{"data":"Flex","floor":7,"key":"SMITH"},{"floor":15,"key":"REST"},{"floor":23,"key":"REST"},{"data":"Barricade","floor":25,"key":"SMITH"},{"floor":32,"key":"REST"}],"neow_cost":"NONE","seed_source_timestamp":1068550736776766,"circlet_count":0,"master_deck":["Strike_R+1","Strike_R+1","Strike_R+1","Strike_R+1","Strike_R+1","Defend_R+1","Defend_R+1","Defend_R+1","Defend_R+1","Bash+1","Twin Strike","Twin Strike","Flex+1","Pommel Strike","Rage","Dramatic Entrance","Flex","Barricade+1","Uppercut","Armaments","Rage+1","Anger","Inflame+1","Rampage","Body Slam","Clash+1"],"relics":["Burning Blood","Bag of Preparation","Oddly Smooth Stone","PreservedInsect","Orichalcum","Runic Pyramid","Red Skull","Lantern"],"potions_floor_usage":[6,6,6,16,16,33,33,33],"damage_taken":[{"damage":6,"enemies":"Cultist","floor":1,"turns":3},{"damage":6,"enemies":"Jaw Worm","floor":3,"turns":2},{"damage":5,"enemies":"Small Slimes","floor":4,"turns":4},{"damage":26,"enemies":"Lagavulin","floor":6,"turns":5},{"damage":9,"enemies":"2 Fungi Beasts","floor":8,"turns":2},{"damage":6,"enemies":"Gremlin Nob","floor":11,"turns":3},{"damage":0,"enemies":"Blue Slaver","floor":14,"turns":1},{"damage":23,"enemies":"Slime Boss","floor":16,"turns":7},{"damage":15,"enemies":"Spheric Guardian","floor":18,"turns":4},{"damage":0,"enemies":"Chosen","floor":19,"turns":4},{"damage":32,"enemies":"Centurion and Healer","floor":21,"turns":5},{"damage":6,"enemies":"Shelled Parasite and Fungi","floor":22,"turns":5},{"damage":16,"enemies":"Cultist and Chosen","floor":24,"turns":6},{"damage":26,"enemies":"Snake Plant","floor":28,"turns":3},{"damage":6,"enemies":"Sentry and Sphere","floor":29,"turns":5},{"damage":14,"enemies":"Slavers","floor":31,"turns":3},{"damage":93,"enemies":"Collector","floor":33,"turns":6}],"seed_played":"4491916008502557067","potions_obtained":[{"floor":0,"key":"Poison Potion"},{"floor":0,"key":"LiquidBronze"},{"floor":0,"key":"Strength Potion"},{"floor":8,"key":"Ancient Potion"},{"floor":11,"key":"Weak Potion"},{"floor":22,"key":"SteroidPotion"},{"floor":24,"key":"Poison Potion"},{"floor":28,"key":"Swift Potion"}],"is_trial":false,"path_per_floor":["M","?","M","M","?","E","R","M","T","?","E","$","?","M","R","B",null,"M","M","?","M","M","R","M","R","T","?","M","M","?","E","R","B"],"character_chosen":"IRONCLAD","items_purchased":["Rage","Orichalcum","Dramatic Entrance"],"campfire_rested":3,"item_purchase_floors":[12,12,12],"current_hp_per_floor":[80,80,80,80,80,60,60,57,57,46,46,46,46,52,76,59,80,71,77,77,51,51,75,65,65,65,65,45,45,45,37,61,0],"gold":191,"neow_bonus":"THREE_SMALL_POTIONS","is_prod":false,"is_daily":false,"chose_seed":false,"campfire_upgraded":2,"win_rate":0.0,"timestamp":1562309520,"path_taken":["M","?","M","?","?","E","R","M","T","?","E","$","?","M","R","BOSS","M","M","?","M","M","R","M","R","T","?","?","M","?","E","R","BOSS"],"build_version":"2019-07-01","purchased_purges":0,"victory":false,"max_hp_per_floor":[80,80,80,80,80,80,80,80,80,80,80,80,80,80,80,80,80,80,80,80,80,80,80,80,80,80,80,80,80,80,80,80,80],"card_choices":[{"not_picked":["Rage","Iron Wave"],"picked":"Twin Strike","floor":1},{"not_picked":["Havoc","Clothesline"],"picked":"Twin Strike","floor":3},{"not_picked":["Intimidate","Fire Breathing"],"picked":"Flex","floor":4},{"not_picked":["Offering","Corruption"],"picked":"Carnage","floor":6},{"not_picked":["Disarm","Clash"],"picked":"Pommel Strike","floor":8},{"not_picked":["Burning Pact","Sever Soul","Disarm"],"picked":"SKIP","floor":11},{"not_picked":["Wild Strike","Shrug It Off"],"picked":"Flex","floor":14},{"not_picked":["Exhume","Berserk"],"picked":"Barricade","floor":16},{"not_picked":["Warcry","Twin Strike"],"picked":"Uppercut","floor":18},{"not_picked":["Clothesline","Bloodletting+1"],"picked":"Armaments","floor":19},{"not_picked":["Twin Strike","Iron Wave"],"picked":"Rage","floor":21},{"not_picked":["Disarm","Clothesline+1"],"picked":"Anger","floor":22},{"not_picked":["Pummel+1","Twin Strike"],"picked":"Inflame+1","floor":24},{"not_picked":["Heavy Blade","Thunderclap"],"picked":"Rampage","floor":28},{"not_picked":["Dual Wield","Disarm+1"],"picked":"Body Slam","floor":29},{"not_picked":["Entrench","Sever Soul"],"picked":"Clash+1","floor":31}],"player_experience":90386,"relics_obtained":[{"floor":6,"key":"Bag of Preparation"},{"floor":9,"key":"Oddly Smooth Stone"},{"floor":11,"key":"PreservedInsect"},{"floor":26,"key":"Red Skull"},{"floor":31,"key":"Lantern"}],"event_choices":[{"damage_healed":0,"gold_gain":0,"player_choice":"Forge","damage_taken":0,"max_hp_gain":0,"max_hp_loss":0,"event_name":"Accursed Blacksmith","floor":2,"gold_loss":0,"cards_upgraded":["Bash"]},{"damage_healed":0,"gold_gain":0,"player_choice":"Leave","damage_taken":0,"max_hp_gain":0,"max_hp_loss":0,"event_name":"The Cleric","floor":5,"gold_loss":0},{"damage_healed":0,"gold_gain":75,"player_choice":"Gather Gold","damage_taken":11,"max_hp_gain":0,"max_hp_loss":0,"event_name":"World of Goop","floor":10,"gold_loss":0},{"damage_healed":0,"gold_gain":0,"player_choice":"Ignored","damage_taken":0,"max_hp_gain":0,"max_hp_loss":0,"event_name":"Liars Game","floor":13,"gold_loss":0},{"damage_healed":0,"gold_gain":0,"player_choice":"Simplicity","damage_taken":0,"max_hp_gain":0,"max_hp_loss":0,"event_name":"Back to Basics","floor":20,"gold_loss":0,"cards_upgraded":["Strike_R","Strike_R","Strike_R","Strike_R","Strike_R","Defend_R","Defend_R","Defend_R","Defend_R"]},{"cards_removed":["Carnage"],"damage_healed":0,"gold_gain":0,"player_choice":"Upgrade and Remove","damage_taken":0,"max_hp_gain":0,"max_hp_loss":0,"event_name":"Designer","floor":27,"gold_loss":90,"cards_upgraded":["Rage"]},{"damage_healed":0,"gold_gain":0,"player_choice":"Ignored","damage_taken":0,"max_hp_gain":0,"max_hp_loss":0,"event_name":"Transmorgrifier","floor":30,"gold_loss":0}],"is_beta":false,"boss_relics":[{"not_picked":["Astrolabe","Runic Cube"],"picked":"Runic Pyramid"}],"items_purged_floors":[],"is_endless":false,"potions_floor_spawned":[1,4,8,11,22,24,28,31],"killed_by":"Collector","ascension_level":0}