{"gold_per_floor":[110,285,295,150,164,193,193,211,261,271,304,317,375,391,391,491,491,491,491,491,491,491,491,491,491,491,255,255,255,255,255,255,255],"floor_reached":33,"playtime":4288,"items_purged":["Doubt"],"score":308,"play_id":"3abf481c-5fc9-4d44-86e8-f923b8ff727e","local_time":"20180712232312","is_ascension_mode":false,"campfire_choices":[{"data":"Bash","floor":7,"key":"SMITH"},{"floor":15,"key":"REST"},{"data":"Double Tap","floor":24,"key":"SMITH"},{"floor":32,"key":"REST"}],"neow_cost":"NONE","seed_source_timestamp":97763754908405,"circlet_count":0,"master_deck":["Strike_R","Strike_R","Strike_R","Strike_R","Strike_R","Defend_R","Defend_R","Defend_R","Defend_R","Bash+1","Impervious","Metallicize","Sword Boomerang","Pommel Strike","Flex","True Grit","Demon Form","Anger","Perfected Strike","Clash","Infernal Blade","Shrug It Off","Anger","Double Tap+1","Body Slam+1","True Grit+1","Fire Breathing","Flex+1","Perfected Strike+1","Shrug It Off","Infernal Blade","Mind Blast","RitualDagger","Clash","Clash"],"relics":["Burning Blood","Letter Opener","Lantern","Boot","Torii","Ectoplasm","Red Mask","Mango","Bronze Scales","Juzu Bracelet","Bottled Flame"],"potions_floor_usage":[],"damage_taken":[{"damage":0,"enemies":"Small Slimes","floor":1,"turns":3},{"damage":11,"enemies":"Jaw Worm","floor":3,"turns":5},{"damage":0,"enemies":"Cultist","floor":5,"turns":4},{"damage":25,"enemies":"Lagavulin","floor":6,"turns":8},{"damage":12,"enemies":"2 Fungi Beasts","floor":8,"turns":4},{"damage":3,"enemies":"Large Slime","floor":10,"turns":7},{"damage":13,"enemies":"Gremlin Nob","floor":11,"turns":4},{"damage":5,"enemies":"Looter","floor":12,"turns":3},{"damage":15,"enemies":"Lagavulin Event","floor":13,"turns":5},{"damage":2,"enemies":"Blue Slaver","floor":14,"turns":4},{"damage":45,"enemies":"Hexaghost","floor":16,"turns":8},{"damage":11,"enemies":"Shell Parasite","floor":18,"turns":5},{"damage":0,"enemies":"Chosen","floor":19,"turns":3},{"damage":9,"floor":20,"turns":4},{"damage":0,"enemies":"3 Cultists","floor":21,"turns":5},{"damage":18,"enemies":"Centurion and Healer","floor":22,"turns":4},{"damage":25,"enemies":"Gremlin Leader","floor":23,"turns":7},{"damage":0,"enemies":"Cultist and Chosen","floor":25,"turns":4},{"damage":17,"enemies":"Sentry and Sphere","floor":29,"turns":5},{"damage":7,"enemies":"Snake Plant","floor":30,"turns":3},{"damage":90,"enemies":"Champ","floor":33,"turns":8}],"seed_played":"2713338361920674121","potions_obtained":[{"floor":1,"key":"FearPotion"},{"floor":3,"key":"SteroidPotion"},{"floor":10,"key":"Energy Potion"}],"is_trial":false,"path_per_floor":["M","?","M","$","M","E","R","M","T","M","E","M","?","M","R","B",null,"M","M","?","M","M","E","R","M","T","$","?","M","M","T","R"],"character_chosen":"IRONCLAD","items_purchased":["Pommel Strike","Flex","Mind Blast","Juzu Bracelet"],"campfire_rested":2,"item_purchase_floors":[4,4,27,27],"current_hp_per_floor":[80,80,75,75,80,61,61,55,55,58,51,52,43,47,71,32,80,75,80,77,80,68,63,63,69,69,69,63,52,51,51,79,0],"gold":255,"neow_bonus":"ONE_RANDOM_RARE_CARD","is_prod":false,"is_daily":false,"chose_seed":false,"campfire_upgraded":2,"win_rate":0.0,"timestamp":1531452192,"path_taken":["M","?","M","$","M","E","R","M","T","M","E","M","?","M","R","BOSS","M","M","?","M","?","E","R","M","T","$","?","M","M","?","R","BOSS"],"build_version":"2018-07-12","purchased_purges":1,"victory":false,"max_hp_per_floor":[80,80,80,80,80,80,80,80,80,80,80,80,80,80,80,80,80,80,80,80,80,80,94,94,94,94,94,94,94,94,94,94,94],"card_choices":[{"not_picked":["Rupture","Fire Breathing"],"picked":"Metallicize","floor":1},{"not_picked":["Infernal Blade","Body Slam"],"picked":"Sword Boomerang","floor":3},{"not_picked":["Inflame","Armaments"],"picked":"True Grit","floor":5},{"not_picked":["Carnage","Body Slam"],"picked":"Demon Form","floor":6},{"not_picked":["Power Through","Pommel Strike"],"picked":"Anger","floor":8},{"not_picked":["Power Through","Armaments"],"picked":"Perfected Strike","floor":10},{"not_picked":["Pommel Strike","Barricade"],"picked":"Clash","floor":11},{"not_picked":["Reckless Charge","Iron Wave"],"picked":"Infernal Blade","floor":12},{"not_picked":["Flex","Intimidate"],"picked":"Shrug It Off","floor":13},{"not_picked":["Cleave","Sword Boomerang"],"picked":"Anger","floor":14},{"not_picked":["Berserk","Demon Form"],"picked":"Double Tap","floor":16},{"not_picked":["Intimidate","True Grit+1"],"picked":"Body Slam+1","floor":18},{"not_picked":["Iron Wave","Ghostly Armor"],"picked":"True Grit+1","floor":19},{"not_picked":["Combust+1","Clothesline"],"picked":"Fire Breathing","floor":20},{"not_picked":["Uppercut","Disarm"],"picked":"Flex+1","floor":21},{"not_picked":["Headbutt","Blood for Blood"],"picked":"Perfected Strike+1","floor":22},{"not_picked":["Thunderclap","Dark Embrace"],"picked":"Shrug It Off","floor":23},{"not_picked":["Sever Soul+1","Twin Strike"],"picked":"Infernal Blade","floor":25},{"not_picked":["Ghostly Armor","Perfected Strike"],"picked":"Clash","floor":29},{"not_picked":["Sword Boomerang","Thunderclap+1"],"picked":"Clash","floor":30}],"player_experience":2707,"relics_obtained":[{"floor":6,"key":"Letter Opener"},{"floor":9,"key":"Lantern"},{"floor":11,"key":"Boot"},{"floor":13,"key":"Torii"},{"floor":20,"key":"Red Mask"},{"floor":23,"key":"Mango"},{"floor":26,"key":"Bronze Scales"},{"floor":31,"key":"Bottled Flame"}],"event_choices":[{"event_name":"Liars Game","player_choice":"agreed","floor":2,"damage_taken":0},{"event_name":"Dead Adventurer","player_choice":"Searched \u00273\u0027 times","floor":13,"damage_taken":0},{"event_name":"Masked Bandits","player_choice":"Fought over 491 gold","floor":20,"damage_taken":0},{"event_name":"Nest","player_choice":"Joined the Cult","floor":28,"damage_taken":0}],"boss_relics":[{"not_picked":["Calling Bell","Runic Pyramid"],"picked":"Ectoplasm"}],"items_purged_floors":[4],"is_endless":false,"potions_floor_spawned":[1,3,10,11,18,20,25],"killed_by":"Champ","ascension_level":0}