{"gold_per_floor":[118,193,211,223,223,223,246,246,295,115,23,23,49,69,69,160,160,178,93,116,139,12,56,56,99,122,122],"floor_reached":27,"playtime":948,"items_purged":["Strike_R"],"score":482,"play_id":"953246cb-2674-452c-802d-92a02c33ad50","local_time":"20181031200042","is_ascension_mode":true,"campfire_choices":[{"data":"Shockwave","floor":6,"key":"SMITH"},{"data":"True Grit","floor":8,"key":"SMITH"},{"data":"Immolate","floor":12,"key":"SMITH"},{"data":"Pommel Strike","floor":15,"key":"SMITH"},{"floor":24,"key":"REST"}],"neow_cost":"NONE","seed_source_timestamp":1122497825113479,"circlet_count":0,"master_deck":["Strike_R","Defend_R","Defend_R","Defend_R","Defend_R","Bash","AscendersBane","Shockwave+1","Anger","True Grit+1","Immolate+1","Flash of Steel","Pommel Strike+1","Impervious","Inflame+1","Combust+1","Demon Form+1","Body Slam+1","Metallicize","Shrug It Off","Reaper"],"relics":["Burning Blood","Golden Idol","Blood Vial","Bag of Preparation","Astrolabe","Boot","Toxic Egg 2","Regal Pillow","PreservedInsect"],"potions_floor_usage":[7,7,16,18,18,23,27],"damage_taken":[{"damage":15,"enemies":"Small Slimes","floor":1,"turns":5},{"damage":6,"enemies":"2 Louse","floor":3,"turns":3},{"damage":9,"enemies":"Jaw Worm","floor":4,"turns":4},{"damage":4,"enemies":"Blue Slaver","floor":7,"turns":6},{"damage":2,"enemies":"Exordium Wildlife","floor":14,"turns":3},{"damage":28,"enemies":"Slime Boss","floor":16,"turns":8},{"damage":3,"enemies":"2 Thieves","floor":18,"turns":3},{"damage":22,"enemies":"3 Byrds","floor":20,"turns":4},{"damage":27,"enemies":"Snake Plant","floor":21,"turns":4},{"damage":15,"enemies":"Slavers","floor":23,"turns":4},{"damage":14,"enemies":"Gremlin Leader","floor":25,"turns":6},{"damage":52,"enemies":"Book of Stabbing","floor":27,"turns":4}],"seed_played":"4511335913556530165","potions_obtained":[{"floor":0,"key":"Block Potion"},{"floor":0,"key":"EssenceOfSteel"},{"floor":4,"key":"BloodPotion"},{"floor":7,"key":"Energy Potion"},{"floor":14,"key":"SteroidPotion"},{"floor":16,"key":"SpeedPotion"},{"floor":21,"key":"FearPotion"},{"floor":23,"key":"LiquidBronze"}],"is_trial":false,"path_per_floor":["M","?","M","M","?","R","M","R","T","$","$","R","T","M","R","B",null,"M","?","M","M","$","E","R","E","T"],"character_chosen":"IRONCLAD","items_purchased":["Immolate","Flash of Steel","Shrug It Off"],"campfire_rested":1,"item_purchase_floors":[10,11,22],"current_hp_per_floor":[59,48,48,45,19,19,28,28,28,28,28,28,28,34,34,14,60,65,65,51,32,32,25,47,41,41,0],"gold":122,"neow_bonus":"THREE_SMALL_POTIONS","is_prod":false,"is_daily":false,"chose_seed":false,"campfire_upgraded":4,"win_rate":0,"timestamp":1541030442,"path_taken":["M","?","M","M","?","R","M","R","T","?","$","R","?","M","R","BOSS","M","?","M","?","$","E","R","E","T","E"],"build_version":"2018-10-25v2","purchased_purges":1,"victory":false,"max_hp_per_floor":[75,75,75,75,75,75,75,75,75,75,75,75,75,75,75,75,75,75,75,75,75,75,75,75,75,75,75],"card_choices":[{"not_picked":["Hemokinesis","Heavy Blade"],"picked":"Shockwave","floor":1},{"not_picked":["Clothesline","Thunderclap"],"picked":"Anger","floor":3},{"not_picked":["Heavy Blade","Clash","Hemokinesis"],"picked":"SKIP","floor":4},{"not_picked":["Thunderclap","Carnage"],"picked":"True Grit","floor":7},{"not_picked":["Inflame","Flex"],"picked":"Pommel Strike","floor":14},{"not_picked":["Juggernaut","Fiend Fire"],"picked":"Impervious","floor":16},{"not_picked":["Clash","Uppercut","Armaments"],"picked":"SKIP","floor":18},{"not_picked":["Anger","Sentinel"],"picked":"Body Slam+1","floor":20},{"not_picked":["Wild Strike","Clash"],"picked":"Metallicize","floor":21},{"not_picked":["Clothesline","Thunderclap","Anger"],"picked":"SKIP","floor":23},{"not_picked":["Clothesline","Perfected Strike"],"picked":"Reaper","floor":25}],"player_experience":1032311,"relics_obtained":[{"floor":9,"key":"Blood Vial"},{"floor":13,"key":"Bag of Preparation"},{"floor":23,"key":"Toxic Egg 2"},{"floor":25,"key":"Regal Pillow"},{"floor":26,"key":"PreservedInsect"}],"event_choices":[{"damage_healed":0,"gold_gain":75,"player_choice":"Gather Gold","damage_taken":11,"max_hp_gain":0,"max_hp_loss":0,"event_name":"World of Goop","floor":2,"gold_loss":0},{"damage_healed":0,"gold_gain":0,"player_choice":"Take Damage","damage_taken":26,"relics_obtained":["Golden Idol"],"max_hp_gain":0,"max_hp_loss":0,"event_name":"Golden Idol","floor":5,"gold_loss":0},{"damage_healed":0,"gold_gain":0,"player_choice":"Obtained Relic","damage_taken":0,"relics_obtained":["Boot"],"max_hp_gain":0,"max_hp_loss":0,"event_name":"Addict","floor":19,"gold_loss":85}],"is_beta":false,"boss_relics":[{"not_picked":["Tiny House","Orrery"],"picked":"Astrolabe"}],"items_purged_floors":[22],"is_endless":false,"potions_floor_spawned":[4,7,14,16,21,23],"killed_by":"Book of Stabbing","ascension_level":20}