{"gold_per_floor":[119,136,19,36,1,1,35,35,58,86,86,105,61,61],"floor_reached":14,"playtime":618,"items_purged":["Strike_G"],"score":196,"play_id":"74d5fc84-4b77-4aaa-8b3b-dacd43852571","local_time":"20190509140253","is_ascension_mode":true,"campfire_choices":[{"data":"Noxious Fumes","floor":6,"key":"SMITH"},{"data":"Crippling Poison","floor":8,"key":"SMITH"},{"floor":11,"key":"REST"}],"neow_cost":"TEN_PERCENT_HP_LOSS","seed_source_timestamp":420333378325761,"circlet_count":0,"master_deck":["AscendersBane","Defend_G","Defend_G","Defend_G","Defend_G","Defend_G","Strike_G","Strike_G","Strike_G","Strike_G","Survivor","Neutralize","Burst","Noxious Fumes+1","Poisoned Stab","Dash","Crippling Poison+1","Noxious Fumes","Deflect"],"relics":["Ring of the Snake","Omamori","Lantern","Anchor"],"potions_floor_usage":[10,12,14],"damage_taken":[{"damage":7,"enemies":"Jaw Worm","floor":1,"turns":6},{"damage":3,"enemies":"2 Louse","floor":2,"turns":4},{"damage":0,"enemies":"Cultist","floor":4,"turns":4},{"damage":44,"enemies":"Gremlin Nob","floor":7,"turns":6},{"damage":9,"enemies":"3 Sentries","floor":10,"turns":5},{"damage":6,"enemies":"Lots of Slimes","floor":12,"turns":4},{"damage":35,"enemies":"Lagavulin","floor":14,"turns":5}],"seed_played":"-3621588111750925865","potions_obtained":[{"floor":1,"key":"GamblersBrew"},{"floor":7,"key":"Poison Potion"},{"floor":12,"key":"Strength Potion"}],"is_trial":false,"path_per_floor":["M","M","$","M","?","R","E","R","T","E","R","M","?","E"],"character_chosen":"THE_SILENT","items_purchased":["Dash"],"campfire_rested":1,"item_purchase_floors":[3],"current_hp_per_floor":[52,49,49,49,60,60,16,16,16,7,25,19,19,0],"gold":61,"neow_bonus":"THREE_RARE_CARDS","is_prod":false,"is_daily":false,"chose_seed":false,"campfire_upgraded":2,"win_rate":0,"timestamp":1557424973,"path_taken":["M","M","$","M","?","R","E","R","T","E","R","M","?","E"],"build_version":"2019-01-23","purchased_purges":1,"victory":false,"max_hp_per_floor":[60,60,60,60,60,60,60,60,60,60,60,60,60,60],"card_choices":[{"not_picked":["Storm of Steel","Envenom"],"picked":"Burst","floor":0},{"not_picked":["Flying Knee","Setup"],"picked":"Noxious Fumes","floor":1},{"not_picked":["Backflip","Acrobatics"],"picked":"Poisoned Stab","floor":2},{"not_picked":["Riddle With Holes","Acrobatics","Outmaneuver"],"picked":"SKIP","floor":4},{"not_picked":["Caltrops","PiercingWail"],"picked":"Crippling Poison","floor":7},{"not_picked":["Escape Plan","Masterful Stab"],"picked":"Noxious Fumes","floor":10},{"not_picked":["Cloak And Dagger","Dagger Spray"],"picked":"Deflect","floor":12}],"player_experience":1385246,"relics_obtained":[{"floor":7,"key":"Omamori"},{"floor":9,"key":"Lantern"},{"floor":10,"key":"Anchor"}],"event_choices":[{"damage_healed":15,"gold_gain":0,"player_choice":"Healed","damage_taken":0,"max_hp_gain":0,"max_hp_loss":0,"event_name":"The Cleric","floor":5,"gold_loss":35},{"damage_healed":0,"gold_gain":0,"player_choice":"Left Gold","damage_taken":0,"max_hp_gain":0,"max_hp_loss":0,"event_name":"World of Goop","floor":13,"gold_loss":44}],"is_beta":false,"boss_relics":[],"items_purged_floors":[3],"is_endless":false,"potions_floor_spawned":[1,7,12],"killed_by":"Lagavulin","ascension_level":20}