{"gold_per_floor":[112,112,127,127,146,180,104,124,149,224,224],"floor_reached":11,"playtime":627,"items_purged":[],"score":73,"play_id":"30340e91-7210-4fe8-a505-6fad098d25ff","local_time":"20190612215236","is_ascension_mode":false,"campfire_choices":[],"neow_cost":"NONE","seed_source_timestamp":86656261736540,"circlet_count":0,"master_deck":["Strike_R","Strike_R","Strike_R","Strike_R","Strike_R","Defend_R","Defend_R","Defend_R","Defend_R","Bash","Feel No Pain","Regret","Headbutt","Disarm","Feed","Inflame","Anger","Doubt"],"relics":["Cursed Key","Bag of Marbles","Anchor","Juzu Bracelet"],"potions_floor_usage":[],"damage_taken":[{"damage":1,"enemies":"Jaw Worm","floor":1,"turns":3},{"damage":7,"enemies":"Small Slimes","floor":3,"turns":3},{"damage":2,"enemies":"Cultist","floor":5,"turns":3},{"damage":29,"enemies":"3 Sentries","floor":6,"turns":11},{"damage":7,"enemies":"Looter","floor":8,"turns":3},{"damage":23,"enemies":"Lagavulin","floor":11,"turns":3}],"seed_played":"5793140388570504890","potions_obtained":[{"floor":1,"key":"Poison Potion"},{"floor":4,"key":"EntropicBrew"},{"floor":4,"key":"SteroidPotion"}],"is_trial":false,"path_per_floor":["M","?","M","?","M","E","$","M","T","?","E"],"character_chosen":"IRONCLAD","items_purchased":["Inflame"],"campfire_rested":0,"item_purchase_floors":[7],"current_hp_per_floor":[79,79,72,72,70,41,41,34,34,23,0],"gold":224,"neow_bonus":"BOSS_RELIC","is_prod":false,"is_daily":false,"chose_seed":false,"campfire_upgraded":0,"win_rate":0.0,"timestamp":1560369156,"path_taken":["M","?","M","?","M","E","$","?","T","?","E"],"build_version":"2019-01-23","purchased_purges":0,"victory":false,"max_hp_per_floor":[80,80,80,80,80,80,80,80,80,80,80],"card_choices":[{"not_picked":["Intimidate","True Grit"],"picked":"Feel No Pain","floor":1},{"not_picked":["Flex","Perfected Strike"],"picked":"Headbutt","floor":3},{"not_picked":["Clothesline","Flex"],"picked":"Disarm","floor":5},{"not_picked":["Battle Trance","Cleave"],"picked":"Feed","floor":6},{"not_picked":["Warcry","Perfected Strike"],"picked":"Anger","floor":8}],"player_experience":5004,"relics_obtained":[{"floor":6,"key":"Anchor"},{"floor":9,"key":"Juzu Bracelet"}],"event_choices":[{"damage_healed":0,"gold_gain":0,"player_choice":"Box","damage_taken":0,"relics_obtained":["Bag of Marbles"],"max_hp_gain":0,"max_hp_loss":0,"event_name":"Big Fish","floor":2,"gold_loss":0,"cards_obtained":["Regret"]},{"damage_healed":0,"gold_gain":0,"player_choice":"Got Potions","damage_taken":0,"max_hp_gain":0,"max_hp_loss":0,"event_name":"Lab","floor":4,"gold_loss":0},{"damage_healed":0,"gold_gain":75,"player_choice":"Gather Gold","damage_taken":11,"max_hp_gain":0,"max_hp_loss":0,"event_name":"World of Goop","floor":10,"gold_loss":0}],"is_beta":false,"boss_relics":[],"items_purged_floors":[],"is_endless":false,"potions_floor_spawned":[1,6],"killed_by":"Lagavulin","ascension_level":0}