{"gold_per_floor":[117,42,54,4,4,36,36,36,59,90,3,3,30,48,48,144,144,163,163,183,195,206,206],"floor_reached":23,"playtime":1008,"items_purged":["Strike_B"],"score":451,"play_id":"17984124-b6d5-4c74-8504-01b89c9ec822","local_time":"20190512165707","is_ascension_mode":true,"campfire_choices":[{"data":"Zap","floor":7,"key":"SMITH"},{"data":"Deep Breath","floor":12,"key":"SMITH"},{"floor":15,"key":"REST"}],"neow_cost":"NONE","seed_source_timestamp":11309819534350,"circlet_count":0,"master_deck":["AscendersBane","Defend_B","Defend_B","Defend_B","Zap+1","Dualcast","Gash","Gash","Streamline","BootSequence","Deep Breath+1","Doom and Gloom","Core Surge","Deep Breath","Gash","Leap+1"],"relics":["Cracked Core","NeowsBlessing","Bag of Preparation","Happy Flower","Bottled Flame","DataDisk","Empty Cage"],"potions_floor_usage":[10,20,21,22,23],"damage_taken":[{"damage":0,"enemies":"Cultist","floor":1,"turns":1},{"damage":0,"enemies":"Jaw Worm","floor":3,"turns":1},{"damage":0,"enemies":"Gremlin Nob","floor":6,"turns":1},{"damage":25,"enemies":"Lagavulin","floor":10,"turns":4},{"damage":20,"enemies":"3 Sentries","floor":13,"turns":5},{"damage":0,"enemies":"2 Louse","floor":14,"turns":2},{"damage":0,"enemies":"Slime Boss","floor":16,"turns":7},{"damage":18,"enemies":"2 Thieves","floor":18,"turns":3},{"damage":9,"enemies":"3 Byrds","floor":20,"turns":3},{"damage":10,"enemies":"Snake Plant","floor":21,"turns":3},{"damage":2,"enemies":"Chosen and Byrds","floor":22,"turns":3},{"damage":31,"enemies":"Slavers","floor":23,"turns":2}],"seed_played":"-7509464523820373202","potions_obtained":[{"floor":1,"key":"Swift Potion"},{"floor":13,"key":"Swift Potion"},{"floor":14,"key":"GamblersBrew"},{"floor":16,"key":"SkillPotion"},{"floor":21,"key":"Fruit Juice"},{"floor":22,"key":"Fruit Juice"}],"is_trial":false,"path_per_floor":["M","$","M","?","?","E","R","?","T","E","$","R","E","M","R","B",null,"M","?","M","M","M","E"],"character_chosen":"DEFECT","items_purchased":["Deep Breath"],"campfire_rested":1,"item_purchase_floors":[11],"current_hp_per_floor":[68,68,68,68,61,61,61,66,66,41,41,41,21,21,45,45,71,53,37,28,18,21,0],"gold":206,"neow_bonus":"THREE_ENEMY_KILL","is_prod":false,"is_daily":false,"chose_seed":false,"campfire_upgraded":2,"win_rate":0,"timestamp":1557694627,"path_taken":["M","?","M","?","?","E","R","?","T","E","$","R","E","M","R","BOSS","M","?","M","M","?","E"],"build_version":"2019-01-23","purchased_purges":1,"victory":false,"max_hp_per_floor":[75,75,75,75,75,75,75,80,80,80,80,80,80,80,80,80,80,80,80,80,80,85,90],"card_choices":[{"not_picked":["Ball Lightning","Reprogram"],"picked":"Gash","floor":1},{"not_picked":["Beam Cell","Conserve Battery"],"picked":"Gash","floor":3},{"not_picked":["Aggregate","Sweeping Beam"],"picked":"Streamline","floor":6},{"not_picked":["Ball Lightning","Go for the Eyes"],"picked":"BootSequence","floor":10},{"not_picked":["Turbo","Biased Cognition","Multi-Cast"],"picked":"SKIP","floor":13},{"not_picked":["Sweeping Beam","Leap"],"picked":"Doom and Gloom","floor":14},{"not_picked":["Rainbow","Buffer"],"picked":"Core Surge","floor":16},{"not_picked":["Barrage","Coolheaded","Turbo"],"picked":"SKIP","floor":18},{"not_picked":["Compile Driver","Leap"],"picked":"Gash","floor":20},{"not_picked":["Conserve Battery","Hologram","Fusion"],"picked":"SKIP","floor":21},{"not_picked":["White Noise","Storm"],"picked":"Leap+1","floor":22}],"player_experience":299664,"relics_obtained":[{"floor":6,"key":"Bag of Preparation"},{"floor":9,"key":"Happy Flower"},{"floor":10,"key":"Bottled Flame"},{"floor":13,"key":"DataDisk"}],"event_choices":[{"cards_removed":["Strike_B"],"damage_healed":0,"gold_gain":0,"player_choice":"Card Removal","damage_taken":0,"max_hp_gain":0,"max_hp_loss":0,"event_name":"The Cleric","floor":4,"gold_loss":50},{"cards_removed":["Defend_B"],"damage_healed":0,"gold_gain":0,"player_choice":"Card Removal","damage_taken":7,"max_hp_gain":0,"max_hp_loss":0,"event_name":"Golden Wing","floor":5,"gold_loss":0},{"damage_healed":0,"gold_gain":0,"player_choice":"Donut","damage_taken":0,"max_hp_gain":5,"max_hp_loss":0,"event_name":"Big Fish","floor":8,"gold_loss":0},{"damage_healed":0,"gold_gain":0,"player_choice":"CARD ","damage_taken":16,"max_hp_gain":0,"max_hp_loss":0,"event_name":"Knowing Skull","floor":19,"potions_obtained":[],"gold_loss":0,"cards_obtained":["Deep Breath"]}],"is_beta":false,"boss_relics":[{"not_picked":["Orrery","FrozenCore"],"picked":"Empty Cage"}],"items_purged_floors":[2],"is_endless":false,"potions_floor_spawned":[1,13,14,16,21,22],"killed_by":"Slavers","ascension_level":10}