{"gold_per_floor":[116,116,116,6,16,43,43,59,109,138,0,0],"floor_reached":12,"playtime":382,"items_purged":["Strike_G","Strike_G"],"score":194,"play_id":"0a6ac444-d59f-46c0-8210-cba55c98fc85","local_time":"20190718175237","is_ascension_mode":true,"campfire_choices":[{"data":"Deadly Poison","floor":7,"key":"SMITH"}],"neow_cost":"NONE","seed_source_timestamp":77707640469993,"circlet_count":0,"master_deck":["AscendersBane","Strike_G","Strike_G","Strike_G+1","Defend_G","Defend_G","Defend_G","Defend_G","Defend_G","Survivor","Neutralize+1","Caltrops","Footwork","Deadly Poison+1","Deflect","Bullet Time","Noxious Fumes"],"relics":["Ring of the Snake","NeowsBlessing","Anchor","The Courier","Snake Skull","Whetstone"],"potions_floor_usage":[10,10],"damage_taken":[{"damage":0,"enemies":"Cultist","floor":1,"turns":1},{"damage":0,"enemies":"Small Slimes","floor":5,"turns":2},{"damage":0,"enemies":"Lagavulin","floor":6,"turns":2},{"damage":0,"enemies":"Jaw Worm","floor":8,"turns":3},{"damage":12,"enemies":"Gremlin Nob","floor":10,"turns":4},{"damage":12,"enemies":"3 Sentries","floor":12,"turns":4}],"seed_played":"-3363293349684395949","potions_obtained":[{"floor":5,"key":"Poison Potion"},{"floor":6,"key":"PowerPotion"}],"is_trial":false,"path_per_floor":["M","?","?","$","M","E","R","M","T","E","$","E"],"character_chosen":"THE_SILENT","items_purchased":["Footwork","Noxious Fumes"],"campfire_rested":0,"item_purchase_floors":[4,11],"current_hp_per_floor":[59,24,24,24,24,24,24,24,24,12,12,0],"gold":0,"neow_bonus":"THREE_ENEMY_KILL","is_prod":false,"is_daily":false,"chose_seed":false,"campfire_upgraded":1,"win_rate":0,"timestamp":1563486757,"path_taken":["M","?","?","$","M","E","R","M","T","E","$","E"],"build_version":"2019-07-17","purchased_purges":2,"victory":false,"max_hp_per_floor":[66,66,66,66,66,66,66,66,66,66,66,66],"card_choices":[{"not_picked":["Acrobatics","Underhanded Strike"],"picked":"Caltrops","floor":1},{"not_picked":["Infinite Blades","Dagger Spray"],"picked":"Deadly Poison","floor":5},{"not_picked":["Expertise","Cloak And Dagger"],"picked":"Deflect","floor":6},{"not_picked":["Slice","Underhanded Strike","Sucker Punch"],"picked":"SKIP","floor":8},{"not_picked":["Underhanded Strike","Infinite Blades"],"picked":"Bullet Time","floor":10}],"player_experience":1518301,"relics_obtained":[{"floor":6,"key":"The Courier"},{"floor":9,"key":"Snake Skull"},{"floor":10,"key":"Whetstone"}],"event_choices":[{"damage_healed":0,"gold_gain":0,"player_choice":"Success","damage_taken":35,"relics_obtained":["Anchor"],"max_hp_gain":0,"max_hp_loss":0,"event_name":"Scrap Ooze","floor":2,"gold_loss":0},{"damage_healed":0,"gold_gain":0,"player_choice":"Leave","damage_taken":0,"max_hp_gain":0,"max_hp_loss":0,"event_name":"The Cleric","floor":3,"gold_loss":0}],"is_beta":false,"boss_relics":[],"items_purged_floors":[4,11],"is_endless":false,"potions_floor_spawned":[5,6],"killed_by":"3 Sentries","ascension_level":15}