{"gold_per_floor":[115,133,151,168,187,214,214,246,246,257,31,44,44,77,77,181,181,196,196,213,228,53,53,86,86,86,102,102,102,102,134,134,232,232,250,78,89,89,89,89,105,139,163,163,78,78,78,89,89,89,89,89,5,5],"floor_reached":54,"playtime":2341,"items_purged":["Decay","Writhe","Juggernaut"],"score":995,"play_id":"ff63d773-503d-4f05-84e3-9755e202a740","local_time":"20190515200720","is_ascension_mode":true,"campfire_choices":[{"data":"Armaments","floor":7,"key":"SMITH"},{"floor":13,"key":"REST"},{"floor":15,"key":"REST"},{"floor":23,"key":"RECALL"},{"floor":25,"key":"REST"},{"floor":28,"key":"REST"},{"floor":32,"key":"REST"},{"floor":40,"key":"REST"},{"floor":44,"key":"REST"},{"floor":49,"key":"REST"},{"floor":52,"key":"REST"}],"neow_cost":"CURSE","seed_source_timestamp":3428836932977,"circlet_count":0,"master_deck":["Strike_R+1","Strike_R+1","Strike_R+1","Strike_R+1","Defend_R+1","Defend_R+1","Defend_R+1","Bash+1","Perfected Strike+1","Whirlwind+1","Shrug It Off+1","Armaments+1","Pommel Strike+1","Inflame+1","Pommel Strike+1","Pummel+1","Pommel Strike+1","Pommel Strike+1","Cleave+1","Shrug It Off+1","Twin Strike+1","Shrug It Off+1","Disarm+1","Pommel Strike+1","Double Tap+1","Perfected Strike+1","Wild Strike+1","Anger+1","Spot Weakness+1","Trip+1","Shrug It Off","Corruption"],"relics":["Burning Blood","Anchor","Juzu Bracelet","Letter Opener","Vajra","Self Forming Clay","Fusion Hammer","Omamori","Bag of Marbles","Potion Belt","White Beast Statue","War Paint","Bronze Scales","Mark of the Bloom","GremlinMask"],"potions_floor_usage":[6,16,16,33,41,42,42,50,50,50,50,50],"damage_taken":[{"damage":10,"enemies":"Cultist","floor":1,"turns":4},{"damage":5,"enemies":"Small Slimes","floor":2,"turns":3},{"damage":2,"enemies":"2 Louse","floor":3,"turns":3},{"damage":11,"enemies":"Blue Slaver","floor":4,"turns":6},{"damage":7,"enemies":"3 Louse","floor":5,"turns":4},{"damage":17,"enemies":"Gremlin Nob","floor":6,"turns":4},{"damage":41,"enemies":"3 Sentries","floor":8,"turns":9},{"damage":18,"enemies":"Lots of Slimes","floor":10,"turns":3},{"damage":0,"enemies":"Large Slime","floor":12,"turns":5},{"damage":16,"enemies":"Gremlin Nob","floor":14,"turns":3},{"damage":32,"enemies":"The Guardian","floor":16,"turns":11},{"damage":0,"enemies":"Chosen","floor":18,"turns":3},{"damage":10,"enemies":"2 Thieves","floor":20,"turns":4},{"damage":5,"enemies":"Centurion and Healer","floor":21,"turns":5},{"damage":25,"enemies":"Gremlin Leader","floor":24,"turns":6},{"damage":28,"enemies":"Snecko","floor":27,"turns":4},{"damage":24,"enemies":"Slavers","floor":31,"turns":2},{"damage":56,"enemies":"Champ","floor":33,"turns":11},{"damage":26,"enemies":"3 Shapes","floor":35,"turns":1},{"damage":29,"enemies":"3 Darklings","floor":37,"turns":5},{"damage":24,"enemies":"Transient","floor":41,"turns":5},{"damage":34,"enemies":"Reptomancer","floor":42,"turns":5},{"damage":13,"enemies":"Sphere and 2 Shapes","floor":48,"turns":4},{"damage":32,"enemies":"Donu and Deca","floor":50,"turns":5},{"damage":9,"enemies":"Shield and Spear","floor":54,"turns":2}],"seed_played":"-6324501660341669604","potions_obtained":[{"floor":2,"key":"Dexterity Potion"},{"floor":3,"key":"Weak Potion"},{"floor":4,"key":"Weak Potion"},{"floor":14,"key":"Swift Potion"},{"floor":16,"key":"AttackPotion"},{"floor":20,"key":"FairyPotion"},{"floor":21,"key":"SteroidPotion"},{"floor":27,"key":"Strength Potion"},{"floor":31,"key":"SteroidPotion"},{"floor":35,"key":"SkillPotion"},{"floor":37,"key":"Strength Potion"},{"floor":41,"key":"Explosive Potion"},{"floor":42,"key":"Strength Potion"},{"floor":48,"key":"SteroidPotion"}],"is_trial":false,"path_per_floor":["M","M","M","M","M","E","R","E","T","M","$","M","R","E","R","B",null,"M","?","M","M","$","R","E","R","T","M","R","?","?","E","R","B",null,"M","$","M","?","?","R","M","E","T","R","$","?","?","M","R","B",null,"R","$","E"],"character_chosen":"IRONCLAD","items_purchased":["Vajra","Shrug It Off","Twin Strike","Wild Strike","Trip","Shrug It Off","Corruption"],"campfire_rested":9,"item_purchase_floors":[11,22,22,36,45,53,53],"current_hp_per_floor":[68,69,73,68,67,56,56,21,21,9,9,15,39,29,53,27,67,73,73,69,70,70,70,51,75,75,53,77,77,62,44,69,19,69,49,49,26,26,47,72,54,26,26,51,51,51,51,38,38,6,6,6,6,0],"gold":5,"neow_bonus":"TRANSFORM_TWO_CARDS","is_prod":false,"is_daily":false,"chose_seed":false,"campfire_upgraded":1,"win_rate":0,"timestamp":1557965240,"path_taken":["M","M","M","M","M","E","R","E","T","M","?","M","R","E","R","BOSS","M","?","M","M","$","R","E","R","T","M","R","?","?","E","R","BOSS","M","$","M","?","?","R","M","E","T","R","$","?","?","M","R","BOSS","R","$","E"],"build_version":"2019-01-23","purchased_purges":3,"victory":false,"max_hp_per_floor":[80,80,80,80,80,80,80,80,80,80,80,80,80,80,80,80,80,80,80,80,80,80,80,80,80,80,80,80,80,85,85,85,85,85,85,85,85,85,85,85,85,85,85,85,85,85,85,85,85,85,85,85,85,85],"card_choices":[{"not_picked":["Seeing Red","Carnage"],"picked":"Whirlwind","floor":1},{"not_picked":["Inflame","Power Through"],"picked":"Shrug It Off","floor":2},{"not_picked":["Iron Wave","Thunderclap"],"picked":"Armaments","floor":3},{"not_picked":["Wild Strike","Rupture"],"picked":"Pommel Strike","floor":4},{"not_picked":["Flex","Dual Wield","Rupture"],"picked":"SKIP","floor":5},{"not_picked":["Thunderclap","Cleave","Searing Blow"],"picked":"SKIP","floor":6},{"not_picked":["Reckless Charge","Feel No Pain"],"picked":"Inflame","floor":8},{"not_picked":["Dual Wield","Clothesline"],"picked":"Pommel Strike","floor":10},{"not_picked":["Havoc","Searing Blow"],"picked":"Pummel","floor":12},{"not_picked":["Juggernaut","Carnage"],"picked":"Inflame","floor":14},{"not_picked":["Thunderclap","Clash"],"picked":"Pommel Strike","floor":18},{"not_picked":["Pummel","Anger+1"],"picked":"Pommel Strike","floor":20},{"not_picked":["Clash+1","Heavy Blade"],"picked":"Cleave+1","floor":21},{"not_picked":["Clothesline","Berserk"],"picked":"Shrug It Off+1","floor":24},{"not_picked":["Bloodletting","Havoc"],"picked":"Disarm","floor":27},{"not_picked":["Flame Barrier","Disarm"],"picked":"Pommel Strike","floor":31},{"not_picked":["Fiend Fire","Barricade"],"picked":"Double Tap","floor":33},{"not_picked":["Rupture+1","Havoc"],"picked":"Perfected Strike","floor":35},{"not_picked":["Second Wind+1","Rupture"],"picked":"Anger+1","floor":37},{"not_picked":["True Grit","Sentinel","Clothesline"],"picked":"SKIP","floor":41},{"not_picked":["Clash","Clothesline+1"],"picked":"Spot Weakness","floor":42},{"not_picked":["Hemokinesis+1","Sever Soul","Cleave"],"picked":"SKIP","floor":48}],"player_experience":325626,"relics_obtained":[{"floor":6,"key":"Anchor"},{"floor":8,"key":"Juzu Bracelet"},{"floor":9,"key":"Letter Opener"},{"floor":14,"key":"Self Forming Clay"},{"floor":24,"key":"Bag of Marbles"},{"floor":31,"key":"Potion Belt"},{"floor":42,"key":"War Paint"},{"floor":43,"key":"Bronze Scales"}],"event_choices":[{"damage_healed":0,"gold_gain":0,"player_choice":"Opened","damage_taken":0,"relics_obtained":["Omamori"],"max_hp_gain":0,"max_hp_loss":0,"event_name":"The Mausoleum","floor":19,"gold_loss":0,"cards_obtained":["Writhe"]},{"damage_healed":0,"gold_gain":0,"player_choice":"Upgraded","damage_taken":0,"max_hp_gain":0,"max_hp_loss":0,"event_name":"Upgrade Shrine","floor":29,"gold_loss":0,"cards_upgraded":["Whirlwind"]},{"damage_healed":0,"gold_gain":0,"player_choice":"Shed Blood","damage_taken":20,"max_hp_gain":5,"max_hp_loss":0,"event_name":"Forgotten Altar","floor":30,"gold_loss":0},{"cards_removed":["Inflame"],"damage_healed":0,"gold_gain":0,"player_choice":"Removed Power","damage_taken":0,"max_hp_gain":0,"max_hp_loss":0,"event_name":"Falling","floor":38,"gold_loss":0},{"damage_healed":21,"gold_gain":0,"player_choice":"Writhe","damage_taken":0,"max_hp_gain":0,"max_hp_loss":0,"event_name":"Winding Halls","floor":39,"gold_loss":0,"cards_obtained":["Writhe"]},{"damage_healed":0,"gold_gain":0,"player_choice":"Upgrade","damage_taken":0,"relics_obtained":["Mark of the Bloom"],"max_hp_gain":0,"max_hp_loss":0,"event_name":"MindBloom","floor":46,"gold_loss":0,"cards_upgraded":["Strike_R","Strike_R","Strike_R","Strike_R","Defend_R","Defend_R","Bash","Perfected Strike","Shrug It Off","Pommel Strike","Inflame","Pommel Strike","Pummel","Pommel Strike","Pommel Strike","Shrug It Off","Twin Strike","Pommel Strike","Double Tap","Perfected Strike","Wild Strike","Spot Weakness","Trip"]},{"damage_healed":0,"gold_gain":0,"player_choice":"Trade","damage_taken":0,"relics_obtained":["GremlinMask"],"max_hp_gain":0,"max_hp_loss":0,"event_name":"FaceTrader","floor":47,"gold_loss":0}],"is_beta":false,"boss_relics":[{"not_picked":["Sozu","Snecko Eye"],"picked":"Fusion Hammer"},{"not_picked":["Runic Cube","Lizard Tail"],"picked":"White Beast Statue"}],"items_purged_floors":[11,22,36],"is_endless":false,"potions_floor_spawned":[2,3,4,14,16,20,21,27,31,35,37,41,42,48],"killed_by":"Shield and Spear","ascension_level":7}