{"gold_per_floor":[110,35,35,60,7,7,38,57,57,57,97,110,123,123,123,217,217,217],"floor_reached":18,"playtime":737,"items_purged":[],"score":390,"play_id":"d9c200b4-e70e-4656-9079-2b401918c9f3","local_time":"20181214174100","is_ascension_mode":true,"campfire_choices":[{"data":"Armaments","floor":6,"key":"SMITH"},{"data":"True Grit","floor":10,"key":"SMITH"},{"data":"Bash","floor":15,"key":"SMITH"}],"neow_cost":"NONE","seed_source_timestamp":153968990569083,"circlet_count":0,"master_deck":["AscendersBane","Strike_R","Strike_R","Strike_R","Strike_R","Defend_R","Defend_R","Defend_R","Defend_R","Bash+1","Armaments+1","Twin Strike","True Grit+1","Body Slam","Corruption","Shrug It Off","Anger","Fiend Fire"],"relics":["Burning Blood","NeowsBlessing","Golden Idol","Ginger","Gambling Chip","Oddly Smooth Stone","Coffee Dripper"],"potions_floor_usage":[12,16,16],"damage_taken":[{"damage":0,"enemies":"2 Louse","floor":1,"turns":1},{"damage":0,"enemies":"Small Slimes","floor":4,"turns":1},{"damage":0,"enemies":"3 Sentries","floor":7,"turns":2},{"damage":0,"enemies":"Jaw Worm","floor":8,"turns":4},{"damage":34,"enemies":"Gremlin Nob","floor":11,"turns":4},{"damage":22,"enemies":"Exordium Wildlife","floor":12,"turns":7},{"damage":0,"enemies":"Large Slime","floor":13,"turns":6},{"damage":50,"enemies":"The Guardian","floor":16,"turns":16},{"damage":0,"enemies":"Spheric Guardian","floor":18,"turns":3}],"seed_played":"-5630845380498059253","potions_obtained":[{"floor":1,"key":"GamblersBrew"},{"floor":7,"key":"BloodPotion"},{"floor":12,"key":"Block Potion"}],"is_trial":false,"path_per_floor":["M","?","?","M","$","R","E","M","T","R","E","M","M","?","R","B",null,"M"],"character_chosen":"IRONCLAD","items_purchased":["True Grit"],"campfire_rested":0,"item_purchase_floors":[5],"current_hp_per_floor":[74,74,48,54,54,54,60,66,66,66,38,29,35,60,60,16,60,60],"gold":217,"neow_bonus":"THREE_ENEMY_KILL","is_prod":false,"is_daily":false,"chose_seed":false,"campfire_upgraded":3,"win_rate":0,"timestamp":1544827260,"path_taken":["M","?","?","M","?","R","E","M","T","R","E","M","?","?","R","BOSS","M"],"build_version":"2018-12-13","purchased_purges":0,"victory":false,"max_hp_per_floor":[75,75,75,75,75,75,75,75,75,75,75,75,75,75,75,75,75,75],"card_choices":[{"not_picked":["Searing Blow","Body Slam"],"picked":"Armaments","floor":1},{"not_picked":["Havoc","Barricade"],"picked":"Twin Strike","floor":4},{"not_picked":["Clothesline","Evolve"],"picked":"Body Slam","floor":7},{"not_picked":["Wild Strike","Heavy Blade","Twin Strike"],"picked":"SKIP","floor":8},{"not_picked":["True Grit","Hemokinesis"],"picked":"Corruption","floor":11},{"not_picked":["Sword Boomerang","Second Wind"],"picked":"Shrug It Off","floor":12},{"not_picked":["Flex","Clash"],"picked":"Anger","floor":13},{"not_picked":["Double Tap","Reaper"],"picked":"Fiend Fire","floor":16}],"player_experience":1277160,"relics_obtained":[{"floor":7,"key":"Ginger"},{"floor":9,"key":"Gambling Chip"},{"floor":11,"key":"Oddly Smooth Stone"}],"event_choices":[{"cards_removed":["Strike_R"],"damage_healed":0,"gold_gain":0,"player_choice":"Card Removal","damage_taken":0,"max_hp_gain":0,"max_hp_loss":0,"event_name":"The Cleric","floor":2,"gold_loss":75},{"damage_healed":0,"gold_gain":0,"player_choice":"Take Damage","damage_taken":26,"relics_obtained":["Golden Idol"],"max_hp_gain":0,"max_hp_loss":0,"event_name":"Golden Idol","floor":3,"gold_loss":0},{"damage_healed":25,"gold_gain":0,"player_choice":"Banana","damage_taken":0,"max_hp_gain":0,"max_hp_loss":0,"event_name":"Big Fish","floor":14,"gold_loss":0}],"is_beta":false,"boss_relics":[{"not_picked":["Philosopher\u0027s Stone","Runic Cube"],"picked":"Coffee Dripper"}],"items_purged_floors":[],"is_endless":false,"potions_floor_spawned":[1,7,12],"killed_by":"Spheric Guardian","ascension_level":20}