{"gold_per_floor":[115,134,50,50,50,50,80,92,92,122,122,151,168,133,133,133],"floor_reached":16,"playtime":813,"items_purged":[],"score":236,"play_id":"481f1791-0c87-476b-9c4b-26bb550c289f","local_time":"20190514152912","is_ascension_mode":true,"campfire_choices":[{"data":"Deadly Poison","floor":6,"key":"SMITH"},{"floor":11,"key":"REST"},{"data":"Footwork","floor":15,"key":"SMITH"}],"neow_cost":"NONE","seed_source_timestamp":857334542128444,"circlet_count":0,"master_deck":["AscendersBane","Defend_G","Defend_G","Defend_G","Defend_G","Defend_G","Strike_G","Strike_G","Strike_G","Strike_G","Survivor","Neutralize","Deadly Poison+1","Leg Sweep","Well Laid Plans","Calculated Gamble","Deflect","Backflip","Footwork+1"],"relics":["Ring of the Snake","Gremlin Horn","Letter Opener","Bag of Marbles","Omamori"],"potions_floor_usage":[12,12],"damage_taken":[{"damage":7,"enemies":"Cultist","floor":1,"turns":5},{"damage":0,"enemies":"2 Louse","floor":2,"turns":3},{"damage":11,"enemies":"Lagavulin","floor":7,"turns":9},{"damage":0,"enemies":"Small Slimes","floor":8,"turns":4},{"damage":38,"enemies":"3 Sentries","floor":10,"turns":12},{"damage":27,"enemies":"Gremlin Nob","floor":12,"turns":4},{"damage":3,"enemies":"Gremlin Gang","floor":13,"turns":4},{"damage":30,"enemies":"Slime Boss","floor":16,"turns":12}],"seed_played":"-8210296286490067077","potions_obtained":[{"floor":8,"key":"SteroidPotion"},{"floor":10,"key":"Strength Potion"},{"floor":13,"key":"LiquidBronze"}],"is_trial":false,"path_per_floor":["M","M","$","?","?","R","E","M","T","E","R","E","M","?","R","B"],"character_chosen":"THE_SILENT","items_purchased":["Well Laid Plans"],"campfire_rested":1,"item_purchase_floors":[3],"current_hp_per_floor":[58,58,58,63,63,63,52,52,52,14,37,10,7,26,26,0],"gold":133,"neow_bonus":"TEN_PERCENT_HP_BONUS","is_prod":false,"is_daily":false,"chose_seed":false,"campfire_upgraded":2,"win_rate":0,"timestamp":1557862152,"path_taken":["M","?","$","?","?","R","E","?","T","E","R","E","M","?","R","BOSS"],"build_version":"2019-01-23","purchased_purges":0,"victory":false,"max_hp_per_floor":[72,72,72,77,77,77,77,77,77,77,77,77,77,77,77,77],"card_choices":[{"not_picked":["Outmaneuver","Prepared"],"picked":"Deadly Poison","floor":1},{"not_picked":["Endless Agony","Prepared"],"picked":"Leg Sweep","floor":2},{"not_picked":["Slice","Sucker Punch","Finisher"],"picked":"SKIP","floor":7},{"not_picked":["Flying Knee","Choke"],"picked":"Calculated Gamble","floor":8},{"not_picked":["Bane","Prepared"],"picked":"Deflect","floor":10},{"not_picked":["Blade Dance","Prepared"],"picked":"Backflip","floor":12},{"not_picked":["Burst","Deadly Poison"],"picked":"Footwork","floor":13}],"player_experience":1394908,"relics_obtained":[{"floor":7,"key":"Gremlin Horn"},{"floor":9,"key":"Letter Opener"},{"floor":10,"key":"Bag of Marbles"},{"floor":12,"key":"Omamori"}],"event_choices":[{"damage_healed":0,"gold_gain":0,"player_choice":"Donut","damage_taken":0,"max_hp_gain":5,"max_hp_loss":0,"event_name":"Big Fish","floor":4,"gold_loss":0},{"cards_removed":["Strike_G"],"damage_healed":0,"gold_gain":0,"player_choice":"Offered Basic","damage_taken":0,"max_hp_gain":0,"max_hp_loss":0,"event_name":"Bonfire Elementals","floor":5,"gold_loss":0},{"damage_healed":19,"gold_gain":0,"player_choice":"Healed","damage_taken":0,"max_hp_gain":0,"max_hp_loss":0,"event_name":"The Cleric","floor":14,"gold_loss":35}],"is_beta":false,"boss_relics":[],"items_purged_floors":[],"is_endless":false,"potions_floor_spawned":[8,10,13],"killed_by":"Slime Boss","ascension_level":20}