{"gold_per_floor":[118,135,135,154,169,196,196,196,196,196],"floor_reached":10,"playtime":367,"items_purged":[],"score":137,"play_id":"3f3f3879-dd9e-4b86-83ae-00d3a81e8341","local_time":"20181212133819","is_ascension_mode":true,"campfire_choices":[{"data":"Zap","floor":7,"key":"SMITH"}],"neow_cost":"NONE","seed_source_timestamp":76945041680198,"circlet_count":0,"master_deck":["AscendersBane","Strike_B","Strike_B","Strike_B","Strike_B","Defend_B","Defend_B","Defend_B","Defend_B","Zap+1","Dualcast","Coolheaded","Cold Snap","Zap","Compile Driver","Hyperbeam","Sunder","Leap"],"relics":["Cracked Core","FossilizedHelix","Cables"],"potions_floor_usage":[6,8],"damage_taken":[{"damage":0,"enemies":"Small Slimes","floor":1,"turns":2},{"damage":1,"enemies":"Cultist","floor":2,"turns":3},{"damage":2,"enemies":"2 Louse","floor":4,"turns":3},{"damage":9,"enemies":"Large Slime","floor":5,"turns":6},{"damage":51,"enemies":"Lagavulin","floor":6,"turns":7},{"damage":0,"enemies":"Gremlin Nob","floor":8,"turns":3},{"damage":14,"enemies":"Lagavulin","floor":10,"turns":3}],"seed_played":"-7234496532318515219","potions_obtained":[{"floor":1,"key":"SkillPotion"},{"floor":6,"key":"SmokeBomb"}],"is_trial":false,"path_per_floor":["M","M","?","M","M","E","R","E","T","E"],"character_chosen":"DEFECT","items_purchased":[],"campfire_rested":0,"item_purchase_floors":[],"current_hp_per_floor":[71,70,70,68,59,8,8,8,8,0],"gold":196,"neow_bonus":"TEN_PERCENT_HP_BONUS","is_prod":false,"is_daily":false,"chose_seed":false,"campfire_upgraded":1,"win_rate":0,"timestamp":1544639899,"path_taken":["M","M","?","?","M","E","R","E","T","E"],"build_version":"2018-12-06","purchased_purges":0,"victory":false,"max_hp_per_floor":[78,78,78,78,78,78,78,78,78,78],"card_choices":[{"not_picked":["Reinforced Body","Leap"],"picked":"Coolheaded","floor":1},{"not_picked":["Gash","Go for the Eyes"],"picked":"Cold Snap","floor":2},{"not_picked":["Beam Cell","Steam"],"picked":"Hyperbeam","floor":4},{"not_picked":["Lockon","Streamline"],"picked":"Sunder","floor":5},{"not_picked":["BootSequence","Ball Lightning"],"picked":"Leap","floor":6}],"player_experience":1265899,"relics_obtained":[{"floor":6,"key":"FossilizedHelix"},{"floor":9,"key":"Cables"}],"event_choices":[{"damage_healed":0,"gold_gain":0,"player_choice":"2 cards matched","damage_taken":0,"max_hp_gain":0,"max_hp_loss":0,"event_name":"Match and Keep!","floor":3,"gold_loss":0,"cards_obtained":["Zap","Compile Driver"]}],"is_beta":false,"boss_relics":[],"items_purged_floors":[],"is_endless":false,"potions_floor_spawned":[1,6,8],"killed_by":"Lagavulin","ascension_level":15}