{"gold_per_floor":[112,132,11,29,29,29,55,70,96,130,130,149,149,168,168,168],"floor_reached":16,"playtime":1024,"items_purged":[],"score":129,"play_id":"acca49c0-19b6-4cc5-ad5b-5040b5df07f2","local_time":"20190718075415","is_ascension_mode":true,"campfire_choices":[{"data":"Neutralize","floor":6,"key":"SMITH"},{"floor":11,"key":"REST"},{"data":"Backstab","floor":13,"key":"SMITH"},{"floor":15,"key":"REST"}],"neow_cost":"NONE","seed_source_timestamp":26291414440158,"circlet_count":0,"master_deck":["Strike_G","Strike_G","Strike_G","Strike_G","Strike_G","Defend_G+1","Defend_G","Defend_G","Defend_G+1","Defend_G","Survivor","Neutralize+1","Leg Sweep","Footwork","Backflip","Dagger Spray","Backstab+1","Poisoned Stab","Dagger Spray"],"relics":["Ring of the Snake","Smiling Mask","War Paint","Vajra","Du-Vu Doll"],"potions_floor_usage":[7,7,14],"damage_taken":[{"damage":5,"enemies":"Cultist","floor":1,"turns":6},{"damage":0,"enemies":"Small Slimes","floor":2,"turns":4},{"damage":0,"enemies":"Jaw Worm","floor":4,"turns":8},{"damage":42,"enemies":"Lagavulin","floor":7,"turns":13},{"damage":0,"enemies":"3 Louse","floor":8,"turns":5},{"damage":12,"enemies":"3 Sentries","floor":10,"turns":7},{"damage":0,"enemies":"Exordium Wildlife","floor":12,"turns":4},{"damage":0,"enemies":"Lots of Slimes","floor":14,"turns":4},{"damage":45,"enemies":"Slime Boss","floor":16,"turns":9}],"seed_played":"4269166147258841962","potions_obtained":[{"floor":1,"key":"AttackPotion"},{"floor":2,"key":"SteroidPotion"},{"floor":12,"key":"Block Potion"},{"floor":14,"key":"GamblersBrew"}],"is_trial":false,"path_per_floor":["M","M","$","M","?","R","E","M","T","E","R","M","R","M","R","B"],"character_chosen":"THE_SILENT","items_purchased":["Footwork","Backflip"],"campfire_rested":2,"item_purchase_floors":[3,3],"current_hp_per_floor":[72,72,72,72,69,69,27,27,27,15,38,38,38,38,61,16],"gold":168,"neow_bonus":"TEN_PERCENT_HP_BONUS","is_prod":false,"is_daily":false,"chose_seed":false,"campfire_upgraded":2,"win_rate":0,"timestamp":1563454455,"path_taken":["M","?","$","M","?","R","E","M","T","E","R","M","R","M","R","BOSS"],"build_version":"2019-07-17","purchased_purges":0,"victory":false,"max_hp_per_floor":[77,77,77,77,77,77,77,77,77,77,77,77,77,77,77,77],"card_choices":[{"not_picked":["Eviscerate","Prepared","Masterful Stab"],"picked":"SKIP","floor":1},{"not_picked":["Reflex","PiercingWail"],"picked":"Leg Sweep","floor":2},{"not_picked":["Caltrops","Bane"],"picked":"Dagger Spray","floor":4},{"not_picked":["Deflect","PiercingWail"],"picked":"Backstab","floor":7},{"not_picked":["PiercingWail","Tactician","Dagger Spray"],"picked":"SKIP","floor":8},{"not_picked":["Heel Hook","Slice"],"picked":"Poisoned Stab","floor":10},{"not_picked":["Riddle With Holes","Poisoned Stab","Acrobatics"],"picked":"SKIP","floor":12},{"not_picked":["PiercingWail","Concentrate"],"picked":"Dagger Spray","floor":14}],"player_experience":150886,"relics_obtained":[{"floor":7,"key":"War Paint"},{"floor":9,"key":"Vajra"},{"floor":10,"key":"Du-Vu Doll"}],"event_choices":[{"damage_healed":0,"gold_gain":0,"player_choice":"Success","damage_taken":3,"relics_obtained":["Smiling Mask"],"max_hp_gain":0,"max_hp_loss":0,"event_name":"Scrap Ooze","floor":5,"gold_loss":0}],"is_beta":false,"boss_relics":[],"items_purged_floors":[],"is_endless":false,"potions_floor_spawned":[1,2,12,14],"killed_by":"Slime Boss","ascension_level":3}