{"gold_per_floor":[119,119,119,119,136,154,185,260,285,295,7,32,32,51,51,153,153,168,168,133,105,116,146,146],"floor_reached":24,"playtime":1444,"items_purged":[],"score":226,"play_id":"ce5d03ed-d4b5-4645-a61a-3de28f8e46a0","local_time":"20190613112931","is_ascension_mode":false,"campfire_choices":[{"data":"Armaments","floor":13,"key":"SMITH"},{"data":"Bash","floor":15,"key":"SMITH"}],"neow_cost":"NONE","seed_source_timestamp":38909870683910,"circlet_count":0,"master_deck":["Strike_R","Strike_R+1","Strike_R+1","Strike_R","Strike_R","Defend_R","Defend_R","Defend_R+1","Defend_R","Bash+1","Uppercut","Anger","Heavy Blade","Spot Weakness","Impervious","Metallicize","Armaments+1","Anger","Dark Embrace","Bloodletting+1","Metallicize","Hemokinesis","Inflame+1","Metallicize+1","Double Tap"],"relics":["Burning Blood","NeowsBlessing","Bronze Scales","Calipers","Juzu Bracelet","Shuriken","Red Skull","Tiny House","Dodecahedron"],"potions_floor_usage":[12,16,21,22],"damage_taken":[{"damage":0,"enemies":"Cultist","floor":1,"turns":1},{"damage":0,"enemies":"Small Slimes","floor":5,"turns":1},{"damage":0,"enemies":"2 Louse","floor":6,"turns":1},{"damage":23,"enemies":"Lagavulin","floor":7,"turns":5},{"damage":0,"enemies":"Large Slime","floor":10,"turns":4},{"damage":17,"enemies":"3 Sentries","floor":12,"turns":5},{"damage":3,"enemies":"Exordium Wildlife","floor":14,"turns":5},{"damage":19,"enemies":"Slime Boss","floor":16,"turns":6},{"damage":0,"enemies":"Chosen","floor":18,"turns":4},{"damage":27,"enemies":"2 Thieves","floor":21,"turns":5},{"damage":33,"enemies":"Cultist and Chosen","floor":22,"turns":7},{"damage":42,"enemies":"Slavers","floor":23,"turns":6},{"damage":16,"enemies":"Snecko","floor":24,"turns":3}],"seed_played":"-2350728187037388496","potions_obtained":[{"floor":1,"key":"Explosive Potion"},{"floor":10,"key":"PowerPotion"},{"floor":12,"key":"PowerPotion"},{"floor":14,"key":"Ancient Potion"},{"floor":22,"key":"FairyPotion"}],"is_trial":false,"path_per_floor":["M","?","?","$","M","M","E","?","T","M","$","E","R","M","R","B",null,"M","?","$","M","M","E","M"],"character_chosen":"IRONCLAD","items_purchased":["Shuriken","Metallicize","Hemokinesis"],"campfire_rested":0,"item_purchase_floors":[11,11,20],"current_hp_per_floor":[80,77,61,61,67,73,56,45,45,51,51,40,40,43,43,30,85,85,85,85,64,37,11,0],"gold":146,"neow_bonus":"THREE_ENEMY_KILL","is_prod":false,"is_daily":false,"chose_seed":false,"campfire_upgraded":2,"win_rate":0.0,"timestamp":1560418171,"path_taken":["M","?","?","$","M","M","E","?","T","M","$","E","R","M","R","BOSS","M","?","$","M","M","E","M"],"build_version":"2019-01-23","purchased_purges":0,"victory":false,"max_hp_per_floor":[80,80,80,80,80,80,80,80,80,80,80,80,80,80,80,80,85,85,85,85,85,85,85,85],"card_choices":[{"not_picked":["Rage","Ghostly Armor"],"picked":"Uppercut","floor":1},{"not_picked":["Sever Soul","Sword Boomerang"],"picked":"Anger","floor":5},{"not_picked":["Pommel Strike","Headbutt"],"picked":"Heavy Blade","floor":6},{"not_picked":["Clash","Iron Wave"],"picked":"Spot Weakness","floor":7},{"not_picked":["Body Slam","Flex"],"picked":"Impervious","floor":10},{"not_picked":["Pommel Strike","Perfected Strike"],"picked":"Armaments","floor":12},{"not_picked":["Corruption","Rage"],"picked":"Anger","floor":14},{"not_picked":["Brutality","Fiend Fire"],"picked":"Dark Embrace","floor":16},{"not_picked":["Uppercut+1","Heavy Blade+1"],"picked":"Bloodletting+1","floor":18},{"not_picked":["Anger","Clothesline"],"picked":"Inflame+1","floor":21},{"not_picked":["Sever Soul","Rupture"],"picked":"Metallicize+1","floor":22},{"not_picked":["Metallicize","Dropkick+1"],"picked":"Double Tap","floor":23}],"player_experience":8775,"relics_obtained":[{"floor":7,"key":"Calipers"},{"floor":9,"key":"Juzu Bracelet"},{"floor":12,"key":"Red Skull"},{"floor":23,"key":"Dodecahedron"}],"event_choices":[{"damage_healed":0,"gold_gain":0,"player_choice":"Success","damage_taken":3,"relics_obtained":["Bronze Scales"],"max_hp_gain":0,"max_hp_loss":0,"event_name":"Scrap Ooze","floor":2,"gold_loss":0},{"damage_healed":0,"gold_gain":0,"player_choice":"Entered Light","damage_taken":16,"max_hp_gain":0,"max_hp_loss":0,"event_name":"Shining Light","floor":3,"gold_loss":0,"cards_upgraded":["Defend_R","Strike_R"]},{"damage_healed":0,"gold_gain":75,"player_choice":"Gather Gold","damage_taken":11,"max_hp_gain":0,"max_hp_loss":0,"event_name":"World of Goop","floor":8,"gold_loss":0},{"damage_healed":0,"gold_gain":0,"player_choice":"Read","damage_taken":0,"max_hp_gain":0,"max_hp_loss":0,"event_name":"The Library","floor":19,"gold_loss":0,"cards_obtained":["Metallicize"]}],"is_beta":false,"boss_relics":[{"not_picked":["Runic Cube","Orrery"],"picked":"Tiny House"}],"items_purged_floors":[],"is_endless":false,"potions_floor_spawned":[1,10,12,14,22],"killed_by":"Snecko","ascension_level":0}