{"gold_per_floor":[116,126,138,138,11,46,46,74,74,74,74,74,74,149,149,149],"floor_reached":16,"playtime":479,"items_purged":["Strike_R"],"score":212,"play_id":"86cbb571-8e1b-44a3-a17b-adf83c7c875e","local_time":"20190714210450","is_ascension_mode":true,"campfire_choices":[{"data":"Armaments","floor":7,"key":"SMITH"},{"floor":10,"key":"REST"},{"data":"Bash","floor":12,"key":"SMITH"},{"data":"Pommel Strike","floor":15,"key":"SMITH"}],"neow_cost":"PERCENT_DAMAGE","seed_source_timestamp":443479691327492,"circlet_count":0,"master_deck":["AscendersBane","Strike_R","Strike_R","Strike_R","Defend_R","Defend_R","Defend_R","Defend_R","Bash+1","True Grit","Pommel Strike+1","Disarm","Cleave","Armaments+1","Impervious"],"relics":["Burning Blood","Bronze Scales","Turnip","Golden Idol"],"potions_floor_usage":[6,8],"damage_taken":[{"damage":7,"enemies":"Cultist","floor":1,"turns":4},{"damage":5,"enemies":"Small Slimes","floor":2,"turns":4},{"damage":4,"enemies":"2 Louse","floor":3,"turns":4},{"damage":44,"enemies":"Gremlin Nob","floor":6,"turns":5},{"damage":26,"enemies":"Lagavulin","floor":8,"turns":9},{"damage":47,"enemies":"Slime Boss","floor":16,"turns":8}],"seed_played":"5323025803746093037","potions_obtained":[{"floor":2,"key":"SpeedPotion"},{"floor":6,"key":"PowerPotion"},{"floor":8,"key":"FairyPotion"}],"is_trial":false,"path_per_floor":["M","M","M","?","$","E","R","E","T","R","$","R","?","?","R","B"],"character_chosen":"IRONCLAD","items_purchased":["Cleave"],"campfire_rested":1,"item_purchase_floors":[5],"current_hp_per_floor":[63,64,66,66,66,28,28,8,8,34,34,34,34,23,23,0],"gold":149,"neow_bonus":"TWENTY_PERCENT_HP_BONUS","is_prod":false,"is_daily":false,"chose_seed":false,"campfire_upgraded":3,"win_rate":0,"timestamp":1563152690,"path_taken":["M","M","M","?","$","E","R","E","T","R","?","R","?","?","R","BOSS"],"build_version":"2019-07-05","purchased_purges":1,"victory":false,"max_hp_per_floor":[89,89,89,89,89,89,89,89,89,89,89,89,81,81,81,81],"card_choices":[{"not_picked":["Bloodletting","Havoc"],"picked":"True Grit","floor":1},{"not_picked":["Headbutt","Havoc"],"picked":"Pommel Strike","floor":2},{"not_picked":["Bloodletting","Headbutt"],"picked":"Disarm","floor":3},{"not_picked":["Perfected Strike","Warcry"],"picked":"Armaments","floor":6},{"not_picked":["Infernal Blade","Cleave"],"picked":"Impervious","floor":8}],"player_experience":1489199,"relics_obtained":[{"floor":6,"key":"Bronze Scales"},{"floor":8,"key":"Turnip"}],"event_choices":[{"cards_removed":["Strike_R"],"damage_healed":0,"gold_gain":0,"player_choice":"Purged","damage_taken":0,"max_hp_gain":0,"max_hp_loss":0,"event_name":"Purifier","floor":4,"gold_loss":0},{"damage_healed":0,"gold_gain":0,"player_choice":"Lose Max HP","damage_taken":0,"relics_obtained":["Golden Idol"],"max_hp_gain":0,"max_hp_loss":8,"event_name":"Golden Idol","floor":13,"gold_loss":0},{"damage_healed":0,"gold_gain":75,"player_choice":"Gather Gold","damage_taken":11,"max_hp_gain":0,"max_hp_loss":0,"event_name":"World of Goop","floor":14,"gold_loss":0}],"is_beta":false,"boss_relics":[],"items_purged_floors":[5],"is_endless":false,"potions_floor_spawned":[2,6,8],"killed_by":"Slime Boss","ascension_level":20}