{"gold_per_floor":[118,43,43,57,57,57,86,86,86,33,33,58,71,104,104,104],"floor_reached":16,"playtime":478,"items_purged":["Pain"],"score":212,"play_id":"f5f83e95-32ec-4a02-a626-b5bfe2a9259b","local_time":"20181026141306","is_ascension_mode":true,"campfire_choices":[{"data":"Zap","floor":6,"key":"SMITH"},{"floor":11,"key":"REST"},{"data":"Go for the Eyes","floor":15,"key":"SMITH"}],"neow_cost":"CURSE","seed_source_timestamp":670082713379831,"circlet_count":0,"master_deck":["Strike_B","Strike_B","Strike_B","Defend_B","Defend_B+1","Defend_B","Defend_B+1","Zap+1","Dualcast","AscendersBane","Electrodynamics","Loop","Ball Lightning","Steam","Go for the Eyes+1","Chill","FTL"],"relics":["Cracked Core","Odd Mushroom","Ornamental Fan","Blood Vial","Bottled Flame"],"potions_floor_usage":[12,14,16],"damage_taken":[{"damage":4,"enemies":"Jaw Worm","floor":1,"turns":3},{"damage":1,"enemies":"Cultist","floor":4,"turns":4},{"damage":15,"enemies":"The Mushroom Lair","floor":7,"turns":3},{"damage":29,"enemies":"Gremlin Nob","floor":12,"turns":4},{"damage":0,"enemies":"Small Slimes","floor":13,"turns":1},{"damage":10,"enemies":"Lagavulin","floor":14,"turns":5},{"damage":17,"enemies":"Hexaghost","floor":16,"turns":7}],"seed_played":"-5854778716571410742","potions_obtained":[{"floor":7,"key":"SkillPotion"},{"floor":12,"key":"SteroidPotion"},{"floor":14,"key":"FearPotion"}],"is_trial":false,"path_per_floor":["M","$","?","M","?","R","?","?","T","$","R","E","M","E","R"],"character_chosen":"DEFECT","items_purchased":["Steam"],"campfire_rested":1,"item_purchase_floors":[10],"current_hp_per_floor":[60,60,60,59,59,59,44,23,23,23,44,15,17,9,9,0],"gold":104,"neow_bonus":"THREE_RARE_CARDS","is_prod":false,"is_daily":false,"chose_seed":false,"campfire_upgraded":2,"win_rate":0,"timestamp":1540577586,"path_taken":["M","$","?","M","?","R","?","?","T","?","R","E","?","E","R","BOSS"],"build_version":"2018-10-25v2","purchased_purges":1,"victory":false,"max_hp_per_floor":[71,71,71,71,71,71,71,71,71,71,71,71,71,71,71,71],"card_choices":[{"not_picked":["All For One","Machine Learning"],"picked":"Electrodynamics","floor":0},{"not_picked":["Steam Power","Rebound","Storm"],"picked":"SKIP","floor":1},{"not_picked":["Leap","Beam Cell"],"picked":"Loop","floor":4},{"not_picked":["Force Field","Recycle"],"picked":"Ball Lightning","floor":7},{"not_picked":["Doom and Gloom","Redo"],"picked":"Go for the Eyes","floor":12},{"not_picked":["Steam","Barrage"],"picked":"Chill","floor":13},{"not_picked":["Fusion","Hologram"],"picked":"FTL","floor":14}],"player_experience":988916,"relics_obtained":[{"floor":7,"key":"Odd Mushroom"},{"floor":9,"key":"Ornamental Fan"},{"floor":12,"key":"Blood Vial"},{"floor":14,"key":"Bottled Flame"}],"event_choices":[{"damage_healed":0,"gold_gain":0,"player_choice":"Ignored","damage_taken":0,"max_hp_gain":0,"max_hp_loss":0,"event_name":"WeMeetAgain","floor":3,"gold_loss":0},{"cards_removed":["Strike_B"],"damage_healed":0,"gold_gain":0,"player_choice":"Purged","damage_taken":0,"max_hp_gain":0,"max_hp_loss":0,"event_name":"Purifier","floor":5,"gold_loss":0},{"damage_healed":0,"gold_gain":0,"player_choice":"Fought Mushrooms","damage_taken":0,"max_hp_gain":0,"max_hp_loss":0,"event_name":"Mushrooms","floor":7,"gold_loss":0},{"damage_healed":0,"gold_gain":0,"player_choice":"Entered Light","damage_taken":21,"max_hp_gain":0,"max_hp_loss":0,"event_name":"Shining Light","floor":8,"gold_loss":0,"cards_upgraded":["Defend_B","Defend_B"]}],"is_beta":false,"boss_relics":[],"items_purged_floors":[2],"is_endless":false,"potions_floor_spawned":[7,12,14],"killed_by":"Hexaghost","ascension_level":20}