{"gold_per_floor":[11,22,22,197,197,197,237,237,283,331,228,228,244,269,269,269],"floor_reached":16,"playtime":744,"items_purged":["Strike_R"],"score":130,"play_id":"dcd3a1f4-7344-438e-b79b-16267abf8ea3","local_time":"20190722123857","is_ascension_mode":true,"campfire_choices":[{"floor":6,"key":"REST"},{"floor":8,"key":"REST"},{"floor":15,"key":"REST"}],"neow_cost":"NO_GOLD","seed_source_timestamp":72739505874028,"circlet_count":0,"master_deck":["Strike_R","Strike_R","Strike_R","Strike_R","Defend_R","Defend_R","Defend_R","Defend_R+1","Bash+1","Mind Blast","Trip","Dropkick","Doubt","Thunderclap","Second Wind","Shrug It Off"],"relics":["Burning Blood","Golden Idol","Thread and Needle","MawBank","Mummified Hand","Matryoshka"],"potions_floor_usage":[7,14,16],"damage_taken":[{"damage":9,"enemies":"Jaw Worm","floor":1,"turns":3},{"damage":0,"enemies":"Small Slimes","floor":2,"turns":3},{"damage":35,"enemies":"Gremlin Nob","floor":7,"turns":5},{"damage":50,"enemies":"Lagavulin","floor":10,"turns":7},{"damage":2,"enemies":"Cultist","floor":13,"turns":4},{"damage":10,"enemies":"Exordium Thugs","floor":14,"turns":5},{"damage":78,"enemies":"Slime Boss","floor":16,"turns":11}],"seed_played":"-8112455567484838206","potions_obtained":[{"floor":2,"key":"Regen Potion"},{"floor":13,"key":"Regen Potion"},{"floor":14,"key":"Block Potion"}],"is_trial":false,"path_per_floor":["M","M","?","?","?","R","E","R","T","E","$","?","M","M","R","B"],"character_chosen":"IRONCLAD","items_purchased":["Second Wind"],"campfire_rested":3,"item_purchase_floors":[11],"current_hp_per_floor":[77,80,60,60,44,68,48,72,72,28,28,28,32,37,61,0],"gold":269,"neow_bonus":"RANDOM_COLORLESS_2","is_prod":false,"is_daily":false,"chose_seed":false,"campfire_upgraded":0,"win_rate":0,"timestamp":1563791937,"path_taken":["M","M","?","?","?","R","E","R","T","E","?","?","?","M","R","BOSS"],"build_version":"2019-07-17","purchased_purges":1,"victory":false,"max_hp_per_floor":[80,80,80,80,80,80,80,80,80,80,80,80,80,80,80,80],"card_choices":[{"not_picked":["Heavy Blade","Intimidate"],"picked":"Dropkick","floor":1},{"not_picked":["Fire Breathing","Disarm","Perfected Strike"],"picked":"SKIP","floor":2},{"not_picked":["Clash","Rage"],"picked":"Thunderclap","floor":7},{"not_picked":["Clothesline","Metallicize","Hemokinesis"],"picked":"SKIP","floor":10},{"not_picked":["Infernal Blade","Headbutt"],"picked":"Shrug It Off","floor":13},{"not_picked":["Combust","Second Wind","Sever Soul"],"picked":"SKIP","floor":14}],"player_experience":278270,"relics_obtained":[{"floor":7,"key":"Thread and Needle"},{"floor":9,"key":"MawBank"},{"floor":10,"key":"Mummified Hand"},{"floor":12,"key":"Matryoshka"}],"event_choices":[{"damage_healed":0,"gold_gain":0,"player_choice":"Take Damage","damage_taken":20,"relics_obtained":["Golden Idol"],"max_hp_gain":0,"max_hp_loss":0,"event_name":"Golden Idol","floor":3,"gold_loss":0},{"damage_healed":0,"gold_gain":175,"player_choice":"AGREE","damage_taken":0,"max_hp_gain":0,"max_hp_loss":0,"event_name":"Liars Game","floor":4,"gold_loss":0,"cards_obtained":["Doubt"]},{"damage_healed":0,"gold_gain":0,"player_choice":"Entered Light","damage_taken":16,"max_hp_gain":0,"max_hp_loss":0,"event_name":"Shining Light","floor":5,"gold_loss":0,"cards_upgraded":["Defend_R","Bash"]},{"damage_healed":0,"gold_gain":0,"player_choice":"Relic","damage_taken":0,"max_hp_gain":0,"max_hp_loss":0,"event_name":"Wheel of Change","floor":12,"gold_loss":0}],"is_beta":false,"boss_relics":[],"items_purged_floors":[11],"is_endless":false,"potions_floor_spawned":[2,13,14],"killed_by":"Slime Boss","ascension_level":4}