{"gold_per_floor":[113,113,113,129,143,143,162,173,220,60,60,94,94,113,113,113],"floor_reached":16,"playtime":646,"items_purged":[],"score":184,"play_id":"a8d2eb03-1443-4fbf-bce9-b59a8f9d9631","local_time":"20190721140647","is_ascension_mode":true,"campfire_choices":[{"data":"Zap","floor":6,"key":"SMITH"},{"data":"Dualcast","floor":11,"key":"SMITH"},{"floor":15,"key":"REST"}],"neow_cost":"NONE","seed_source_timestamp":78964476234312,"circlet_count":0,"master_deck":["AscendersBane","Strike_B","Strike_B","Strike_B","Strike_B","Defend_B","Defend_B+1","Defend_B","Defend_B","Zap+1","Dualcast+1","Multi-Cast","BootSequence","Leap+1","Hologram","Go for the Eyes","Reboot","Parasite","Hologram"],"relics":["Cracked Core","Darkstone Periapt","Strawberry","War Paint","Vajra"],"potions_floor_usage":[8,12,16],"damage_taken":[{"damage":7,"enemies":"2 Louse","floor":1,"turns":3},{"damage":0,"enemies":"Jaw Worm","floor":4,"turns":3},{"damage":2,"enemies":"Small Slimes","floor":5,"turns":4},{"damage":1,"enemies":"Looter","floor":7,"turns":4},{"damage":10,"enemies":"Lots of Slimes","floor":8,"turns":3},{"damage":49,"enemies":"Gremlin Nob","floor":12,"turns":6},{"damage":1,"enemies":"Red Slaver","floor":14,"turns":3},{"damage":64,"enemies":"Slime Boss","floor":16,"turns":10}],"seed_played":"2190504925675473574","potions_obtained":[{"floor":1,"key":"LiquidBronze"},{"floor":5,"key":"SkillPotion"},{"floor":8,"key":"FocusPotion"}],"is_trial":false,"path_per_floor":["M","?","T","M","M","R","M","M","T","$","R","E","?","M","R","B"],"character_chosen":"DEFECT","items_purchased":["War Paint"],"campfire_rested":1,"item_purchase_floors":[10],"current_hp_per_floor":[57,62,62,62,60,60,59,49,56,56,56,7,33,32,58,0],"gold":113,"neow_bonus":"ONE_RANDOM_RARE_CARD","is_prod":false,"is_daily":false,"chose_seed":false,"campfire_upgraded":2,"win_rate":0,"timestamp":1563732407,"path_taken":["M","?","?","M","M","R","M","M","T","$","R","E","?","M","R","BOSS"],"build_version":"2019-07-17","purchased_purges":0,"victory":false,"max_hp_per_floor":[71,76,76,76,76,76,76,76,83,83,83,83,89,89,89,89],"card_choices":[{"not_picked":["Gash","Sweeping Beam"],"picked":"BootSequence","floor":1},{"not_picked":["Turbo","Compile Driver"],"picked":"Leap","floor":4},{"not_picked":["Barrage","Streamline","Blizzard"],"picked":"SKIP","floor":5},{"not_picked":["Barrage","Turbo"],"picked":"Hologram","floor":7},{"not_picked":["Gash","Streamline"],"picked":"Go for the Eyes","floor":8},{"not_picked":["Steam","Beam Cell"],"picked":"Reboot","floor":12},{"not_picked":["Gash","Barrage"],"picked":"Hologram","floor":14}],"player_experience":565220,"relics_obtained":[{"floor":3,"key":"Darkstone Periapt"},{"floor":9,"key":"Strawberry"},{"floor":12,"key":"Vajra"}],"event_choices":[{"damage_healed":0,"gold_gain":0,"player_choice":"Donut","damage_taken":0,"max_hp_gain":5,"max_hp_loss":0,"event_name":"Big Fish","floor":2,"gold_loss":0},{"damage_healed":20,"gold_gain":0,"player_choice":"Healed and dodged fight","damage_taken":0,"max_hp_gain":0,"max_hp_loss":0,"event_name":"Mushrooms","floor":13,"gold_loss":0,"cards_obtained":["Parasite"]}],"is_beta":false,"boss_relics":[],"items_purged_floors":[],"is_endless":false,"potions_floor_spawned":[1,5,8],"killed_by":"Slime Boss","ascension_level":16}