{"gold_per_floor":[113,126,126,51,67,67,100,100,175,209,209,209,220,245,245,245],"floor_reached":16,"playtime":664,"items_purged":["Strike_R"],"score":236,"play_id":"37a04597-3230-410d-82e8-0e8797e0ea98","local_time":"20190517172207","is_ascension_mode":true,"campfire_choices":[{"data":"Bash","floor":6,"key":"SMITH"},{"data":"Carnage","floor":8,"key":"SMITH"},{"floor":11,"key":"REST"},{"data":"Shrug It Off","floor":15,"key":"SMITH"}],"neow_cost":"PERCENT_DAMAGE","seed_source_timestamp":108196605181885,"circlet_count":0,"master_deck":["AscendersBane","Strike_R","Strike_R","Defend_R","Defend_R","Defend_R","Defend_R","Bash+1","Shrug It Off+1","Carnage+1","Headbutt","Corruption","Battle Trance","Dual Wield"],"relics":["Burning Blood","Bronze Scales","Ornamental Fan","Oddly Smooth Stone","Du-Vu Doll"],"potions_floor_usage":[7,7,14],"damage_taken":[{"damage":12,"enemies":"Small Slimes","floor":1,"turns":7},{"damage":11,"enemies":"Cultist","floor":2,"turns":6},{"damage":4,"enemies":"Jaw Worm","floor":5,"turns":4},{"damage":25,"enemies":"Gremlin Nob","floor":7,"turns":4},{"damage":24,"enemies":"3 Sentries","floor":10,"turns":9},{"damage":2,"enemies":"Red Slaver","floor":13,"turns":3},{"damage":24,"enemies":"Gremlin Nob","floor":14,"turns":4},{"damage":36,"enemies":"The Guardian","floor":16,"turns":11}],"seed_played":"-499458214403187401","potions_obtained":[{"floor":1,"key":"GamblersBrew"},{"floor":2,"key":"EssenceOfSteel"},{"floor":10,"key":"Ancient Potion"}],"is_trial":false,"path_per_floor":["M","M","?","$","M","R","E","R","T","E","R","?","M","E","R","B"],"character_chosen":"IRONCLAD","items_purchased":[],"campfire_rested":1,"item_purchase_floors":[],"current_hp_per_floor":[58,53,53,53,55,55,36,36,36,18,44,44,48,30,30,0],"gold":245,"neow_bonus":"TWENTY_PERCENT_HP_BONUS","is_prod":false,"is_daily":false,"chose_seed":false,"campfire_upgraded":3,"win_rate":0,"timestamp":1558128127,"path_taken":["M","M","?","?","M","R","E","R","T","E","R","?","M","E","R","BOSS"],"build_version":"2019-01-23","purchased_purges":1,"victory":false,"max_hp_per_floor":[89,89,89,89,89,89,89,89,89,89,89,89,89,89,89,89],"card_choices":[{"not_picked":["Combust","Cleave"],"picked":"Shrug It Off","floor":1},{"not_picked":["Infernal Blade","Perfected Strike"],"picked":"Carnage","floor":2},{"not_picked":["Cleave","Power Through"],"picked":"Headbutt","floor":5},{"not_picked":["True Grit","Combust"],"picked":"Corruption","floor":7},{"not_picked":["Iron Wave","Infernal Blade"],"picked":"Battle Trance","floor":10},{"not_picked":["Blood for Blood","Searing Blow","Sever Soul"],"picked":"SKIP","floor":13},{"not_picked":["Headbutt","Pommel Strike","Clash"],"picked":"SKIP","floor":14}],"player_experience":1413542,"relics_obtained":[{"floor":7,"key":"Bronze Scales"},{"floor":9,"key":"Ornamental Fan"},{"floor":10,"key":"Oddly Smooth Stone"},{"floor":14,"key":"Du-Vu Doll"}],"event_choices":[{"cards_removed":["Strike_R"],"damage_healed":0,"gold_gain":0,"player_choice":"Purged","damage_taken":0,"max_hp_gain":0,"max_hp_loss":0,"event_name":"Purifier","floor":3,"gold_loss":0},{"damage_healed":0,"gold_gain":0,"cards_transformed":["Strike_R"],"player_choice":"Transformed","damage_taken":0,"max_hp_gain":0,"max_hp_loss":0,"event_name":"Transmorgrifier","floor":12,"gold_loss":0,"cards_obtained":["Dual Wield"]}],"is_beta":false,"boss_relics":[],"items_purged_floors":[4],"is_endless":false,"potions_floor_spawned":[1,2,5,10],"killed_by":"The Guardian","ascension_level":20}