{"gold_per_floor":[15,31,31,48,62,79,79,98,98,116,151,301,301,301,301,374,374,385,397,43,55,75,103,103,103,103,117,117,117,150,163,163,235,235,250,265,280,7,57,73,89,89,89,89,89,21,48,12,12,12],"floor_reached":51,"playtime":2847,"items_purged":["Doubt","Writhe"],"score":1356,"play_id":"0b489f21-7498-4f36-9ba6-b886b4562077","local_time":"20181012114458","is_ascension_mode":true,"campfire_choices":[{"data":"Neutralize","floor":7,"key":"SMITH"},{"data":"Dagger Spray","floor":13,"key":"SMITH"},{"data":"Dash","floor":15,"key":"SMITH"},{"data":"Apotheosis","floor":25,"key":"SMITH"},{"data":"Sucker Punch","floor":29,"key":"SMITH"},{"data":"A Thousand Cuts","floor":32,"key":"SMITH"},{"data":"Night Terror","floor":42,"key":"SMITH"},{"data":"Blade Dance","floor":44,"key":"SMITH"},{"data":"Adrenaline","floor":49,"key":"SMITH"}],"neow_cost":"NO_GOLD","seed_source_timestamp":158062730326750,"circlet_count":0,"master_deck":["Defend_G","Defend_G","Defend_G","Defend_G","Defend_G","Strike_G","Strike_G","Survivor","Neutralize+1","AscendersBane","Dagger Spray+1","Escape Plan","Heel Hook","Poisoned Stab","Dash+1","Dodge and Roll","PiercingWail","Heel Hook","A Thousand Cuts+1","Blade Dance+1","PiercingWail+1","Apotheosis+1","Footwork+1","PiercingWail","Finisher","Sucker Punch+1","Concentrate","Night Terror+1","Blur","Corpse Explosion","Calculated Gamble","Backstab+1","Concentrate","Blade Dance","Footwork+1","Endless Agony","Well Laid Plans+1","Adrenaline+1","Catalyst"],"relics":["Ring of the Snake","Ninja Scroll","Blood Vial","Shuriken","Coffee Dripper","Pantograph","Unceasing Top","Bottled Tornado","Frozen Egg 2","Empty Cage","Strawberry","Bird Faced Urn","Smiling Mask"],"potions_floor_usage":[11,23,23,30,30,33,37,50],"damage_taken":[{"damage":1,"enemies":"Small Slimes","floor":1,"turns":4},{"damage":2,"enemies":"2 Louse","floor":2,"turns":4},{"damage":0,"enemies":"Jaw Worm","floor":4,"turns":6},{"damage":8,"enemies":"Blue Slaver","floor":5,"turns":6},{"damage":0,"enemies":"Gremlin Gang","floor":6,"turns":3},{"damage":6,"enemies":"Looter","floor":8,"turns":4},{"damage":0,"enemies":"2 Fungi Beasts","floor":10,"turns":4},{"damage":0,"enemies":"Gremlin Nob","floor":11,"turns":3},{"damage":14,"enemies":"The Guardian","floor":16,"turns":14},{"damage":0,"enemies":"Chosen","floor":18,"turns":4},{"damage":0,"enemies":"Spheric Guardian","floor":19,"turns":3},{"damage":11,"enemies":"Centurion and Healer","floor":21,"turns":7},{"damage":0,"enemies":"Chosen and Byrds","floor":22,"turns":4},{"damage":0,"enemies":"Book of Stabbing","floor":23,"turns":4},{"damage":18,"enemies":"Shelled Parasite and Fungi","floor":27,"turns":6},{"damage":1,"enemies":"Gremlin Leader","floor":30,"turns":5},{"damage":30,"enemies":"Cultist and Chosen","floor":31,"turns":7},{"damage":18,"enemies":"Automaton","floor":33,"turns":13},{"damage":15,"enemies":"Orb Walker","floor":35,"turns":4},{"damage":16,"enemies":"3 Darklings","floor":36,"turns":4},{"damage":13,"enemies":"Transient","floor":37,"turns":5},{"damage":0,"enemies":"4 Shapes","floor":40,"turns":4},{"damage":0,"enemies":"Maw","floor":41,"turns":6},{"damage":35,"enemies":"Nemesis","floor":47,"turns":7},{"damage":12,"enemies":"Donu and Deca","floor":50,"turns":8}],"seed_played":"4450222423683695829","potions_obtained":[{"floor":2,"key":"EssenceOfSteel"},{"floor":10,"key":"SkillPotion"},{"floor":11,"key":"Strength Potion"},{"floor":23,"key":"Strength Potion"},{"floor":27,"key":"EssenceOfSteel"},{"floor":31,"key":"Poison Potion"},{"floor":35,"key":"Fire Potion"},{"floor":37,"key":"GamblersBrew"}],"is_trial":false,"path_per_floor":["M","M","?","M","M","M","R","M","T","M","E","?","R","?","R","B",null,"M","M","$","M","M","E","?","R","T","M","?","R","E","M","R","B",null,"M","M","M","$","?","M","M","R","T","R","?","$","E","$","R","B"],"character_chosen":"THE_SILENT","items_purchased":["Apotheosis","Footwork","Blade Dance","Strawberry","Well Laid Plans+1","Catalyst"],"campfire_rested":0,"item_purchase_floors":[20,20,38,38,46,48],"current_hp_per_floor":[70,68,61,61,53,53,53,47,47,47,47,47,47,29,29,17,63,65,67,67,58,60,62,62,62,62,46,46,46,47,19,19,28,66,53,39,28,35,35,37,39,39,39,39,70,70,39,39,39,60],"gold":12,"neow_bonus":"TWENTY_PERCENT_HP_BONUS","is_prod":false,"is_daily":false,"chose_seed":false,"campfire_upgraded":9,"win_rate":0,"timestamp":1539359098,"path_taken":["M","M","?","M","M","?","R","M","T","M","E","?","R","?","R","BOSS","M","M","$","M","M","E","?","R","T","?","?","R","E","M","R","BOSS","M","M","M","$","?","M","?","R","T","R","?","$","E","?","R","BOSS"],"build_version":"2018-10-11","purchased_purges":2,"victory":true,"max_hp_per_floor":[78,78,78,78,78,78,78,78,78,78,78,78,78,78,78,78,78,78,78,78,78,78,78,78,78,78,78,78,78,78,78,78,78,78,78,78,78,85,85,85,85,85,85,85,70,70,70,70,70,70],"card_choices":[{"not_picked":["Prepared","Slice"],"picked":"Dagger Spray","floor":1},{"not_picked":["Poisoned Stab","Finisher"],"picked":"Escape Plan","floor":2},{"not_picked":["Slice","Prepared"],"picked":"Heel Hook","floor":4},{"not_picked":["Eviscerate","Prepared"],"picked":"Poisoned Stab","floor":5},{"not_picked":["Blade Dance","Concentrate"],"picked":"Dash","floor":6},{"not_picked":["Dagger Throw","Tactician"],"picked":"Dodge and Roll","floor":8},{"not_picked":["Deflect","Quick Slash"],"picked":"PiercingWail","floor":10},{"not_picked":["Escape Plan","Acrobatics"],"picked":"Heel Hook","floor":11},{"not_picked":["Corpse Explosion","Phantasmal Killer"],"picked":"A Thousand Cuts","floor":16},{"not_picked":["Deadly Poison","Sucker Punch"],"picked":"Blade Dance","floor":18},{"not_picked":["Setup+1","Heel Hook"],"picked":"PiercingWail+1","floor":19},{"not_picked":["Concentrate","Underhanded Strike"],"picked":"PiercingWail","floor":21},{"not_picked":["Poisoned Stab+1","Expertise"],"picked":"Finisher","floor":22},{"not_picked":["Tactician","Acrobatics"],"picked":"Sucker Punch","floor":23},{"not_picked":["Choke","Distraction"],"picked":"Concentrate","floor":27},{"not_picked":["Bane","Burst"],"picked":"Night Terror","floor":30},{"not_picked":["Prepared","Crippling Poison"],"picked":"Blur","floor":31},{"not_picked":["Grand Finale","Doppelganger"],"picked":"Corpse Explosion","floor":33},{"not_picked":["Eviscerate+1","Dagger Throw"],"picked":"Calculated Gamble","floor":35},{"not_picked":["Acrobatics","Choke"],"picked":"Backstab+1","floor":36},{"not_picked":["Deadly Poison","Blur"],"picked":"Concentrate","floor":37},{"not_picked":["Deflect","Bullet Time"],"picked":"Footwork+1","floor":40},{"not_picked":["Poisoned Stab","Quick Slash"],"picked":"Endless Agony","floor":41},{"not_picked":["Prepared","Dagger Throw+1"],"picked":"Adrenaline","floor":47}],"player_experience":864070,"relics_obtained":[{"floor":9,"key":"Ninja Scroll"},{"floor":11,"key":"Blood Vial"},{"floor":23,"key":"Pantograph"},{"floor":26,"key":"Bottled Tornado"},{"floor":30,"key":"Frozen Egg 2"},{"floor":43,"key":"Bird Faced Urn"},{"floor":47,"key":"Smiling Mask"}],"event_choices":[{"event_name":"Golden Wing","player_choice":"Card Removal","floor":3,"damage_taken":0},{"event_name":"Liars Game","player_choice":"agreed","floor":12,"damage_taken":0},{"event_name":"Scrap Ooze","player_choice":"success","floor":14,"damage_taken":18},{"event_name":"The Mausoleum","player_choice":"Yes","floor":24,"damage_taken":0},{"event_name":"Accursed Blacksmith","player_choice":"Forge","floor":28,"damage_taken":0},{"event_name":"Golden Shrine","player_choice":"Pray","floor":39,"damage_taken":0},{"event_name":"The Moai Head","player_choice":"Heal","floor":45,"damage_taken":0}],"is_beta":false,"boss_relics":[{"not_picked":["Snecko Eye","HoveringKite"],"picked":"Coffee Dripper"},{"not_picked":["Velvet Choker","White Beast Statue"],"picked":"Empty Cage"}],"items_purged_floors":[20,38],"is_endless":false,"potions_floor_spawned":[2,10,11,16,19,21,23,27,31,35,37],"ascension_level":15}