{"gold_per_floor":[109,124,134,151,151,195,195,195],"floor_reached":8,"playtime":933,"items_purged":[],"score":67,"play_id":"7f9f8f9f-640f-496d-9da4-0c5b4883d7f4","local_time":"20190429110946","is_ascension_mode":true,"campfire_choices":[],"neow_cost":"PERCENT_DAMAGE","seed_source_timestamp":22229701266339,"circlet_count":0,"master_deck":["Strike_R","Strike_R","Strike_R","Strike_R","Defend_R","Defend_R","Defend_R","Defend_R","Battle Trance","Flame Barrier","Injury","Parasite"],"relics":["Burning Blood","Golden Idol","Sundial"],"potions_floor_usage":[3,4,6,8],"damage_taken":[{"damage":0,"enemies":"Small Slimes","floor":1,"turns":3},{"damage":0,"enemies":"2 Louse","floor":2,"turns":4},{"damage":7,"enemies":"Jaw Worm","floor":3,"turns":6},{"damage":4,"enemies":"Blue Slaver","floor":4,"turns":5},{"damage":50,"enemies":"Gremlin Nob","floor":6,"turns":6},{"damage":60,"enemies":"3 Sentries","floor":8,"turns":11}],"seed_played":"3441574759527741203","potions_obtained":[{"floor":1,"key":"LiquidBronze"},{"floor":3,"key":"Weak Potion"},{"floor":4,"key":"Block Potion"},{"floor":6,"key":"BloodPotion"}],"is_trial":false,"path_per_floor":["M","M","M","M","?","E","?","E"],"character_chosen":"IRONCLAD","items_purchased":[],"campfire_rested":0,"item_purchase_floors":[],"current_hp_per_floor":[62,68,67,69,69,25,45,0],"gold":195,"neow_bonus":"REMOVE_TWO","is_prod":false,"is_daily":false,"chose_seed":false,"campfire_upgraded":0,"win_rate":0,"timestamp":1556550586,"path_taken":["M","M","M","M","?","E","?","E"],"build_version":"2019-01-23","purchased_purges":0,"victory":false,"max_hp_per_floor":[80,80,80,80,80,80,80,80],"card_choices":[{"not_picked":["Spot Weakness","Heavy Blade"],"picked":"Battle Trance","floor":1},{"not_picked":["Searing Blow","Flex","Sword Boomerang"],"picked":"SKIP","floor":2},{"not_picked":["Dropkick","Anger","Clash"],"picked":"SKIP","floor":3},{"not_picked":["Reckless Charge","Power Through"],"picked":"Flame Barrier","floor":4},{"not_picked":["Carnage","Body Slam","Power Through"],"picked":"SKIP","floor":6}],"player_experience":218392,"relics_obtained":[{"floor":6,"key":"Sundial"}],"event_choices":[{"damage_healed":0,"gold_gain":0,"player_choice":"Take Wound","damage_taken":0,"relics_obtained":["Golden Idol"],"max_hp_gain":0,"max_hp_loss":0,"event_name":"Golden Idol","floor":5,"gold_loss":0,"cards_obtained":["Injury"]},{"damage_healed":20,"gold_gain":0,"player_choice":"Healed and dodged fight","damage_taken":0,"max_hp_gain":0,"max_hp_loss":0,"event_name":"Mushrooms","floor":7,"gold_loss":0,"cards_obtained":["Parasite"]}],"is_beta":false,"boss_relics":[],"items_purged_floors":[],"is_endless":false,"potions_floor_spawned":[1,3,4,6],"killed_by":"3 Sentries","ascension_level":3}