{"gold_per_floor":[109,109,122,140,140,140,172,182,182,198,198,198,498,537,537,537],"floor_reached":16,"playtime":498,"items_purged":[],"score":220,"play_id":"142198a9-6a3d-4a15-9edf-206047d5176b","local_time":"20181125131611","is_ascension_mode":true,"campfire_choices":[{"data":"Hemokinesis","floor":6,"key":"SMITH"},{"floor":12,"key":"REST"},{"data":"Havoc","floor":15,"key":"SMITH"}],"neow_cost":"NONE","seed_source_timestamp":968649462449,"circlet_count":0,"master_deck":["AscendersBane","Strike_R","Strike_R","Strike_R","Strike_R","Strike_R","Defend_R","Defend_R+1","Defend_R","Defend_R","Bash+1","Shockwave","Anger","Hemokinesis+1","Spot Weakness+1","Havoc+1","True Grit+1","Juggernaut"],"relics":["Burning Blood","War Paint","Toxic Egg 2","Golden Idol","Old Coin","Ginger"],"potions_floor_usage":[14],"damage_taken":[{"damage":14,"enemies":"Jaw Worm","floor":1,"turns":4},{"damage":4,"enemies":"2 Louse","floor":3,"turns":4},{"damage":0,"enemies":"Cultist","floor":4,"turns":3},{"damage":50,"enemies":"Gremlin Nob","floor":7,"turns":5},{"damage":10,"enemies":"2 Fungi Beasts","floor":8,"turns":3},{"damage":22,"enemies":"Large Slime","floor":10,"turns":7},{"damage":15,"enemies":"3 Sentries","floor":14,"turns":6},{"damage":27,"enemies":"The Guardian","floor":16,"turns":6}],"seed_played":"-1848852607687199037","potions_obtained":[{"floor":7,"key":"PowerPotion"}],"is_trial":false,"path_per_floor":["M","?","M","M","?","R","E","M","T","M","?","R","?","E","R","B"],"character_chosen":"IRONCLAD","items_purchased":[],"campfire_rested":1,"item_purchase_floors":[],"current_hp_per_floor":[67,67,69,75,75,75,31,27,27,11,11,33,33,24,24,0],"gold":537,"neow_bonus":"TEN_PERCENT_HP_BONUS","is_prod":false,"is_daily":false,"chose_seed":false,"campfire_upgraded":2,"win_rate":0,"timestamp":1543169771,"path_taken":["M","?","M","M","?","R","E","M","T","?","?","R","?","E","R","BOSS"],"build_version":"2018-11-15","purchased_purges":0,"victory":false,"max_hp_per_floor":[82,82,82,82,82,82,82,82,82,82,74,74,74,74,74,74],"card_choices":[{"not_picked":["Warcry","Anger"],"picked":"Shockwave","floor":1},{"not_picked":["Pommel Strike","Heavy Blade"],"picked":"Anger","floor":3},{"not_picked":["Pummel","Thunderclap"],"picked":"Hemokinesis","floor":4},{"not_picked":["Hemokinesis","Thunderclap"],"picked":"Spot Weakness","floor":7},{"not_picked":["Flex","Clash"],"picked":"Havoc","floor":8},{"not_picked":["Headbutt","Cleave"],"picked":"True Grit+1","floor":10},{"not_picked":["Clothesline","Anger"],"picked":"Juggernaut","floor":14}],"player_experience":1154069,"relics_obtained":[{"floor":7,"key":"War Paint"},{"floor":9,"key":"Toxic Egg 2"},{"floor":14,"key":"Ginger"}],"event_choices":[{"damage_healed":0,"gold_gain":0,"player_choice":"Grow","damage_taken":0,"max_hp_gain":0,"max_hp_loss":0,"event_name":"Living Wall","floor":2,"gold_loss":0,"cards_upgraded":["Bash"]},{"damage_healed":0,"gold_gain":0,"player_choice":"0 cards matched","damage_taken":0,"max_hp_gain":0,"max_hp_loss":0,"event_name":"Match and Keep!","floor":5,"gold_loss":0,"cards_obtained":[]},{"damage_healed":0,"gold_gain":0,"player_choice":"Lose Max HP","damage_taken":0,"relics_obtained":["Golden Idol"],"max_hp_gain":0,"max_hp_loss":8,"event_name":"Golden Idol","floor":11,"gold_loss":0},{"damage_healed":0,"gold_gain":0,"player_choice":"Searched \u00271\u0027 times","damage_taken":0,"relics_obtained":["Old Coin"],"max_hp_gain":0,"max_hp_loss":0,"event_name":"Dead Adventurer","floor":13,"gold_loss":0}],"is_beta":false,"boss_relics":[],"items_purged_floors":[],"is_endless":false,"potions_floor_spawned":[7],"killed_by":"The Guardian","ascension_level":20}