{"gold_per_floor":[111,111,36,186,62,95,95,123,149,149,165,183,215,229,229,229],"floor_reached":16,"playtime":744,"items_purged":["Doubt"],"score":294,"play_id":"e2066993-2881-4887-94d0-c022e35c6273","local_time":"20190718180512","is_ascension_mode":true,"campfire_choices":[{"data":"Neutralize","floor":7,"key":"SMITH"},{"data":"Cloak And Dagger","floor":10,"key":"SMITH"},{"data":"Footwork","floor":15,"key":"SMITH"}],"neow_cost":"NONE","seed_source_timestamp":78101754272747,"circlet_count":0,"master_deck":["AscendersBane","Strike_G","Strike_G","Strike_G","Strike_G","Defend_G","Defend_G","Defend_G","Defend_G","Defend_G","Survivor","Neutralize+1","Footwork+1","PiercingWail","Infinite Blades","Cloak And Dagger+1","Grand Finale","Deflect","Leg Sweep","Crippling Poison"],"relics":["Ring of the Snake","NeowsBlessing","Smiling Mask","Blue Candle","Bag of Marbles","Regal Pillow"],"potions_floor_usage":[13,16],"damage_taken":[{"damage":0,"enemies":"Jaw Worm","floor":1,"turns":1},{"damage":0,"enemies":"Gremlin Nob","floor":6,"turns":1},{"damage":0,"enemies":"3 Sentries","floor":8,"turns":1},{"damage":0,"enemies":"2 Louse","floor":11,"turns":2},{"damage":4,"enemies":"Cultist","floor":12,"turns":4},{"damage":9,"enemies":"Lagavulin","floor":13,"turns":10},{"damage":11,"enemies":"3 Louse","floor":14,"turns":5},{"damage":45,"enemies":"Slime Boss","floor":16,"turns":20}],"seed_played":"-1964927764151540216","potions_obtained":[{"floor":6,"key":"Dexterity Potion"},{"floor":8,"key":"Strength Potion"}],"is_trial":false,"path_per_floor":["M","?","?","?","$","E","R","E","T","R","M","M","E","M","R","B"],"character_chosen":"THE_SILENT","items_purchased":["PiercingWail"],"campfire_rested":0,"item_purchase_floors":[5],"current_hp_per_floor":[59,64,64,64,64,64,64,64,64,64,64,60,51,40,40,0],"gold":229,"neow_bonus":"THREE_ENEMY_KILL","is_prod":false,"is_daily":false,"chose_seed":false,"campfire_upgraded":3,"win_rate":0,"timestamp":1563487512,"path_taken":["M","?","?","?","?","E","R","E","T","R","M","M","E","M","R","BOSS"],"build_version":"2019-07-17","purchased_purges":1,"victory":false,"max_hp_per_floor":[66,71,71,71,71,71,71,71,71,71,71,71,71,71,71,71],"card_choices":[{"not_picked":["Dagger Throw","Prepared"],"picked":"Footwork","floor":1},{"not_picked":["Riddle With Holes","Infinite Blades","Prepared"],"picked":"SKIP","floor":6},{"not_picked":["Riddle With Holes","Prepared"],"picked":"Infinite Blades","floor":6},{"not_picked":["Terror","Bane"],"picked":"Cloak And Dagger","floor":8},{"not_picked":["Cloak And Dagger","Prepared"],"picked":"Grand Finale","floor":11},{"not_picked":["Flying Knee","Blade Dance"],"picked":"Deflect","floor":12},{"not_picked":["Acrobatics","Terror"],"picked":"Leg Sweep","floor":13},{"not_picked":["Outmaneuver","Prepared"],"picked":"Crippling Poison","floor":14}],"player_experience":1518683,"relics_obtained":[{"floor":6,"key":"Smiling Mask"},{"floor":8,"key":"Blue Candle"},{"floor":9,"key":"Bag of Marbles"},{"floor":13,"key":"Regal Pillow"}],"event_choices":[{"damage_healed":0,"gold_gain":0,"player_choice":"Donut","damage_taken":0,"max_hp_gain":5,"max_hp_loss":0,"event_name":"Big Fish","floor":2,"gold_loss":0},{"cards_removed":["Strike_G"],"damage_healed":0,"gold_gain":0,"player_choice":"Card Removal","damage_taken":0,"max_hp_gain":0,"max_hp_loss":0,"event_name":"The Cleric","floor":3,"gold_loss":75},{"damage_healed":0,"gold_gain":150,"player_choice":"AGREE","damage_taken":0,"max_hp_gain":0,"max_hp_loss":0,"event_name":"Liars Game","floor":4,"gold_loss":0,"cards_obtained":["Doubt"]}],"is_beta":false,"boss_relics":[],"items_purged_floors":[5],"is_endless":false,"potions_floor_spawned":[6,8,11],"killed_by":"Slime Boss","ascension_level":15}