{"gold_per_floor":[118,131,131,131,142,167,189,201,260,272,297,309],"floor_reached":12,"playtime":424,"items_purged":[],"score":160,"play_id":"01ba7ac1-874a-4fc9-b781-73dc6456c511","local_time":"20190520172541","is_ascension_mode":true,"campfire_choices":[{"floor":10,"key":"REST"}],"neow_cost":"NONE","seed_source_timestamp":248101067829341,"circlet_count":0,"master_deck":["AscendersBane","Strike_B","Strike_B","Strike_B","Strike_B","Defend_B","Defend_B","Defend_B","Defend_B","Zap","Dualcast","Streamline","Undo","Melter","Fission","Reinforced Body","Hologram"],"relics":["Cracked Core","Cables","MawBank","Happy Flower"],"potions_floor_usage":[6,12],"damage_taken":[{"damage":7,"enemies":"Small Slimes","floor":1,"turns":4},{"damage":9,"enemies":"Jaw Worm","floor":2,"turns":4},{"damage":5,"enemies":"2 Louse","floor":5,"turns":2},{"damage":17,"enemies":"Lagavulin","floor":6,"turns":8},{"damage":3,"enemies":"Blue Slaver","floor":7,"turns":4},{"damage":11,"enemies":"Lots of Slimes","floor":11,"turns":5},{"damage":60,"enemies":"Gremlin Nob","floor":12,"turns":4}],"seed_played":"-3404071154723618286","potions_obtained":[{"floor":2,"key":"Dexterity Potion"},{"floor":6,"key":"AttackPotion"}],"is_trial":false,"path_per_floor":["M","M","?","?","M","E","M","?","T","R","M","E"],"character_chosen":"DEFECT","items_purchased":[],"campfire_rested":1,"item_purchase_floors":[],"current_hp_per_floor":[64,55,37,42,37,20,17,17,17,41,30,0],"gold":309,"neow_bonus":"TEN_PERCENT_HP_BONUS","is_prod":false,"is_daily":false,"chose_seed":false,"campfire_upgraded":0,"win_rate":0,"timestamp":1558387541,"path_taken":["M","M","?","?","M","E","M","?","T","R","M","E"],"build_version":"2019-01-23","purchased_purges":0,"victory":false,"max_hp_per_floor":[78,78,78,83,83,83,83,83,83,83,83,83],"card_choices":[{"not_picked":["Turbo","Tempest"],"picked":"Streamline","floor":1},{"not_picked":["Streamline","Gash"],"picked":"Undo","floor":2},{"not_picked":["Turbo","Barrage"],"picked":"Melter","floor":5},{"not_picked":["Capacitor","Steam Power"],"picked":"Fission","floor":6},{"not_picked":["Turbo","Beam Cell"],"picked":"Reinforced Body","floor":7},{"not_picked":["Self Repair","Fusion"],"picked":"Hologram","floor":11}],"player_experience":1432125,"relics_obtained":[{"floor":6,"key":"MawBank"},{"floor":9,"key":"Happy Flower"}],"event_choices":[{"damage_healed":0,"gold_gain":0,"player_choice":"Success","damage_taken":18,"relics_obtained":["Cables"],"max_hp_gain":0,"max_hp_loss":0,"event_name":"Scrap Ooze","floor":3,"gold_loss":0},{"damage_healed":0,"gold_gain":0,"player_choice":"Donut","damage_taken":0,"max_hp_gain":5,"max_hp_loss":0,"event_name":"Big Fish","floor":4,"gold_loss":0},{"damage_healed":0,"gold_gain":0,"player_choice":"Ignored","damage_taken":0,"max_hp_gain":0,"max_hp_loss":0,"event_name":"Shining Light","floor":8,"gold_loss":0}],"is_beta":false,"boss_relics":[],"items_purged_floors":[],"is_endless":false,"potions_floor_spawned":[2,6],"killed_by":"Gremlin Nob","ascension_level":20}