{"gold_per_floor":[109,128,128,4,23,56,56,6,6,24,24],"floor_reached":11,"playtime":344,"items_purged":["Strike_R"],"score":128,"play_id":"d6965322-758b-4a33-ae7b-7ea5c78eea01","local_time":"20190722161136","is_ascension_mode":true,"campfire_choices":[],"neow_cost":"PERCENT_DAMAGE","seed_source_timestamp":417278440198727,"circlet_count":0,"master_deck":["AscendersBane","Strike_R","Strike_R","Strike_R","Defend_R","Defend_R","Defend_R","Defend_R","Bash+1","Feed","Perfected Strike","Wild Strike+1","Armaments","Whirlwind","Pommel Strike"],"special_seed":0,"relics":["Burning Blood","Kunai","Paper Frog"],"potions_floor_usage":[],"damage_taken":[{"damage":7.0,"enemies":"Jaw Worm","floor":1.0,"turns":3.0},{"damage":5.0,"enemies":"2 Louse","floor":2.0,"turns":5.0},{"damage":6.0,"enemies":"Small Slimes","floor":5.0,"turns":3.0},{"damage":16.0,"enemies":"Gremlin Nob","floor":6.0,"turns":3.0},{"damage":0,"enemies":"Exordium Wildlife","floor":10,"turns":3},{"damage":30,"enemies":"Lagavulin","floor":11,"turns":5}],"seed_played":"-3698805257020642181","potions_obtained":[{"floor":2.0,"key":"Explosive Potion"}],"is_trial":false,"path_per_floor":["M","M","?","$","M","E","?","?","T","M","E"],"character_chosen":"IRONCLAD","items_purchased":["Fire Potion"],"campfire_rested":0,"item_purchase_floors":[4],"current_hp_per_floor":[52,56,32,32,35,28,21,21,21,30,0],"gold":24,"neow_bonus":"THREE_RARE_CARDS","is_prod":false,"is_daily":false,"chose_seed":false,"campfire_upgraded":0,"win_rate":0,"timestamp":1563826296,"path_taken":["M","M","?","$","M","E","?","?","T","M","E"],"build_version":"2019-07-17","purchased_purges":1,"victory":false,"max_hp_per_floor":[78,81,81,81,84,87,87,87,87,90,90],"card_choices":[{"not_picked":["Barricade","Brutality"],"picked":"Feed","floor":0.0},{"not_picked":["Infernal Blade","Havoc"],"picked":"Perfected Strike","floor":1.0},{"not_picked":["Anger","Havoc"],"picked":"Wild Strike","floor":2.0},{"not_picked":["Cleave","Iron Wave"],"picked":"Armaments","floor":5.0},{"not_picked":["Body Slam","Flex"],"picked":"Whirlwind","floor":6},{"not_picked":["Twin Strike","Armaments"],"picked":"Pommel Strike","floor":10}],"player_experience":1530804,"relics_obtained":[{"floor":6,"key":"Kunai"},{"floor":9,"key":"Paper Frog"}],"event_choices":[{"damage_healed":0.0,"max_hp_gain":0.0,"max_hp_loss":0.0,"gold_gain":0.0,"event_name":"Shining Light","player_choice":"Entered Light","floor":3.0,"gold_loss":0.0,"damage_taken":24.0,"cards_upgraded":["Bash","Wild Strike"]},{"cards_removed":["Strike_R"],"damage_healed":0,"gold_gain":0,"player_choice":"Card Removal","damage_taken":7,"max_hp_gain":0,"max_hp_loss":0,"event_name":"Golden Wing","floor":7,"gold_loss":0},{"damage_healed":0,"gold_gain":0,"player_choice":"Left Gold","damage_taken":0,"max_hp_gain":0,"max_hp_loss":0,"event_name":"World of Goop","floor":8,"gold_loss":50}],"is_beta":false,"boss_relics":[],"items_purged_floors":[4],"is_endless":false,"potions_floor_spawned":[2,6],"killed_by":"Lagavulin","ascension_level":15}