{"gold_per_floor":[115,115,126,136,136,136,197,528,528,528,558,621,621,78,78,157,157,168,218,183,260,280,280,292,292,292,326,337,312,79,129,129,208,208,219,269,338,388,438,464,15,15,15,26,26,91,101,134,146,158,170,182,194,3,37,37],"floor_reached":57,"playtime":2738,"items_purged":["Strike_B","Regret","Hyperbeam+1"],"score":2811,"play_id":"c3169511-b7bd-40a7-bbec-fb932dbd7b56","local_time":"20181204185338","is_ascension_mode":true,"campfire_choices":[{"data":"Zap","floor":6,"key":"SMITH"},{"data":"Streamline","floor":10,"key":"SMITH"},{"floor":13,"key":"REST"},{"data":"Hyperbeam","floor":15,"key":"SMITH"},{"data":"Biased Cognition","floor":23,"key":"SMITH"},{"floor":25,"key":"REST"},{"floor":32,"key":"REST"},{"floor":42,"key":"REST"},{"floor":45,"key":"RECALL"},{"data":"Defragment","floor":49,"key":"SMITH"},{"floor":53,"key":"REST"}],"neow_cost":"NONE","seed_source_timestamp":2716497460320,"circlet_count":0,"master_deck":["AscendersBane","Strike_B","Defend_B","Defend_B","Defend_B","Defend_B","Zap+1","Dualcast","Cold Snap","White Noise","Leap","Streamline+1","Compile Driver","Sunder","Sweeping Beam","Cold Snap","Biased Cognition+1","Fusion","Leap+1","Coolheaded+1","Apotheosis","Self Repair","Echo Form","Sunder+1","Defragment+1","Hologram","Compile Driver","Hologram+1","Coolheaded","Blizzard"],"relics":["Cracked Core","Regal Pillow","SsserpentHead","Old Coin","Question Card","Darkstone Periapt","ClockworkSouvenir","Blood Vial","Snecko Eye","Enchiridion","Oddly Smooth Stone","Gremlin Horn","Centennial Puzzle","Cursed Key","The Courier","PreservedInsect","Medical Kit","Lantern","MawBank","Pen Nib"],"potions_floor_usage":[8,27,31,40,47,55,56,56],"damage_taken":[{"damage":7,"enemies":"Jaw Worm","floor":1,"turns":3},{"damage":4,"enemies":"Small Slimes","floor":3,"turns":3},{"damage":0,"enemies":"Cultist","floor":4,"turns":4},{"damage":12,"enemies":"Gremlin Gang","floor":7,"turns":5},{"damage":6,"enemies":"Gremlin Nob","floor":8,"turns":3},{"damage":19,"enemies":"Lagavulin","floor":11,"turns":7},{"damage":6,"enemies":"Blue Slaver","floor":12,"turns":3},{"damage":12,"enemies":"Slime Boss","floor":16,"turns":8},{"damage":13,"enemies":"3 Byrds","floor":18,"turns":2},{"damage":15,"enemies":"Shell Parasite","floor":22,"turns":3},{"damage":2,"enemies":"Centurion and Healer","floor":24,"turns":3},{"damage":48,"enemies":"Book of Stabbing","floor":27,"turns":6},{"damage":10,"enemies":"Snecko","floor":28,"turns":3},{"damage":0,"enemies":"Colosseum Slavers","floor":31,"turns":4},{"damage":0,"enemies":"Collector","floor":33,"turns":6},{"damage":0,"enemies":"3 Shapes","floor":35,"turns":1},{"damage":3,"enemies":"Orb Walker","floor":37,"turns":4},{"damage":60,"enemies":"Giant Head","floor":40,"turns":9},{"damage":0,"enemies":"Sphere and 2 Shapes","floor":44,"turns":1},{"damage":8,"enemies":"Maw","floor":46,"turns":6},{"damage":0,"enemies":"Transient","floor":47,"turns":6},{"damage":1,"enemies":"Reptomancer","floor":48,"turns":4},{"damage":48,"enemies":"Time Eater","floor":50,"turns":11},{"damage":22,"enemies":"Donu and Deca","floor":51,"turns":13},{"damage":35,"enemies":"Shield and Spear","floor":55,"turns":8},{"damage":44,"enemies":"The Heart","floor":56,"turns":10}],"seed_played":"-7722012201136783930","potions_obtained":[{"floor":7,"key":"AttackPotion"},{"floor":8,"key":"Swift Potion"},{"floor":11,"key":"EssenceOfSteel"},{"floor":22,"key":"Block Potion"},{"floor":27,"key":"SkillPotion"},{"floor":33,"key":"Ancient Potion"},{"floor":46,"key":"Energy Potion"},{"floor":48,"key":"Explosive Potion"},{"floor":55,"key":"Strength Potion"}],"is_trial":false,"path_per_floor":["M","?","M","M","?","R","M","E","T","R","E","M","R","$","R","B",null,"M","?","?","T","M","R","M","R","T","E","M","?","$","?","R","B",null,"M","?","M","?","T","E","$","R","T","M","R","M","M","E","R","B","B",null,"R","$","E","B",null],"character_chosen":"DEFECT","items_purchased":["ClockworkSouvenir","Sweeping Beam","Cold Snap","Blood Vial","Apotheosis","Self Repair","Defragment","Medical Kit","Lantern","Coolheaded","Blizzard"],"campfire_rested":5,"item_purchase_floors":[14,14,14,14,30,30,41,41,41,54,54],"current_hp_per_floor":[57,62,58,58,58,58,46,40,40,40,21,15,52,52,52,42,68,57,36,36,36,23,23,23,60,60,14,6,6,6,18,55,67,74,76,76,73,73,79,28,28,67,67,76,76,80,82,82,82,54,41,72,82,82,67,35],"gold":37,"neow_bonus":"RANDOM_COMMON_RELIC","is_prod":false,"is_daily":false,"chose_seed":false,"campfire_upgraded":5,"win_rate":0,"timestamp":1543967618,"path_taken":["M","?","M","M","?","R","?","E","T","R","E","?","R","$","R","BOSS","M","?","?","?","M","R","M","R","T","E","M","?","?","?","R","BOSS","M","?","?","?","?","E","$","R","T","M","R","?","M","E","R","BOSS","BOSS","R","$","E","BOSS"],"build_version":"2018-11-15","purchased_purges":3,"victory":true,"max_hp_per_floor":[71,76,76,76,76,76,76,76,76,76,76,76,76,76,76,76,76,76,76,76,76,76,76,76,76,76,76,76,76,76,76,76,76,76,76,76,76,76,82,82,82,82,82,82,82,82,82,82,82,82,82,82,82,82,82,82],"card_choices":[{"not_picked":["Steam","Gash"],"picked":"Cold Snap","floor":1},{"not_picked":["Self Repair","Stack"],"picked":"White Noise","floor":3},{"not_picked":["Heatsinks","Steam"],"picked":"Leap","floor":4},{"not_picked":["Hello World","Leap"],"picked":"Streamline","floor":7},{"not_picked":["Stack","Doom and Gloom"],"picked":"Compile Driver","floor":8},{"not_picked":["Loop","Barrage","Cold Snap"],"picked":"Hyperbeam","floor":11},{"not_picked":["Steam","Coolheaded","Conserve Battery"],"picked":"Sunder","floor":12},{"not_picked":["Hyperbeam","Amplify","Multi-Cast"],"picked":"Biased Cognition","floor":16},{"not_picked":["Leap","Aggregate+1","Conserve Battery"],"picked":"Fusion","floor":18},{"not_picked":["Beam Cell","Skim","Redo"],"picked":"Leap+1","floor":22},{"not_picked":["Leap","Aggregate","Scrape","Ball Lightning"],"picked":"SKIP","floor":24},{"not_picked":["Barrage","Amplify","Seek","Redo"],"picked":"SKIP","floor":27},{"not_picked":["Rebound","Skim","Turbo"],"picked":"Coolheaded+1","floor":28},{"not_picked":["Multi-Cast","Rainbow","Biased Cognition"],"picked":"Echo Form","floor":33},{"not_picked":["Steam+1","Streamline+1","Rebound"],"picked":"Force Field","floor":35},{"not_picked":["Lockon+1","Redo+1","Beam Cell","Fusion"],"picked":"SKIP","floor":37},{"not_picked":["Conserve Battery","Stack","Chaos"],"picked":"Sunder+1","floor":40},{"not_picked":["Compile Driver","Streamline+1","Beam Cell"],"picked":"Hologram","floor":44},{"not_picked":["Steam Power","Beam Cell","Hello World+1"],"picked":"Compile Driver","floor":46},{"not_picked":["Beam Cell","Ball Lightning","Stack+1","Chill"],"picked":"SKIP","floor":47},{"not_picked":["Biased Cognition","Lockon","Streamline"],"picked":"Hologram+1","floor":48},{"not_picked":["Barrage","Redo+1","Steam","Hologram"],"picked":"SKIP","floor":55}],"player_experience":1223035,"relics_obtained":[{"floor":8,"key":"Old Coin"},{"floor":9,"key":"Question Card"},{"floor":11,"key":"Darkstone Periapt"},{"floor":19,"key":"Enchiridion"},{"floor":26,"key":"Gremlin Horn"},{"floor":27,"key":"Centennial Puzzle"},{"floor":39,"key":"The Courier"},{"floor":40,"key":"PreservedInsect"},{"floor":48,"key":"MawBank"},{"floor":55,"key":"Pen Nib"}],"event_choices":[{"damage_healed":0,"gold_gain":0,"player_choice":"Donut","damage_taken":0,"max_hp_gain":5,"max_hp_loss":0,"event_name":"Big Fish","floor":2,"gold_loss":0},{"damage_healed":0,"gold_gain":0,"player_choice":"Trade","damage_taken":0,"relics_obtained":["SsserpentHead"],"max_hp_gain":0,"max_hp_loss":0,"event_name":"FaceTrader","floor":5,"gold_loss":0},{"damage_healed":0,"gold_gain":0,"player_choice":"Obtained Book","damage_taken":21,"max_hp_gain":0,"max_hp_loss":0,"event_name":"Cursed Tome","floor":19,"gold_loss":0},{"damage_healed":0,"gold_gain":0,"player_choice":"Obtained Relic","damage_taken":0,"relics_obtained":["Oddly Smooth Stone"],"max_hp_gain":0,"max_hp_loss":0,"event_name":"Addict","floor":20,"gold_loss":85},{"cards_removed":["Strike_B"],"damage_healed":0,"gold_gain":0,"player_choice":"Gave Gold","damage_taken":0,"max_hp_gain":0,"max_hp_loss":0,"event_name":"Beggar","floor":29,"gold_loss":75},{"damage_healed":0,"gold_gain":0,"player_choice":"Fight","damage_taken":0,"max_hp_gain":0,"max_hp_loss":0,"event_name":"Colosseum","floor":31,"gold_loss":0},{"damage_healed":0,"gold_gain":0,"player_choice":"Fled From Nobs","damage_taken":0,"max_hp_gain":0,"max_hp_loss":0,"event_name":"Colosseum","floor":31,"gold_loss":0},{"cards_removed":["Strike_B"],"damage_healed":0,"gold_gain":0,"player_choice":"Purged","damage_taken":0,"max_hp_gain":0,"max_hp_loss":0,"event_name":"Purifier","floor":36,"gold_loss":0},{"cards_removed":["Force Field"],"damage_healed":0,"gold_gain":0,"player_choice":"Removed Skill","damage_taken":0,"max_hp_gain":0,"max_hp_loss":0,"event_name":"Falling","floor":38,"gold_loss":0}],"is_beta":false,"boss_relics":[{"not_picked":["Black Star","Inserter"],"picked":"Snecko Eye"},{"not_picked":["Tiny House","Pandora\u0027s Box"],"picked":"Cursed Key"}],"items_purged_floors":[14,41,54],"is_endless":false,"potions_floor_spawned":[7,8,11,16,22,27,33,37,46,48,55],"ascension_level":20}