{"gold_per_floor":[111,121,121,121,40,71,89,89,89,9,21,49,49,376,376,450,450,461,471,42,55,55,82,82,96,96,96,124,10,370,380,380,458,458,471,471,484,484,164,198,215,215,290,290,324,339,38,138,138,138,138],"floor_reached":52,"playtime":3810,"items_purged":["Distraction","Escape Plan"],"score":1942,"play_id":"dfe40c27-b5ec-4144-b644-3bb2be08935b","local_time":"20181117000911","is_ascension_mode":true,"campfire_choices":[{"data":"Noxious Fumes","floor":8,"key":"SMITH"},{"data":"Neutralize","floor":13,"key":"SMITH"},{"data":"Footwork","floor":15,"key":"SMITH"},{"floor":24,"key":"REST"},{"floor":27,"key":"REST"},{"floor":32,"key":"REST"},{"floor":42,"key":"REST"},{"floor":44,"key":"REST"},{"data":"Well Laid Plans","floor":49,"key":"SMITH"}],"neow_cost":"NONE","seed_source_timestamp":213453806870475,"circlet_count":0,"master_deck":["AscendersBane","Survivor","Neutralize+1","Dash","Night Terror","Noxious Fumes+1","Backstab","Leg Sweep","Footwork+1","Leg Sweep","Poisoned Stab","Corpse Explosion","Sucker Punch","Bane","Dash","Blur","Dodge and Roll","Well Laid Plans+1","Noxious Fumes","Master of Strategy","Infinite Blades","Die Die Die","Deflect","PiercingWail","Footwork+1","After Image","Dash","Corpse Explosion","Leg Sweep","Eviscerate"],"relics":["Ring of the Snake","NeowsBlessing","Pantograph","Pen Nib","Gambling Chip","Old Coin","Pandora\u0027s Box","Membership Card","PreservedInsect","Tingsha","Ginger","Red Mask","Lee\u0027s Waffle","Snecko Eye","Pocketwatch","Chemical X","Juzu Bracelet","Kunai","The Courier","TwistedFunnel","Bottled Tornado","Strawberry","FossilizedHelix"],"potions_floor_usage":[12,19,23,28,33,33,46,47,50],"damage_taken":[{"damage":0,"enemies":"Small Slimes","floor":1,"turns":1},{"damage":0,"enemies":"2 Louse","floor":2,"turns":1},{"damage":0,"enemies":"Lagavulin","floor":6,"turns":2},{"damage":7,"enemies":"Jaw Worm","floor":7,"turns":4},{"damage":1,"enemies":"Blue Slaver","floor":11,"turns":5},{"damage":10,"enemies":"3 Sentries","floor":12,"turns":10},{"damage":7,"enemies":"Lagavulin","floor":14,"turns":7},{"damage":1,"enemies":"The Guardian","floor":16,"turns":15},{"damage":4,"enemies":"3 Byrds","floor":18,"turns":2},{"damage":9,"enemies":"2 Thieves","floor":19,"turns":5},{"damage":8,"enemies":"3 Cultists","floor":21,"turns":3},{"damage":40,"enemies":"Gremlin Leader","floor":23,"turns":8},{"damage":13,"enemies":"Cultist and Chosen","floor":25,"turns":5},{"damage":19,"enemies":"Masked Bandits","floor":28,"turns":4},{"damage":15,"enemies":"Shelled Parasite and Fungi","floor":31,"turns":7},{"damage":38,"enemies":"Collector","floor":33,"turns":9},{"damage":18,"enemies":"Orb Walker","floor":35,"turns":4},{"damage":1,"enemies":"3 Shapes","floor":37,"turns":6},{"damage":12,"enemies":"Nemesis","floor":40,"turns":7},{"damage":24,"enemies":"Maw","floor":41,"turns":8},{"damage":18,"enemies":"Giant Head","floor":45,"turns":7},{"damage":1,"enemies":"Transient","floor":46,"turns":6},{"damage":0,"enemies":"Mind Bloom Boss Battle","floor":48,"turns":7},{"damage":61,"enemies":"Awakened One","floor":50,"turns":27},{"damage":10,"enemies":"Time Eater","floor":51,"turns":17}],"seed_played":"4305893971993726113","potions_obtained":[{"floor":1,"key":"Energy Potion"},{"floor":6,"key":"Fruit Juice"},{"floor":11,"key":"SkillPotion"},{"floor":12,"key":"SkillPotion"},{"floor":16,"key":"Regen Potion"},{"floor":21,"key":"Explosive Potion"},{"floor":23,"key":"GhostInAJar"},{"floor":28,"key":"Explosive Potion"},{"floor":31,"key":"PowerPotion"},{"floor":33,"key":"Fire Potion"},{"floor":35,"key":"Weak Potion"},{"floor":46,"key":"Fruit Juice"}],"is_trial":false,"path_per_floor":["M","M","?","?","$","E","M","R","T","$","M","E","R","E","R","B",null,"M","M","$","M","?","E","R","M","T","R","?","$","?","M","R","B",null,"M","?","M","?","$","E","M","R","T","R","E","M","$","?","R","B","B",null],"character_chosen":"THE_SILENT","items_purchased":["Noxious Fumes","Footwork","Membership Card","Master of Strategy","PreservedInsect","Lee\u0027s Waffle","Pocketwatch","Chemical X","TwistedFunnel","Bottled Tornado","GhostInAJar","Strawberry","Leg Sweep"],"campfire_rested":5,"item_purchase_floors":[5,10,20,20,20,29,39,39,47,47,47,47,47],"current_hp_per_floor":[59,59,52,52,52,52,45,45,45,45,44,34,34,27,27,51,62,58,63,63,55,55,15,34,21,21,40,26,78,43,28,51,38,68,50,50,49,49,49,37,13,36,36,59,41,40,52,77,77,29,44],"gold":138,"neow_bonus":"THREE_ENEMY_KILL","is_prod":false,"is_daily":false,"chose_seed":false,"campfire_upgraded":4,"win_rate":0,"timestamp":1542431351,"path_taken":["M","M","?","?","$","E","M","R","T","?","M","E","R","E","R","BOSS","M","M","$","M","?","E","R","M","T","R","?","$","?","M","R","BOSS","M","?","?","?","$","E","M","R","T","R","E","M","$","?","R","BOSS","BOSS"],"build_version":"2018-11-15","purchased_purges":2,"victory":true,"max_hp_per_floor":[66,66,66,66,66,66,66,66,66,66,66,66,66,66,66,66,66,66,66,66,66,66,66,66,66,66,66,71,78,78,78,78,78,78,78,78,78,78,78,78,78,78,78,78,78,78,90,90,90,90,90],"card_choices":[{"not_picked":["Infinite Blades","PiercingWail"],"picked":"Dash","floor":1},{"not_picked":["Flying Knee","Outmaneuver"],"picked":"Escape Plan","floor":2},{"not_picked":["Choke","Poisoned Stab"],"picked":"Backstab","floor":6},{"not_picked":["Slice","Dagger Spray"],"picked":"Leg Sweep","floor":7},{"not_picked":["Predator","Riddle With Holes"],"picked":"Leg Sweep","floor":11},{"not_picked":["Prepared","Burst"],"picked":"Poisoned Stab","floor":12},{"not_picked":["Flechettes","Cloak And Dagger","Poisoned Stab"],"picked":"SKIP","floor":14},{"not_picked":["Night Terror","Burst"],"picked":"Corpse Explosion","floor":16},{"not_picked":["Outmaneuver","Expertise"],"picked":"Well Laid Plans","floor":18},{"not_picked":["PiercingWail","Terror"],"picked":"Noxious Fumes","floor":19},{"not_picked":["Outmaneuver","Deflect"],"picked":"Infinite Blades","floor":21},{"not_picked":["Poisoned Stab","All Out Attack+1"],"picked":"Die Die Die","floor":23},{"not_picked":["Deadly Poison","Prepared"],"picked":"Deflect","floor":25},{"not_picked":["Prepared","Acrobatics"],"picked":"PiercingWail","floor":28},{"not_picked":["Bane","Sucker Punch"],"picked":"Footwork+1","floor":31},{"not_picked":["Tools of the Trade","Bullet Time"],"picked":"After Image","floor":33},{"not_picked":["Masterful Stab","Concentrate","Dodge and Roll"],"picked":"SKIP","floor":35},{"not_picked":["Finisher","Masterful Stab","Outmaneuver"],"picked":"SKIP","floor":37},{"not_picked":["Sucker Punch","Flying Knee"],"picked":"Dash","floor":40},{"not_picked":["Deflect","Concentrate","Deadly Poison"],"picked":"SKIP","floor":41},{"not_picked":["Dagger Throw","Infinite Blades"],"picked":"Corpse Explosion","floor":45},{"not_picked":["Poisoned Stab","Slice","Blade Dance"],"picked":"SKIP","floor":46},{"not_picked":["Deflect","Acrobatics"],"picked":"Eviscerate","floor":48}],"player_experience":1080690,"relics_obtained":[{"floor":6,"key":"Pantograph"},{"floor":9,"key":"Pen Nib"},{"floor":12,"key":"Gambling Chip"},{"floor":14,"key":"Old Coin"},{"floor":23,"key":"Tingsha"},{"floor":26,"key":"Ginger"},{"floor":28,"key":"Red Mask"},{"floor":40,"key":"Juzu Bracelet"},{"floor":43,"key":"Kunai"},{"floor":45,"key":"The Courier"},{"floor":48,"key":"FossilizedHelix"}],"event_choices":[{"cards_removed":["Strike_G"],"damage_healed":0,"gold_gain":0,"player_choice":"Card Removal","damage_taken":7,"max_hp_gain":0,"max_hp_loss":0,"event_name":"Golden Wing","floor":3,"gold_loss":0},{"damage_healed":0,"gold_gain":0,"cards_transformed":["Strike_G"],"player_choice":"Change","damage_taken":0,"max_hp_gain":0,"max_hp_loss":0,"event_name":"Living Wall","floor":4,"gold_loss":0,"cards_obtained":["Night Terror"]},{"cards_removed":["Eviscerate"],"damage_healed":0,"gold_gain":0,"player_choice":"Elegance","damage_taken":0,"max_hp_gain":0,"max_hp_loss":0,"event_name":"Back to Basics","floor":22,"gold_loss":0},{"damage_healed":0,"gold_gain":0,"player_choice":"Fought Bandits","damage_taken":0,"max_hp_gain":0,"max_hp_loss":0,"event_name":"Masked Bandits","floor":28,"gold_loss":0},{"damage_healed":0,"gold_gain":360,"player_choice":"GOLD GOLD GOLD GOLD ","damage_taken":35,"max_hp_gain":0,"max_hp_loss":0,"event_name":"Knowing Skull","floor":30,"potions_obtained":[],"gold_loss":0,"cards_obtained":[]},{"damage_healed":0,"gold_gain":0,"player_choice":"Got Potions","damage_taken":0,"max_hp_gain":0,"max_hp_loss":0,"event_name":"Lab","floor":36,"gold_loss":0},{"cards_removed":["Quick Slash"],"damage_healed":0,"gold_gain":0,"player_choice":"Removed Attack","damage_taken":0,"max_hp_gain":0,"max_hp_loss":0,"event_name":"Falling","floor":38,"gold_loss":0},{"damage_healed":0,"gold_gain":0,"player_choice":"Fight","damage_taken":0,"max_hp_gain":0,"max_hp_loss":0,"event_name":"MindBloom","floor":48,"gold_loss":0}],"is_beta":false,"boss_relics":[{"not_picked":["WristBlade","Black Star"],"picked":"Pandora\u0027s Box"},{"not_picked":["Cursed Key","Calling Bell"],"picked":"Snecko Eye"}],"items_purged_floors":[20,39],"is_endless":false,"potions_floor_spawned":[1,6,11,12,16,21,23,28,31,33,35,40,46,48],"ascension_level":20}