{"gold_per_floor":[112,126,51,51,11,11,42,42,42,42,68,78,104,104,104,199,199,216,230,130,53,66,66,86,86],"floor_reached":25,"playtime":1935,"items_purged":["Strike_R","Defend_R"],"score":266,"play_id":"7d868ad6-9e27-4b2b-a6a6-6803d77e28e6","local_time":"20180707132019","is_ascension_mode":true,"campfire_choices":[{"data":"Warcry","floor":6,"key":"SMITH"},{"data":"Limit Break","floor":8,"key":"SMITH"},{"data":"Clothesline","floor":10,"key":"SMITH"},{"floor":15,"key":"REST"},{"data":"Armaments","floor":23,"key":"SMITH"}],"neow_cost":"NONE","seed_source_timestamp":23384085635043,"circlet_count":0,"master_deck":["Strike_R","Strike_R","Strike_R","Strike_R","Defend_R","Defend_R","Defend_R","Bash","Warcry+1","Clothesline+1","Limit Break+1","Flex","Feed","Demon Form+1","Armaments+1","J.A.X."],"relics":["Burning Blood","Shuriken","Frozen Egg 2","Matryoshka","Singing Bowl","Self Forming Clay","Sozu"],"potions_floor_usage":[7,7,13,16],"damage_taken":[{"damage":6,"enemies":"Cultist","floor":1,"turns":3},{"damage":1,"enemies":"2 Louse","floor":2,"turns":3},{"damage":39,"enemies":"Lagavulin","floor":7,"turns":8},{"damage":42,"enemies":"3 Sentries","floor":11,"turns":10},{"damage":0,"enemies":"Small Slimes","floor":12,"turns":3},{"damage":16,"enemies":"Gremlin Nob","floor":13,"turns":3},{"damage":56,"enemies":"Slime Boss","floor":16,"turns":13},{"damage":0,"enemies":"Chosen","floor":18,"turns":4},{"damage":31,"enemies":"3 Byrds","floor":19,"turns":6},{"damage":27,"enemies":"3 Cultists","floor":22,"turns":6},{"damage":31,"enemies":"Centurion and Healer","floor":24,"turns":6},{"damage":35,"enemies":"Snake Plant","floor":25,"turns":4}],"seed_played":"4484275361667317838","potions_obtained":[{"floor":5,"key":"SteroidPotion"},{"floor":5,"key":"Fruit Juice"},{"floor":5,"key":"SpeedPotion"},{"floor":13,"key":"Regen Potion"}],"is_trial":false,"path_per_floor":["M","M","$","T","?","R","E","R","T","R","E","M","E","?","R","B",null,"M","M","$","?","M","R","M"],"character_chosen":"IRONCLAD","items_purchased":[],"campfire_rested":1,"item_purchase_floors":[],"current_hp_per_floor":[80,80,80,80,80,80,52,52,52,52,18,24,14,14,40,8,90,92,70,70,70,51,51,28,0],"gold":86,"neow_bonus":"THREE_CARDS","is_prod":false,"is_daily":false,"chose_seed":false,"campfire_upgraded":4,"win_rate":0,"timestamp":1530987619,"path_taken":["M","M","$","?","?","R","E","R","T","R","E","M","E","?","R","BOSS","M","M","$","?","?","R","M","M"],"build_version":"2018-06-28","purchased_purges":2,"victory":false,"max_hp_per_floor":[80,80,80,80,80,80,85,85,85,85,87,87,87,87,87,90,90,92,95,95,95,97,97,99,99],"card_choices":[{"not_picked":["Headbutt","Clothesline"],"picked":"Warcry","floor":0},{"not_picked":["Thunderclap","Headbutt"],"picked":"Clothesline","floor":1},{"not_picked":["True Grit","Body Slam","Thunderclap"],"picked":"SKIP","floor":2},{"not_picked":["Twin Strike","Blood for Blood"],"picked":"Limit Break","floor":7},{"not_picked":["Rampage","Ghostly Armor","Brutality+1"],"picked":"Singing Bowl","floor":11},{"not_picked":["Hemokinesis","Perfected Strike"],"picked":"Flex","floor":12},{"not_picked":["Disarm","Iron Wave"],"picked":"Feed","floor":13},{"not_picked":["Exhume","Brutality+1"],"picked":"Demon Form+1","floor":16},{"not_picked":["Whirlwind","Iron Wave","Perfected Strike"],"picked":"Singing Bowl","floor":18},{"not_picked":["Clothesline","Evolve+1"],"picked":"Armaments","floor":19},{"not_picked":["Armaments","Warcry","Havoc"],"picked":"Singing Bowl","floor":22},{"not_picked":["Havoc","Iron Wave+1","Battle Trance"],"picked":"Singing Bowl","floor":24}],"player_experience":148412,"relics_obtained":[{"floor":4,"key":"Shuriken"},{"floor":7,"key":"Frozen Egg 2"},{"floor":9,"key":"Matryoshka"},{"floor":11,"key":"Singing Bowl"},{"floor":13,"key":"Self Forming Clay"}],"event_choices":[{"event_name":"The Woman in Blue","player_choice":"Bought 3 Potions","floor":5,"damage_taken":0},{"event_name":"Shining Light","player_choice":"Ignored","floor":14,"damage_taken":0},{"event_name":"Drug Dealer","player_choice":"Got JAXXED","floor":21,"damage_taken":0}],"boss_relics":[{"not_picked":["Mark of Pain","Cursed Key"],"picked":"Sozu"}],"items_purged_floors":[3,20],"is_endless":false,"potions_floor_spawned":[13,19,24],"killed_by":"Snake Plant","ascension_level":2}