{"gold_per_floor":[20,40,40,54,72,97,109,135,188,198,213,213,245,255,255,359,359,371,154,167,181,181],"floor_reached":22,"playtime":1928,"items_purged":[],"score":273,"play_id":"2af45b5e-b9a7-444b-b181-5ab8c5afa0df","local_time":"20180719190642","is_ascension_mode":true,"campfire_choices":[{"data":"Fiend Fire","floor":12,"key":"SMITH"},{"data":"Dark Embrace","floor":15,"key":"SMITH"}],"neow_cost":"NO_GOLD","seed_source_timestamp":689570985320474,"circlet_count":0,"master_deck":["Strike_R","Strike_R","Strike_R","Strike_R","Strike_R","Defend_R","Defend_R","Defend_R","Defend_R","Bash","Fiend Fire+1","Heavy Blade","Shrug It Off","Dual Wield","Clothesline","True Grit","Fiend Fire+1","Spot Weakness","Heavy Blade","True Grit","Battle Trance+1","Dark Embrace+1","Feed","Anger","Spot Weakness+1","Exhume+1","Cleave+1","Thunderclap"],"relics":["Burning Blood","Orichalcum","Happy Flower","Ancient Tea Set","Toxic Egg 2","Black Star"],"potions_floor_usage":[5,11,14,16],"damage_taken":[{"damage":1,"enemies":"2 Louse","floor":1,"turns":3},{"damage":2,"enemies":"Jaw Worm","floor":2,"turns":3},{"damage":0,"enemies":"Cultist","floor":4,"turns":2},{"damage":49,"enemies":"Exordium Thugs","floor":5,"turns":9},{"damage":18,"enemies":"Gremlin Nob","floor":6,"turns":4},{"damage":7,"enemies":"2 Fungi Beasts","floor":7,"turns":4},{"damage":21,"enemies":"Lagavulin","floor":8,"turns":5},{"damage":7,"enemies":"3 Louse","floor":10,"turns":4},{"damage":0,"enemies":"Gremlin Gang","floor":11,"turns":5},{"damage":0,"enemies":"3 Sentries","floor":13,"turns":4},{"damage":0,"enemies":"Exordium Thugs","floor":14,"turns":3},{"damage":22,"enemies":"The Guardian","floor":16,"turns":7},{"damage":13,"enemies":"Shell Parasite","floor":18,"turns":4},{"damage":10,"enemies":"2 Thieves","floor":20,"turns":3},{"damage":10,"enemies":"3 Cultists","floor":21,"turns":4},{"damage":82,"enemies":"Slaver and Parasite","floor":22,"turns":5}],"seed_played":"1228831645234531330","potions_obtained":[{"floor":2,"key":"Swift Potion"},{"floor":4,"key":"AttackPotion"},{"floor":6,"key":"Poison Potion"},{"floor":13,"key":"SpeedPotion"},{"floor":16,"key":"LiquidBronze"}],"is_trial":false,"path_per_floor":["M","M","?","M","M","E","M","E","T","M","M","R","E","M","R","B",null,"M","$","M","M"],"character_chosen":"IRONCLAD","items_purchased":["Spot Weakness+1","Exhume+1"],"campfire_rested":0,"item_purchase_floors":[19,19],"current_hp_per_floor":[80,80,80,80,43,31,30,15,15,14,20,20,26,32,32,16,80,76,76,72,71,0],"gold":181,"neow_bonus":"THREE_RARE_CARDS","is_prod":false,"is_daily":false,"chose_seed":false,"campfire_upgraded":2,"win_rate":0,"timestamp":1532041602,"path_taken":["M","M","?","M","M","E","M","E","T","M","?","R","E","M","R","BOSS","M","$","M","M","M"],"build_version":"2018-07-12","purchased_purges":0,"victory":false,"max_hp_per_floor":[80,80,80,80,80,80,80,80,80,80,80,80,80,80,80,80,80,83,83,83,86,86],"card_choices":[{"not_picked":["Dark Embrace","Immolate"],"picked":"Fiend Fire","floor":0},{"not_picked":["Intimidate","Blood for Blood"],"picked":"Heavy Blade","floor":1},{"not_picked":["Combust","Reckless Charge"],"picked":"Shrug It Off","floor":2},{"not_picked":["Body Slam","Wild Strike"],"picked":"Dual Wield","floor":4},{"not_picked":["Reckless Charge","Pummel"],"picked":"Clothesline","floor":5},{"not_picked":["Warcry","Flame Barrier"],"picked":"True Grit","floor":6},{"not_picked":["Sword Boomerang","Evolve"],"picked":"Fiend Fire","floor":7},{"not_picked":["Cleave","Battle Trance"],"picked":"Spot Weakness","floor":8},{"not_picked":["Armaments","Headbutt"],"picked":"Heavy Blade","floor":10},{"not_picked":["Pommel Strike","Thunderclap"],"picked":"True Grit","floor":11},{"not_picked":["Rupture","Uppercut"],"picked":"Battle Trance","floor":13},{"not_picked":["Fire Breathing","Dropkick"],"picked":"Dark Embrace","floor":14},{"not_picked":["Impervious+1","Bludgeon"],"picked":"Feed","floor":16},{"not_picked":["Entrench+1","Havoc+1"],"picked":"Anger","floor":18},{"not_picked":["Rampage","Flame Barrier+1"],"picked":"Cleave+1","floor":20},{"not_picked":["Sword Boomerang","Fire Breathing"],"picked":"Thunderclap","floor":21}],"player_experience":189458,"relics_obtained":[{"floor":6,"key":"Orichalcum"},{"floor":8,"key":"Happy Flower"},{"floor":9,"key":"Ancient Tea Set"},{"floor":13,"key":"Toxic Egg 2"}],"event_choices":[{"event_name":"Living Wall","player_choice":"Grow","floor":3,"damage_taken":0}],"boss_relics":[{"not_picked":["Runic Pyramid","Empty Cage"],"picked":"Black Star"}],"items_purged_floors":[],"is_endless":false,"potions_floor_spawned":[2,4,6,13,16],"killed_by":"Slaver and Parasite","ascension_level":3}