{"gold_per_floor":[15,15,32,45,56,56,17,17,17,17,29,41,57,73,73,171,171,187,187],"floor_reached":19,"playtime":1392,"items_purged":[],"score":187,"play_id":"f2c80c32-8788-4bfe-9352-046f7abf3051","local_time":"20190428175400","is_ascension_mode":true,"campfire_choices":[{"data":"Zap","floor":6,"key":"SMITH"},{"data":"Hello World","floor":8,"key":"SMITH"},{"floor":15,"key":"REST"}],"neow_cost":"NO_GOLD","seed_source_timestamp":90357736787072,"circlet_count":0,"master_deck":["Strike_B","Strike_B","Strike_B","Defend_B","Defend_B","Defend_B","Defend_B","Zap+1","Dualcast","Seek","Steam Power","Double Energy","Hello World+1","White Noise","Loop","Coolheaded","Multi-Cast"],"relics":["Cracked Core","Ancient Tea Set","Busted Crown"],"potions_floor_usage":[11,16,16],"damage_taken":[{"damage":6,"enemies":"2 Louse","floor":1,"turns":3},{"damage":12,"enemies":"Small Slimes","floor":3,"turns":4},{"damage":2,"enemies":"Jaw Worm","floor":4,"turns":3},{"damage":9,"enemies":"Exordium Wildlife","floor":5,"turns":4},{"damage":28,"enemies":"Gremlin Gang","floor":11,"turns":4},{"damage":20,"enemies":"3 Louse","floor":12,"turns":3},{"damage":9,"enemies":"2 Fungi Beasts","floor":13,"turns":3},{"damage":6,"enemies":"Looter","floor":14,"turns":3},{"damage":11,"enemies":"Hexaghost","floor":16,"turns":11},{"damage":13,"enemies":"Chosen","floor":18,"turns":4},{"damage":30,"enemies":"Colosseum Slavers","floor":19,"turns":5},{"damage":44,"enemies":"Colosseum Nobs","floor":19,"turns":3}],"seed_played":"5393101746143605629","potions_obtained":[{"floor":4,"key":"Ancient Potion"},{"floor":5,"key":"PowerPotion"},{"floor":11,"key":"FearPotion"},{"floor":12,"key":"SkillPotion"},{"floor":14,"key":"FearPotion"}],"is_trial":false,"path_per_floor":["M","?","M","M","M","R","$","R","T","?","M","M","M","M","R","B",null,"M","?"],"character_chosen":"DEFECT","items_purchased":["Hello World"],"campfire_rested":1,"item_purchase_floors":[7],"current_hp_per_floor":[69,62,50,48,39,39,39,39,39,64,36,16,7,1,23,12,75,62,0],"gold":187,"neow_bonus":"THREE_RARE_CARDS","is_prod":false,"is_daily":false,"chose_seed":false,"campfire_upgraded":2,"win_rate":0,"timestamp":1556488440,"path_taken":["M","?","M","M","M","R","$","R","T","?","M","M","M","M","R","BOSS","M","?"],"build_version":"2019-01-23","purchased_purges":0,"victory":false,"max_hp_per_floor":[75,75,75,75,75,75,75,75,75,75,75,75,75,75,75,75,75,75,75],"card_choices":[{"not_picked":["Fission","Thunder Strike"],"picked":"Seek","floor":0},{"not_picked":["Conserve Battery","Streamline","Consume"],"picked":"SKIP","floor":1},{"not_picked":["Streamline","Fusion","Leap"],"picked":"SKIP","floor":3},{"not_picked":["Ball Lightning","Beam Cell"],"picked":"Steam Power","floor":4},{"not_picked":["Barrage","Rebound"],"picked":"Double Energy","floor":5},{"not_picked":["Steam Power","Leap","Conserve Battery"],"picked":"SKIP","floor":11},{"not_picked":["Go for the Eyes","Beam Cell"],"picked":"White Noise","floor":12},{"not_picked":["Hyperbeam","Gash"],"picked":"Loop","floor":13},{"not_picked":["FTL","Hello World"],"picked":"Coolheaded","floor":14},{"not_picked":["Core Surge","Thunder Strike"],"picked":"Multi-Cast","floor":16},{"not_picked":["Gash"],"picked":"SKIP","floor":18}],"player_experience":196212,"relics_obtained":[{"floor":9,"key":"Ancient Tea Set"}],"event_choices":[{"cards_removed":["Strike_B"],"damage_healed":0,"gold_gain":0,"player_choice":"Card Removal","damage_taken":7,"max_hp_gain":0,"max_hp_loss":0,"event_name":"Golden Wing","floor":2,"gold_loss":0},{"damage_healed":25,"gold_gain":0,"player_choice":"Banana","damage_taken":0,"max_hp_gain":0,"max_hp_loss":0,"event_name":"Big Fish","floor":10,"gold_loss":0},{"damage_healed":0,"gold_gain":0,"player_choice":"Fight","damage_taken":0,"max_hp_gain":0,"max_hp_loss":0,"event_name":"Colosseum","floor":19,"gold_loss":0},{"damage_healed":0,"gold_gain":0,"player_choice":"Fought Nobs","damage_taken":0,"max_hp_gain":0,"max_hp_loss":0,"event_name":"Colosseum","floor":19,"gold_loss":0}],"is_beta":false,"boss_relics":[{"not_picked":["Coffee Dripper","Astrolabe"],"picked":"Busted Crown"}],"items_purged_floors":[],"is_endless":false,"potions_floor_spawned":[4,5,11,12,14,19],"killed_by":"Colosseum Nobs","ascension_level":3}