{"gold_per_floor":[369,385,385,385,385,385,416,416,416,341,369,385,40,40,40,111,111,111],"floor_reached":18,"playtime":750,"items_purged":["Strike_R"],"score":291,"play_id":"2c3ea22d-28ea-49ba-890d-aa6d67a4be55","local_time":"20181018202423","is_ascension_mode":true,"campfire_choices":[{"data":"Bash","floor":6,"key":"SMITH"},{"data":"Body Slam","floor":8,"key":"SMITH"},{"data":"Corruption","floor":15,"key":"SMITH"}],"neow_cost":"CURSE","seed_source_timestamp":819692740028,"circlet_count":0,"master_deck":["Strike_R","Strike_R","Strike_R","Defend_R","Defend_R","Defend_R","Defend_R","Bash+1","AscendersBane","Spot Weakness","Shrug It Off","Body Slam+1","Clothesline","Armaments","Corruption+1","Feel No Pain","Limit Break"],"relics":["Burning Blood","Omamori","Incense Burner","Mummified Hand","The Courier","Medical Kit","WarpedTongs","Snecko Eye"],"potions_floor_usage":[7,11],"damage_taken":[{"damage":11,"enemies":"Jaw Worm","floor":1,"turns":4},{"damage":6,"enemies":"Small Slimes","floor":2,"turns":5},{"damage":24,"enemies":"Gremlin Nob","floor":7,"turns":4},{"damage":8,"enemies":"3 Sentries","floor":11,"turns":10},{"damage":0,"enemies":"2 Louse","floor":12,"turns":3},{"damage":34,"enemies":"The Guardian","floor":16,"turns":13},{"damage":0,"enemies":"3 Byrds","floor":18,"turns":5}],"seed_played":"4170281923160240157","potions_obtained":[{"floor":1,"key":"Poison Potion"},{"floor":7,"key":"EssenceOfSteel"}],"is_trial":false,"path_per_floor":["M","M","?","?","T","R","E","R","T","?","E","M","$","?","R","B",null],"character_chosen":"IRONCLAD","items_purchased":["Medical Kit","Corruption","Feel No Pain"],"campfire_rested":0,"item_purchase_floors":[13,13,13],"current_hp_per_floor":[63,63,63,56,56,56,38,38,38,38,36,42,42,42,42,14,58,58],"gold":111,"neow_bonus":"TWO_FIFTY_GOLD","is_prod":false,"is_daily":false,"chose_seed":false,"campfire_upgraded":3,"win_rate":0,"timestamp":1539908663,"path_taken":["M","M","?","?","?","R","E","R","T","?","E","?","$","?","R","BOSS","M"],"build_version":"2018-10-11","purchased_purges":1,"victory":false,"max_hp_per_floor":[75,75,75,72,72,72,72,72,72,72,72,72,72,72,72,72,72,72],"card_choices":[{"not_picked":["Entrench","Warcry"],"picked":"Spot Weakness","floor":1},{"not_picked":["Intimidate","Blood for Blood"],"picked":"Shrug It Off","floor":2},{"not_picked":["Infernal Blade","Barricade"],"picked":"Body Slam","floor":7},{"not_picked":["Headbutt","Brutality"],"picked":"Clothesline","floor":11},{"not_picked":["Heavy Blade","Havoc"],"picked":"Armaments","floor":12},{"not_picked":["Fiend Fire","Exhume"],"picked":"Limit Break","floor":16}],"player_experience":919798,"relics_obtained":[{"floor":5,"key":"Omamori"},{"floor":7,"key":"Incense Burner"},{"floor":9,"key":"Mummified Hand"},{"floor":11,"key":"The Courier"}],"event_choices":[{"event_name":"Liars Game","player_choice":"disagreed","floor":3,"damage_taken":0},{"event_name":"Golden Wing","player_choice":"Card Removal","floor":4,"damage_taken":0},{"event_name":"The Cleric","player_choice":"Card Removal","floor":10,"damage_taken":0},{"event_name":"Accursed Blacksmith","player_choice":"Rummage","floor":14,"damage_taken":0}],"is_beta":false,"boss_relics":[{"not_picked":["Astrolabe","White Beast Statue"],"picked":"Snecko Eye"}],"items_purged_floors":[13],"is_endless":false,"potions_floor_spawned":[1,7],"killed_by":"3 Byrds","ascension_level":15}