{"gold_per_floor":[118,170,170,189,64,92,92,106,106,106,132,185,215,225,225,328,328,317,336,2,18,18,51,51,79,79,79,111,111],"floor_reached":29,"playtime":2256,"items_purged":["Regret"],"score":354,"play_id":"13343782-c79d-4973-9392-18b661c80500","local_time":"20180718183123","is_ascension_mode":true,"campfire_choices":[{"data":"Bash","floor":15,"key":"SMITH"},{"data":"Apotheosis","floor":24,"key":"SMITH"}],"neow_cost":"","seed_source_timestamp":600715859793472,"circlet_count":0,"master_deck":["Strike_R+1","Strike_R","Strike_R","Strike_R+1","Defend_R","Defend_R","Defend_R","Defend_R","Bash+1","Seeing Red","Clash","Shrug It Off","Feed+1","Heavy Blade","Iron Wave","Headbutt","Thunderclap","Demon Form","True Grit+1","True Grit","Apotheosis+1","Flex","Clothesline+1","Ghostly Armor","Flex","Dual Wield"],"relics":["Black Blood","Whetstone","Torii","The Courier","Peace Pipe","Ginger","Gambling Chip","Tiny Chest","Matryoshka","HandDrill","Pen Nib","Orichalcum","Centennial Puzzle","Dodecahedron","Shovel"],"potions_floor_usage":[11,16,16,18,18,23,23,25],"damage_taken":[{"damage":1,"enemies":"Cultist","floor":1,"turns":3},{"damage":15,"enemies":"Small Slimes","floor":4,"turns":4},{"damage":23,"enemies":"Lagavulin","floor":6,"turns":8},{"damage":0,"enemies":"2 Louse","floor":8,"turns":1},{"damage":6,"enemies":"Gremlin Nob","floor":11,"turns":3},{"damage":14,"enemies":"Lagavulin","floor":13,"turns":6},{"damage":0,"enemies":"Large Slime","floor":14,"turns":3},{"damage":24,"enemies":"The Guardian","floor":16,"turns":12},{"damage":13,"enemies":"2 Thieves","floor":18,"turns":4},{"damage":13,"enemies":"3 Byrds","floor":19,"turns":8},{"damage":14,"enemies":"3 Cultists","floor":21,"turns":7},{"damage":60,"enemies":"Slavers","floor":23,"turns":7},{"damage":17,"enemies":"Book of Stabbing","floor":25,"turns":8},{"damage":56,"enemies":"Gremlin Leader","floor":28,"turns":10},{"damage":13,"enemies":"Centurion and Healer","floor":29,"turns":2}],"seed_played":"7139846141727720342","potions_obtained":[{"floor":8,"key":"AttackPotion"},{"floor":11,"key":"EssenceOfSteel"},{"floor":13,"key":"Fire Potion"},{"floor":14,"key":"BloodPotion"},{"floor":16,"key":"Swift Potion"},{"floor":18,"key":"BloodPotion"},{"floor":19,"key":"BloodPotion"},{"floor":23,"key":"Weak Potion"}],"is_trial":false,"path_per_floor":["M","T","?","M","$","E","?","M","T","?","E","T","E","M","R","B",null,"M","M","$","M","?","E","R","E","T","$","E"],"character_chosen":"IRONCLAD","items_purchased":["Shrug It Off","Apotheosis","HandDrill","Flex"],"campfire_rested":0,"item_purchase_floors":[5,20,20,20],"current_hp_per_floor":[80,80,80,71,71,54,54,60,60,48,48,48,40,50,50,44,88,85,86,86,86,86,60,60,57,57,57,11,0],"gold":111,"neow_bonus":"","is_prod":false,"is_daily":false,"chose_seed":false,"campfire_upgraded":2,"win_rate":0,"timestamp":1531953083,"path_taken":["M","?","?","M","$","E","?","?","T","?","E","?","E","M","R","BOSS","M","M","$","?","?","E","R","E","T","$","E","M"],"build_version":"2018-07-12","purchased_purges":1,"victory":false,"max_hp_per_floor":[80,80,80,80,80,80,80,80,80,80,80,80,80,84,84,88,88,88,92,92,96,96,100,100,104,104,104,104,104],"card_choices":[{"not_picked":["Body Slam","Thunderclap"],"picked":"Seeing Red","floor":1},{"not_picked":["Dual Wield","True Grit"],"picked":"Clash","floor":4},{"not_picked":["Burning Pact","Rampage"],"picked":"Feed","floor":6},{"not_picked":["Anger","Corruption"],"picked":"Heavy Blade","floor":8},{"not_picked":["Carnage","Thunderclap"],"picked":"Iron Wave","floor":11},{"not_picked":["Warcry","Wild Strike"],"picked":"Headbutt","floor":13},{"not_picked":["Ghostly Armor","Heavy Blade"],"picked":"Thunderclap","floor":14},{"not_picked":["Reaper","Double Tap"],"picked":"Demon Form","floor":16},{"not_picked":["Body Slam","Fire Breathing"],"picked":"True Grit+1","floor":18},{"not_picked":["Body Slam","Heavy Blade"],"picked":"True Grit","floor":19},{"not_picked":["Sword Boomerang","Fire Breathing"],"picked":"Clothesline+1","floor":21},{"not_picked":["Evolve","Dark Embrace"],"picked":"Ghostly Armor","floor":23},{"not_picked":["Reckless Charge","Thunderclap"],"picked":"Flex","floor":25},{"not_picked":["Iron Wave","Bloodletting"],"picked":"Dual Wield","floor":28}],"player_experience":160998,"relics_obtained":[{"floor":2,"key":"Whetstone"},{"floor":6,"key":"The Courier"},{"floor":9,"key":"Peace Pipe"},{"floor":11,"key":"Gambling Chip"},{"floor":12,"key":"Tiny Chest"},{"floor":13,"key":"Matryoshka"},{"floor":23,"key":"Pen Nib"},{"floor":25,"key":"Orichalcum"},{"floor":26,"key":"Centennial Puzzle"},{"floor":26,"key":"Dodecahedron"},{"floor":28,"key":"Shovel"}],"event_choices":[{"event_name":"Big Fish","player_choice":"Box","floor":3,"damage_taken":0},{"event_name":"Upgrade Shrine","player_choice":"Upgraded","floor":7,"damage_taken":0},{"event_name":"Scrap Ooze","player_choice":"success","floor":10,"damage_taken":12},{"event_name":"Bonfire Elementals","player_choice":"BASIC","floor":22,"damage_taken":0}],"boss_relics":[{"not_picked":["Philosopher\u0027s Stone","Empty Cage"],"picked":"Black Blood"}],"items_purged_floors":[5],"is_endless":false,"potions_floor_spawned":[8,11,13,14,16,18,19,23],"killed_by":"Centurion and Healer","ascension_level":2}