{"gold_per_floor":[110,121,53,64,64,97,97,47,47,47,47,63,138,149,149,251,251,261,186,186,19,44,44,76,76,99,99,124,138,138,152,152,250,250,261,0,0,20,72,72,106,106,106,118,118,118],"floor_reached":46,"playtime":1470,"items_purged":[],"score":603,"play_id":"8a0ea719-de4b-4a73-b605-785c5a3dd19e","local_time":"20190723133413","is_ascension_mode":true,"campfire_choices":[{"floor":7,"key":"REST"},{"data":"Seeing Red","floor":10,"key":"SMITH"},{"floor":15,"key":"REST"},{"floor":25,"key":"REST"},{"floor":27,"key":"REST"},{"floor":32,"key":"REST"},{"floor":40,"key":"REST"},{"floor":45,"key":"REST"}],"neow_cost":"PERCENT_DAMAGE","seed_source_timestamp":161732863983600,"circlet_count":0,"master_deck":["Strike_R","Strike_R","Strike_R","Strike_R+1","Defend_R","Defend_R","Bash+1","Demon Form","Flex","Spot Weakness","Pummel+1","Spot Weakness","Seeing Red+1","Shrug It Off","Sword Boomerang+1","Ghostly Armor+1","Double Tap+1","Intimidate+1","Shrug It Off+1","Flex+1","Armaments+1","Whirlwind","Limit Break+1","True Grit+1","Pommel Strike+1","Entrench+1","PanicButton+1"],"relics":["Burning Blood","Kunai","Toxic Egg 2","Runic Cube","Oddly Smooth Stone","Bronze Scales","Ornamental Fan","Paper Frog","Whetstone","Dodecahedron","Mark of Pain","Red Mask","Vajra","Red Skull","Sundial"],"potions_floor_usage":[14,16,24,24,33,38,46],"damage_taken":[{"damage":6,"enemies":"Cultist","floor":1,"turns":4},{"damage":12,"enemies":"Jaw Worm","floor":2,"turns":3},{"damage":3,"enemies":"Small Slimes","floor":4,"turns":2},{"damage":35,"enemies":"3 Sentries","floor":6,"turns":6},{"damage":2,"enemies":"Exordium Wildlife","floor":12,"turns":3},{"damage":3,"enemies":"Looter","floor":14,"turns":2},{"damage":25,"enemies":"Slime Boss","floor":16,"turns":8},{"damage":25,"enemies":"2 Thieves","floor":18,"turns":3},{"damage":45,"enemies":"Gremlin Leader","floor":24,"turns":8},{"damage":14,"enemies":"Slavers","floor":28,"turns":4},{"damage":10,"enemies":"Shell Parasite","floor":29,"turns":4},{"damage":24,"enemies":"Snake Plant","floor":31,"turns":2},{"damage":63,"enemies":"Automaton","floor":33,"turns":9},{"damage":8,"enemies":"Orb Walker","floor":35,"turns":3},{"damage":27,"enemies":"3 Shapes","floor":38,"turns":6},{"damage":46,"enemies":"Reptomancer","floor":41,"turns":3},{"damage":15,"enemies":"Sphere and 2 Shapes","floor":44,"turns":4},{"damage":56,"enemies":"4 Shapes","floor":46,"turns":3}],"seed_played":"1071091273028274122","potions_obtained":[{"floor":2,"key":"EssenceOfSteel"},{"floor":4,"key":"Poison Potion"},{"floor":6,"key":"SkillPotion"},{"floor":18,"key":"Explosive Potion"},{"floor":31,"key":"Strength Potion"},{"floor":33,"key":"Fire Potion"},{"floor":44,"key":"AttackPotion"}],"is_trial":false,"path_per_floor":["M","M","$","M","?","E","R","$","T","R","?","M","?","M","R","B",null,"M","?","?","$","T","T","E","R","T","R","E","M","?","M","R","B",null,"M","?","?","M","T","R","E","?","T","M","R","M"],"character_chosen":"IRONCLAD","items_purchased":["Pummel","Shrug It Off","Oddly Smooth Stone","Flex+1"],"campfire_rested":7,"item_purchase_floors":[3,8,21,21],"current_hp_per_floor":[56,50,50,53,53,24,48,48,48,48,32,36,36,39,63,44,80,61,61,61,61,61,61,22,46,46,70,62,58,58,40,64,7,80,78,78,78,57,57,80,40,40,40,31,55,0],"gold":118,"neow_bonus":"THREE_RARE_CARDS","is_prod":false,"is_daily":false,"chose_seed":false,"campfire_upgraded":1,"win_rate":0,"timestamp":1563881653,"path_taken":["M","?","$","M","?","E","R","?","T","R","?","M","?","?","R","BOSS","M","?","?","$","?","?","E","R","T","R","E","?","?","M","R","BOSS","M","?","?","M","?","R","E","?","T","?","R","?"],"build_version":"2019-07-17","purchased_purges":0,"victory":false,"max_hp_per_floor":[80,80,80,80,80,80,80,80,80,80,80,80,80,80,80,80,80,80,80,80,80,80,80,80,80,80,80,80,80,80,80,80,80,80,80,80,80,80,80,80,80,80,80,80,80,80],"card_choices":[{"not_picked":["Exhume","Reaper"],"picked":"Demon Form","floor":0},{"not_picked":["Pommel Strike","Armaments"],"picked":"Flex","floor":1},{"not_picked":["Entrench","Iron Wave"],"picked":"Spot Weakness","floor":2},{"not_picked":["Flex","Bloodletting"],"picked":"Spot Weakness","floor":4},{"not_picked":["Shockwave","Armaments"],"picked":"Seeing Red","floor":6},{"not_picked":["Clothesline","Iron Wave"],"picked":"Sword Boomerang","floor":12},{"not_picked":["Hemokinesis","Thunderclap"],"picked":"Ghostly Armor+1","floor":14},{"not_picked":["Bludgeon","Feed"],"picked":"Double Tap+1","floor":16},{"not_picked":["Inflame","Warcry+1"],"picked":"Intimidate+1","floor":18},{"not_picked":["Brutality","Clothesline","Dropkick"],"picked":"SKIP","floor":24},{"not_picked":["Headbutt","Clash"],"picked":"Armaments+1","floor":28},{"not_picked":["Dropkick","Thunderclap"],"picked":"Whirlwind","floor":29},{"not_picked":["Searing Blow","Iron Wave","Dual Wield+1"],"picked":"SKIP","floor":31},{"not_picked":["Offering+1","Impervious+1"],"picked":"Limit Break+1","floor":33},{"not_picked":["Searing Blow","Armaments+1"],"picked":"True Grit+1","floor":35},{"not_picked":["Disarm+1","Carnage+1"],"picked":"Pommel Strike+1","floor":38},{"not_picked":["True Grit+1","Offering+1"],"picked":"Entrench+1","floor":41},{"not_picked":["Magnetism","Dramatic Entrance"],"picked":"PanicButton+1","floor":42},{"not_picked":["Sword Boomerang+1","Body Slam","True Grit+1"],"picked":"SKIP","floor":44}],"player_experience":286059,"relics_obtained":[{"floor":6,"key":"Kunai"},{"floor":9,"key":"Toxic Egg 2"},{"floor":22,"key":"Bronze Scales"},{"floor":23,"key":"Ornamental Fan"},{"floor":24,"key":"Paper Frog"},{"floor":26,"key":"Whetstone"},{"floor":28,"key":"Dodecahedron"},{"floor":39,"key":"Vajra"},{"floor":41,"key":"Red Skull"},{"floor":43,"key":"Sundial"}],"event_choices":[{"cards_removed":["Defend_R"],"damage_healed":0,"gold_gain":0,"player_choice":"Purged","damage_taken":0,"max_hp_gain":0,"max_hp_loss":0,"event_name":"Purifier","floor":5,"gold_loss":0},{"damage_healed":0,"gold_gain":0,"player_choice":"Entered Light","damage_taken":16,"max_hp_gain":0,"max_hp_loss":0,"event_name":"Shining Light","floor":11,"gold_loss":0,"cards_upgraded":["Strike_R","Bash"]},{"damage_healed":0,"gold_gain":75,"player_choice":"Gained Gold","damage_taken":0,"max_hp_gain":0,"max_hp_loss":0,"event_name":"Golden Wing","floor":13,"gold_loss":0},{"cards_removed":["Strike_R"],"damage_healed":0,"gold_gain":0,"player_choice":"Gave Gold","damage_taken":0,"max_hp_gain":0,"max_hp_loss":0,"event_name":"Beggar","floor":19,"gold_loss":75},{"damage_healed":0,"gold_gain":0,"player_choice":"Read","damage_taken":0,"max_hp_gain":0,"max_hp_loss":0,"event_name":"The Library","floor":20,"gold_loss":0,"cards_obtained":["Shrug It Off"]},{"damage_healed":0,"gold_gain":0,"player_choice":"Ignored","damage_taken":0,"max_hp_gain":0,"max_hp_loss":0,"event_name":"Ghosts","floor":30,"gold_loss":0},{"damage_healed":0,"gold_gain":0,"player_choice":"Paid","damage_taken":0,"relics_obtained":["Red Mask"],"max_hp_gain":0,"max_hp_loss":0,"event_name":"Tomb of Lord Red Mask","floor":36,"gold_loss":261},{"cards_removed":["Defend_R"],"damage_healed":0,"gold_gain":0,"player_choice":"Removed Skill","damage_taken":0,"max_hp_gain":0,"max_hp_loss":0,"event_name":"Falling","floor":37,"gold_loss":0},{"damage_healed":0,"gold_gain":0,"player_choice":"Memory 1","damage_taken":0,"max_hp_gain":0,"max_hp_loss":0,"event_name":"SensoryStone","floor":42,"gold_loss":0}],"is_beta":false,"boss_relics":[{"not_picked":["Eternal Feather","Runic Dome"],"picked":"Runic Cube"},{"not_picked":["Empty Cage","Velvet Choker"],"picked":"Mark of Pain"}],"items_purged_floors":[],"is_endless":false,"potions_floor_spawned":[2,4,6,18,31,33,44],"killed_by":"4 Shapes","ascension_level":4}