{"gold_per_floor":[109,120,120,130,150,150,180,180,180,180,209,222,233,245,245,342,342,354,304,315,333,258,258,291,291,291,321,333,344,344,354,354,456,456,474,339,339,354,374,405,405,415,415,750,750,762,787,804,804,804],"floor_reached":51,"playtime":6854,"items_purged":["Entrench"],"score":858,"play_id":"d0e1e26e-7bb9-4403-b721-1449efd77922","local_time":"20190621214042","is_ascension_mode":true,"campfire_choices":[{"data":"Inflame","floor":6.0,"key":"SMITH"},{"data":"Flame Barrier","floor":8.0,"key":"SMITH"},{"data":"Flame Barrier","floor":10.0,"key":"SMITH"},{"data":"Flex","floor":15,"key":"SMITH"},{"data":"1","floor":23,"key":"LIFT"},{"data":"Seeing Red","floor":25,"key":"SMITH"},{"data":"2","floor":32,"key":"LIFT"},{"data":"Apotheosis","floor":41,"key":"SMITH"},{"data":"3","floor":45,"key":"LIFT"},{"data":"Demon Form","floor":49,"key":"SMITH"}],"neow_cost":"PERCENT_DAMAGE","seed_source_timestamp":0,"circlet_count":0,"master_deck":["Bash","Thunderclap","Heavy Blade","Flame Barrier+1","Shrug It Off","Inflame+1","Flame Barrier+1","Reaper","Seeing Red+1","Flex+1","Offering","Ghostly Armor","Reaper","Warcry","Shockwave","Carnage","True Grit+1","Offering","Apotheosis+1","Demon Form+1"],"special_seed":0,"relics":["Burning Blood","Lantern","Girya","Pandora\u0027s Box","Boot","The Courier","Potion Belt","CultistMask","Cursed Key","Toxic Egg 2","Old Coin","Molten Egg 2"],"potions_floor_usage":[16,27,33,50,50,50,50,50],"damage_taken":[{"damage":0.0,"enemies":"2 Louse","floor":1.0,"turns":2.0},{"damage":1.0,"enemies":"Cultist","floor":2.0,"turns":4.0},{"damage":0.0,"enemies":"Small Slimes","floor":4.0,"turns":2.0},{"damage":9.0,"enemies":"Gremlin Gang","floor":5.0,"turns":4.0},{"damage":8.0,"enemies":"Gremlin Nob","floor":7.0,"turns":3.0},{"damage":8.0,"enemies":"3 Sentries","floor":11.0,"turns":8.0},{"damage":12,"enemies":"Exordium Thugs","floor":12,"turns":4},{"damage":0,"enemies":"Red Slaver","floor":13,"turns":3},{"damage":2,"enemies":"Looter","floor":14,"turns":3},{"damage":34,"enemies":"Slime Boss","floor":16,"turns":10},{"damage":8,"enemies":"3 Byrds","floor":18,"turns":3},{"damage":12,"enemies":"2 Thieves","floor":20,"turns":4},{"damage":6,"enemies":"Snake Plant","floor":21,"turns":2},{"damage":19,"enemies":"Gremlin Leader","floor":24,"turns":8},{"damage":25,"enemies":"Slavers","floor":27,"turns":4},{"damage":6,"enemies":"Chosen and Byrds","floor":28,"turns":3},{"damage":15,"enemies":"Centurion and Healer","floor":29,"turns":5},{"damage":9,"enemies":"Shelled Parasite and Fungi","floor":31,"turns":5},{"damage":70,"enemies":"Automaton","floor":33,"turns":11},{"damage":6,"enemies":"3 Shapes","floor":35,"turns":3},{"damage":20,"enemies":"3 Darklings","floor":38,"turns":3},{"damage":17,"enemies":"Sphere and 2 Shapes","floor":39,"turns":4},{"damage":12,"enemies":"Giant Head","floor":40,"turns":5},{"damage":18,"enemies":"Jaw Worm Horde","floor":42,"turns":2},{"damage":62,"enemies":"Nemesis","floor":44,"turns":7},{"damage":33,"enemies":"Writhing Mass","floor":46,"turns":5},{"damage":63,"enemies":"Reptomancer","floor":47,"turns":6},{"damage":12,"enemies":"Transient","floor":48,"turns":5},{"damage":40,"enemies":"Time Eater","floor":50,"turns":7}],"seed_played":"-7659846589326244352","potions_obtained":[{"floor":5.0,"key":"Energy Potion"},{"floor":11.0,"key":"Swift Potion"},{"floor":12,"key":"Fire Potion"},{"floor":13,"key":"Ancient Potion"},{"floor":14,"key":"EssenceOfSteel"},{"floor":20,"key":"SpeedPotion"},{"floor":24,"key":"Energy Potion"},{"floor":27,"key":"Dexterity Potion"},{"floor":29,"key":"LiquidBronze"},{"floor":31,"key":"PowerPotion"},{"floor":35,"key":"SkillPotion"},{"floor":37,"key":"Strength Potion"},{"floor":37,"key":"Ancient Potion"}],"is_trial":false,"path_per_floor":["M","M","?","M","M","R","E","R","T","R","E","M","M","M","R","B",null,"M","?","M","M","$","R","E","R","T","E","M","M","?","M","R","B",null,"M","$","?","M","M","E","R","M","T","E","R","M","E","M","R","B",null],"character_chosen":"IRONCLAD","items_purchased":["Apotheosis"],"campfire_rested":0,"item_purchase_floors":[36],"current_hp_per_floor":[62,67,67,73,70,70,68,68,68,68,73,73,79,80,80,69,80,78,78,72,80,80,80,80,80,80,80,80,80,80,80,80,22,80,80,80,80,80,80,80,80,80,80,35,35,20,35,76,76,80],"gold":804,"neow_bonus":"TRANSFORM_TWO_CARDS","is_prod":false,"is_daily":false,"chose_seed":false,"campfire_upgraded":7,"win_rate":0,"timestamp":1561117242,"path_taken":["M","M","?","M","?","R","E","R","T","R","E","M","M","M","R","BOSS","M","?","?","M","$","R","E","R","T","E","M","M","?","?","R","BOSS","M","$","?","M","M","E","R","M","T","E","R","M","E","M","R","BOSS"],"build_version":"2019-01-23","purchased_purges":1,"victory":true,"max_hp_per_floor":[80,80,80,80,80,80,80,80,80,80,80,80,80,80,80,80,80,80,80,80,80,80,80,80,80,80,80,80,80,80,80,80,80,80,80,80,80,80,80,80,80,80,80,80,80,80,80,80,80,80],"card_choices":[{"not_picked":["Twin Strike","Thunderclap"],"picked":"Flame Barrier","floor":1.0},{"not_picked":["Clothesline","Cleave"],"picked":"Shrug It Off","floor":2.0},{"not_picked":["Havoc","Cleave"],"picked":"Inflame","floor":4.0},{"not_picked":["Perfected Strike","Havoc"],"picked":"Flame Barrier","floor":5.0},{"not_picked":["Sword Boomerang","Pommel Strike"],"picked":"Reaper","floor":7.0},{"not_picked":["Blood for Blood","Heavy Blade","Carnage"],"picked":"SKIP","floor":11.0},{"not_picked":["Hemokinesis","Entrench"],"picked":"Seeing Red","floor":12},{"not_picked":["Headbutt","Dropkick","Havoc"],"picked":"SKIP","floor":13},{"not_picked":["Twin Strike","Feel No Pain"],"picked":"Flex","floor":14},{"not_picked":["Feed","Double Tap"],"picked":"Offering","floor":16},{"not_picked":["Anger+1","Bloodletting","Heavy Blade"],"picked":"SKIP","floor":18},{"not_picked":["Uppercut","Rampage"],"picked":"True Grit+1","floor":20},{"not_picked":["Anger+1","Flex","Armaments"],"picked":"SKIP","floor":21},{"not_picked":["Blood for Blood+1","Shrug It Off","Headbutt"],"picked":"SKIP","floor":24},{"not_picked":["Berserk","Wild Strike+1","Anger"],"picked":"SKIP","floor":27},{"not_picked":["Ghostly Armor","Thunderclap","Fire Breathing"],"picked":"SKIP","floor":28},{"not_picked":["Blood for Blood","Armaments","True Grit"],"picked":"SKIP","floor":29},{"not_picked":["Pommel Strike","True Grit","Cleave"],"picked":"SKIP","floor":31},{"not_picked":["Reaper","Berserk"],"picked":"Offering","floor":33},{"not_picked":["Clothesline+1","Thunderclap","Shockwave"],"picked":"SKIP","floor":35},{"not_picked":["Sword Boomerang","Flame Barrier+1","Warcry+1"],"picked":"SKIP","floor":38},{"not_picked":["Dropkick","Headbutt","Second Wind+1"],"picked":"SKIP","floor":39},{"not_picked":["Wild Strike+1","Warcry","Corruption"],"picked":"SKIP","floor":40},{"not_picked":["Blood for Blood+1","Wild Strike+1","Dual Wield+1"],"picked":"SKIP","floor":42},{"not_picked":["Corruption","Heavy Blade+1"],"picked":"Demon Form","floor":44},{"not_picked":["Thunderclap","Pommel Strike","Rupture+1"],"picked":"SKIP","floor":46},{"not_picked":["Perfected Strike","True Grit+1","Wild Strike"],"picked":"SKIP","floor":47},{"not_picked":["Sword Boomerang+1","Pommel Strike+1","Fiend Fire+1"],"picked":"SKIP","floor":48}],"player_experience":608570,"relics_obtained":[{"floor":7.0,"key":"Lantern"},{"floor":11.0,"key":"Girya"},{"floor":24,"key":"Boot"},{"floor":26,"key":"The Courier"},{"floor":27,"key":"Potion Belt"},{"floor":40,"key":"Toxic Egg 2"},{"floor":44,"key":"Old Coin"},{"floor":47,"key":"Molten Egg 2"}],"event_choices":[{"cards_removed":["Strike_R"],"damage_healed":0.0,"max_hp_gain":0.0,"max_hp_loss":0.0,"gold_gain":0.0,"event_name":"Bonfire Elementals","player_choice":"Offered Basic","floor":3.0,"gold_loss":0.0,"damage_taken":0.0},{"damage_healed":0,"gold_gain":0,"player_choice":"Bet on Murderer","damage_taken":0,"max_hp_gain":0,"max_hp_loss":0,"event_name":"The Joust","floor":19,"gold_loss":50},{"damage_healed":0,"gold_gain":0,"player_choice":"Trade","damage_taken":0,"relics_obtained":["CultistMask"],"max_hp_gain":0,"max_hp_loss":0,"event_name":"FaceTrader","floor":30,"gold_loss":0},{"damage_healed":0,"gold_gain":0,"player_choice":"Got Potions","damage_taken":0,"max_hp_gain":0,"max_hp_loss":0,"event_name":"Lab","floor":37,"gold_loss":0}],"is_beta":false,"boss_relics":[{"not_picked":["Empty Cage","Orrery"],"picked":"Pandora\u0027s Box"},{"not_picked":["Mark of Pain","Tiny House"],"picked":"Cursed Key"}],"items_purged_floors":[22],"is_endless":false,"potions_floor_spawned":[5,11,12,13,14,20,21,24,27,29,31,35,46,48],"ascension_level":1}