{"gold_per_floor":[109,109,34,46,46,75,75,75,75,107,118,129,147,173,173,173],"floor_reached":16,"playtime":725,"items_purged":["Strike_R"],"score":290,"play_id":"8ad17096-1dba-4912-89a1-daad8ea7a833","local_time":"20181119225939","is_ascension_mode":true,"campfire_choices":[{"data":"True Grit","floor":8,"key":"SMITH"},{"data":"Armaments","floor":15,"key":"SMITH"}],"neow_cost":"NONE","seed_source_timestamp":471583117098492,"circlet_count":0,"master_deck":["AscendersBane","Strike_R","Strike_R","Strike_R","Defend_R","Defend_R","Defend_R","Defend_R","Bash","True Grit+1","Reckless Charge","Armaments+1","Bludgeon","Rampage","Pommel Strike","Armaments","Warcry"],"special_seed":0,"relics":["Burning Blood","NeowsBlessing","Oddly Smooth Stone","Gremlin Horn","Orichalcum","Kunai"],"potions_floor_usage":[10,16,16],"damage_taken":[{"damage":0.0,"enemies":"2 Louse","floor":1.0,"turns":1.0},{"damage":0.0,"enemies":"Cultist","floor":4.0,"turns":1.0},{"damage":0,"enemies":"3 Sentries","floor":6,"turns":1},{"damage":23,"enemies":"Lagavulin","floor":10,"turns":10},{"damage":0,"enemies":"Small Slimes","floor":11,"turns":4},{"damage":5,"enemies":"Looter","floor":12,"turns":4},{"damage":6,"enemies":"Large Slime","floor":13,"turns":4},{"damage":9,"enemies":"3 Sentries","floor":14,"turns":9},{"damage":66,"enemies":"Hexaghost","floor":16,"turns":11}],"seed_played":"8204024514844628060","potions_obtained":[{"floor":4.0,"key":"AttackPotion"},{"floor":6,"key":"SpeedPotion"},{"floor":12,"key":"Energy Potion"},{"floor":13,"key":"EssenceOfSteel"}],"is_trial":false,"path_per_floor":["M","?","$","M","?","E","?","R","T","E","M","M","M","E","R","B"],"character_chosen":"IRONCLAD","items_purchased":[],"campfire_rested":0,"item_purchase_floors":[],"current_hp_per_floor":[74,74,74,75,75,75,75,75,75,58,64,65,65,62,62,0],"gold":173,"neow_bonus":"THREE_ENEMY_KILL","is_prod":false,"is_daily":false,"chose_seed":false,"campfire_upgraded":2,"win_rate":0,"timestamp":1542686379,"path_taken":["M","?","$","?","?","E","?","R","T","E","M","M","?","E","R","BOSS"],"build_version":"2018-11-15","purchased_purges":1,"victory":false,"max_hp_per_floor":[75,75,75,75,75,75,75,75,75,75,75,75,75,75,75,75],"card_choices":[{"not_picked":["Anger","Twin Strike"],"picked":"True Grit","floor":1.0},{"not_picked":["Havoc","Blood for Blood"],"picked":"Reckless Charge","floor":4.0},{"not_picked":["Second Wind","Rage"],"picked":"Armaments","floor":6},{"not_picked":["Wild Strike","Perfected Strike"],"picked":"Bludgeon","floor":10},{"not_picked":["Rampage","Sword Boomerang","Body Slam"],"picked":"SKIP","floor":11},{"not_picked":["Sword Boomerang","Body Slam"],"picked":"Rampage","floor":11},{"not_picked":["Barricade","Infernal Blade"],"picked":"Pommel Strike","floor":12},{"not_picked":["Sword Boomerang","Uppercut"],"picked":"Armaments","floor":13},{"not_picked":["Wild Strike","Twin Strike"],"picked":"Warcry","floor":14}],"player_experience":1123651,"relics_obtained":[{"floor":6,"key":"Oddly Smooth Stone"},{"floor":9,"key":"Gremlin Horn"},{"floor":10,"key":"Orichalcum"},{"floor":14,"key":"Kunai"}],"event_choices":[{"damage_healed":0.0,"max_hp_gain":0.0,"max_hp_loss":0.0,"gold_gain":0.0,"event_name":"Match and Keep!","player_choice":"0 cards matched","floor":2.0,"gold_loss":0.0,"damage_taken":0.0,"cards_obtained":[]},{"damage_healed":0,"gold_gain":0,"player_choice":"Leave","damage_taken":0,"max_hp_gain":0,"max_hp_loss":0,"event_name":"The Cleric","floor":5,"gold_loss":0},{"cards_removed":["Strike_R"],"damage_healed":0,"gold_gain":0,"player_choice":"Offered Basic","damage_taken":0,"max_hp_gain":0,"max_hp_loss":0,"event_name":"Bonfire Elementals","floor":7,"gold_loss":0}],"is_beta":false,"boss_relics":[],"items_purged_floors":[3],"is_endless":false,"potions_floor_spawned":[4,6,12,13,14],"killed_by":"Hexaghost","ascension_level":20}