{"gold_per_floor":[116,116,135,159,175,175,25,63,111,124,124,167,185,185,185,313,313,253,253,204,204,204,204,204,204,204,9,9,9,9,9,9,9,9,9,9,9,9,9],"floor_reached":39,"playtime":3712,"items_purged":["Strike_G"],"score":416,"play_id":"20abbe3c-8baf-46c1-bbba-6f0ea19fb37f","local_time":"20190713120512","is_ascension_mode":false,"campfire_choices":[{"data":"Footwork","floor":6,"key":"SMITH"},{"data":"Poisoned Stab","floor":11,"key":"SMITH"},{"floor":15,"key":"REST"},{"floor":23,"key":"REST"},{"floor":25,"key":"REST"},{"data":"Dagger Spray","floor":30,"key":"SMITH"},{"floor":32,"key":"REST"}],"neow_cost":"NONE","seed_source_timestamp":71629562490844,"circlet_count":0,"master_deck":["Strike_G","Strike_G","Strike_G","Strike_G","Defend_G","Defend_G","Defend_G","Defend_G","Defend_G","Survivor","Neutralize","Backflip","Poisoned Stab+1","Noxious Fumes","Footwork+1","Noxious Fumes","Dash","Backflip","Dagger Spray+1","Deadly Poison","Adrenaline","Dodge and Roll","Dagger Spray","Poisoned Stab","Deadly Poison","Die Die Die","Poisoned Stab+1","Terror+1"],"relics":["Ring of the Snake","NeowsBlessing","Golden Idol","Question Card","Potion Belt","Centennial Puzzle","Ectoplasm","Blood Vial","TwistedFunnel","Velvet Choker","Omamori"],"potions_floor_usage":[5,8,12],"damage_taken":[{"damage":0,"enemies":"2 Louse","floor":1,"turns":1},{"damage":0,"enemies":"Jaw Worm","floor":3,"turns":1},{"damage":0,"enemies":"Small Slimes","floor":4,"turns":1},{"damage":22,"enemies":"Exordium Thugs","floor":5,"turns":4},{"damage":0,"enemies":"Lagavulin","floor":8,"turns":7},{"damage":0,"enemies":"Looter","floor":10,"turns":4},{"damage":37,"enemies":"Gremlin Nob","floor":12,"turns":5},{"damage":5,"enemies":"3 Louse","floor":13,"turns":2},{"damage":25,"enemies":"Slime Boss","floor":16,"turns":11},{"damage":12,"enemies":"2 Thieves","floor":18,"turns":4},{"damage":4,"enemies":"Chosen","floor":21,"turns":4},{"damage":30,"enemies":"Snake Plant","floor":22,"turns":5},{"damage":3,"enemies":"Cultist and Chosen","floor":24,"turns":6},{"damage":2,"enemies":"3 Cultists","floor":31,"turns":4},{"damage":41,"enemies":"Collector","floor":33,"turns":8},{"damage":18,"enemies":"Orb Walker","floor":35,"turns":4},{"damage":0,"enemies":"3 Shapes","floor":38,"turns":3},{"damage":55,"enemies":"Writhing Mass","floor":39,"turns":3}],"seed_played":"-8491212368453210738","potions_obtained":[{"floor":1,"key":"SkillPotion"},{"floor":3,"key":"Explosive Potion"},{"floor":8,"key":"Regen Potion"},{"floor":22,"key":"SpeedPotion"},{"floor":24,"key":"Swift Potion"},{"floor":38,"key":"GhostInAJar"}],"is_trial":false,"path_per_floor":["M","?","M","M","M","R","$","E","T","M","R","E","M","?","R","B",null,"M","?","$","M","M","R","M","R","T","$","?","?","R","M","R","B",null,"M","?","?","M","M"],"character_chosen":"THE_SILENT","items_purchased":["Noxious Fumes","Dagger Spray","TwistedFunnel"],"campfire_rested":4,"item_purchase_floors":[7,20,27],"current_hp_per_floor":[70,65,65,65,43,43,43,43,43,43,43,21,16,16,35,10,65,53,53,53,49,19,38,35,54,54,54,54,54,54,54,65,24,65,47,47,47,49,0],"gold":9,"neow_bonus":"THREE_ENEMY_KILL","is_prod":false,"is_daily":false,"chose_seed":false,"campfire_upgraded":3,"win_rate":0,"timestamp":1563033912,"path_taken":["M","?","M","M","M","R","$","E","T","M","R","E","M","?","R","BOSS","M","?","$","M","M","R","M","R","T","?","?","?","R","M","R","BOSS","M","?","?","M","M"],"build_version":"2019-07-05","purchased_purges":1,"victory":false,"max_hp_per_floor":[70,65,65,65,65,65,65,65,65,65,65,65,65,65,65,65,65,65,65,65,65,65,65,65,65,65,65,65,65,65,65,65,65,65,65,65,65,65,65],"card_choices":[{"not_picked":["Tactician","Flechettes"],"picked":"Backflip","floor":1},{"not_picked":["Well Laid Plans","Deadly Poison"],"picked":"Poisoned Stab","floor":3},{"not_picked":["Reflex","PiercingWail"],"picked":"Noxious Fumes","floor":4},{"not_picked":["Bane","Prepared"],"picked":"Footwork","floor":5},{"not_picked":["Poisoned Stab","Slice"],"picked":"Dash","floor":8},{"not_picked":["Outmaneuver","Escape Plan","Terror"],"picked":"Backflip","floor":10},{"not_picked":["PiercingWail","Crippling Poison","Backstab"],"picked":"Dagger Spray","floor":12},{"not_picked":["Dagger Throw","Finisher","All Out Attack"],"picked":"Deadly Poison","floor":13},{"not_picked":["Storm of Steel","Venomology","Unload"],"picked":"Adrenaline","floor":16},{"not_picked":["Outmaneuver","Sucker Punch","Deflect"],"picked":"Dodge and Roll","floor":18},{"not_picked":["Prepared+1","Deflect","Expertise"],"picked":"Poisoned Stab","floor":21},{"not_picked":["Prepared","Storm of Steel","Bane","Expertise"],"picked":"SKIP","floor":22},{"not_picked":["Distraction","Setup+1","Backflip","Deflect"],"picked":"SKIP","floor":24},{"not_picked":["Escape Plan","Underhanded Strike","Blade Dance"],"picked":"Deadly Poison","floor":31},{"not_picked":["Wraith Form v2","A Thousand Cuts","Storm of Steel"],"picked":"Die Die Die","floor":33},{"not_picked":["Dash","Blade Dance","Flying Knee"],"picked":"Poisoned Stab+1","floor":35},{"not_picked":["Cloak And Dagger+1","Calculated Gamble","Leg Sweep"],"picked":"Terror+1","floor":38}],"player_experience":509553,"relics_obtained":[{"floor":8,"key":"Question Card"},{"floor":9,"key":"Potion Belt"},{"floor":12,"key":"Centennial Puzzle"},{"floor":26,"key":"Blood Vial"}],"event_choices":[{"damage_healed":0,"gold_gain":0,"player_choice":"Lose Max HP","damage_taken":0,"relics_obtained":["Golden Idol"],"max_hp_gain":0,"max_hp_loss":5,"event_name":"Golden Idol","floor":2,"gold_loss":0},{"damage_healed":0,"gold_gain":0,"player_choice":"Ignored","damage_taken":0,"max_hp_gain":0,"max_hp_loss":0,"event_name":"Liars Game","floor":14,"gold_loss":0},{"damage_healed":0,"gold_gain":0,"player_choice":"Ignored","damage_taken":0,"max_hp_gain":0,"max_hp_loss":0,"event_name":"Ghosts","floor":19,"gold_loss":0},{"damage_healed":0,"gold_gain":0,"player_choice":"Ignored","damage_taken":0,"max_hp_gain":0,"max_hp_loss":0,"event_name":"The Mausoleum","floor":28,"gold_loss":0},{"damage_healed":0,"gold_gain":0,"player_choice":"Ignored","damage_taken":0,"max_hp_gain":0,"max_hp_loss":0,"event_name":"Mysterious Sphere","floor":36,"gold_loss":0},{"damage_healed":0,"gold_gain":0,"player_choice":"Gave Potion","damage_taken":0,"relics_obtained":["Omamori"],"max_hp_gain":0,"max_hp_loss":0,"event_name":"WeMeetAgain","floor":37,"gold_loss":0}],"is_beta":false,"boss_relics":[{"not_picked":["Tiny House","Runic Pyramid"],"picked":"Ectoplasm"},{"not_picked":["WristBlade","Coffee Dripper"],"picked":"Velvet Choker"}],"items_purged_floors":[7],"is_endless":false,"potions_floor_spawned":[1,3,8,22,24,38],"killed_by":"Writhing Mass","ascension_level":0}