{"gold_per_floor":[11,26,46,46,61,89,89,102,150,180,180,191,191,206,206,206],"floor_reached":16,"playtime":950,"items_purged":[],"score":228,"play_id":"075a600b-e9db-4cea-b822-790d809a106c","local_time":"20190531174352","is_ascension_mode":true,"campfire_choices":[{"floor":7,"key":"REST"},{"data":"Leg Sweep","floor":13,"key":"SMITH"},{"data":"Finisher","floor":15,"key":"SMITH"}],"neow_cost":"NO_GOLD","seed_source_timestamp":80414517162354,"circlet_count":0,"master_deck":["AscendersBane","Defend_G","Defend_G","Defend_G","Defend_G","Defend_G","Strike_G","Strike_G","Strike_G","Strike_G","Strike_G","Survivor","Neutralize","Poisoned Stab","Leg Sweep+1","Endless Agony","Infinite Blades","Quick Slash","Predator","PiercingWail","Finisher+1"],"relics":["Ring of the Snake","Gambling Chip","Darkstone Periapt","Strawberry","Meat on the Bone"],"potions_floor_usage":[10,16,16],"damage_taken":[{"damage":1,"enemies":"Cultist","floor":1,"turns":5},{"damage":1,"enemies":"Small Slimes","floor":2,"turns":3},{"damage":0,"enemies":"2 Louse","floor":3,"turns":3},{"damage":13,"enemies":"Gremlin Gang","floor":5,"turns":10},{"damage":33,"enemies":"3 Sentries","floor":6,"turns":11},{"damage":9,"enemies":"3 Louse","floor":8,"turns":4},{"damage":22,"enemies":"Lagavulin","floor":10,"turns":6},{"damage":0,"enemies":"Blue Slaver","floor":12,"turns":4},{"damage":10,"enemies":"Red Slaver","floor":14,"turns":6},{"damage":35,"enemies":"Hexaghost","floor":16,"turns":10}],"seed_played":"-6735173405694015057","potions_obtained":[{"floor":2,"key":"FearPotion"},{"floor":6,"key":"FearPotion"},{"floor":10,"key":"Regen Potion"}],"is_trial":false,"path_per_floor":["M","M","M","?","M","E","R","M","T","E","?","M","R","M","R","B"],"character_chosen":"THE_SILENT","items_purchased":[],"campfire_rested":1,"item_purchase_floors":[],"current_hp_per_floor":[58,57,57,57,44,11,30,21,28,6,6,18,18,20,20,0],"gold":206,"neow_bonus":"ONE_RARE_RELIC","is_prod":false,"is_daily":false,"chose_seed":false,"campfire_upgraded":2,"win_rate":0,"timestamp":1559339032,"path_taken":["M","?","M","?","M","E","R","M","T","E","?","M","R","?","R","BOSS"],"build_version":"2019-01-23","purchased_purges":0,"victory":false,"max_hp_per_floor":[66,66,66,66,66,66,66,66,73,73,73,73,73,73,73,73],"card_choices":[{"not_picked":["Acrobatics","Dagger Throw"],"picked":"Poisoned Stab","floor":1},{"not_picked":["Cloak And Dagger","Infinite Blades"],"picked":"Leg Sweep","floor":2},{"not_picked":["Prepared","Endless Agony","Sucker Punch"],"picked":"SKIP","floor":3},{"not_picked":["Prepared","Sucker Punch"],"picked":"Endless Agony","floor":3},{"not_picked":["Underhanded Strike","Deflect"],"picked":"Infinite Blades","floor":5},{"not_picked":["Distraction","Expertise"],"picked":"Quick Slash","floor":6},{"not_picked":["Dagger Throw","Choke"],"picked":"Predator","floor":8},{"not_picked":["Dagger Spray","Flechettes","Quick Slash"],"picked":"SKIP","floor":10},{"not_picked":["Outmaneuver","Prepared"],"picked":"PiercingWail","floor":12},{"not_picked":["Masterful Stab","Blade Dance"],"picked":"Finisher","floor":14}],"player_experience":1442872,"relics_obtained":[{"floor":6,"key":"Darkstone Periapt"},{"floor":9,"key":"Strawberry"},{"floor":10,"key":"Meat on the Bone"}],"event_choices":[{"damage_healed":0,"gold_gain":0,"player_choice":"Leave","damage_taken":0,"max_hp_gain":0,"max_hp_loss":0,"event_name":"The Cleric","floor":4,"gold_loss":0},{"damage_healed":0,"gold_gain":0,"player_choice":"0 cards matched","damage_taken":0,"max_hp_gain":0,"max_hp_loss":0,"event_name":"Match and Keep!","floor":11,"gold_loss":0,"cards_obtained":[]}],"is_beta":false,"boss_relics":[],"items_purged_floors":[],"is_endless":false,"potions_floor_spawned":[2,6,8,10,14],"killed_by":"Hexaghost","ascension_level":20}