{"gold_per_floor":[113,133,24,40,58,83,83,109,109,139,139],"floor_reached":11,"playtime":463,"items_purged":[],"score":145,"play_id":"75eaf1b2-1292-49e2-b770-26c63a96c3db","local_time":"20181209113749","is_ascension_mode":true,"campfire_choices":[{"data":"Neutralize","floor":7,"key":"SMITH"}],"neow_cost":"NONE","seed_source_timestamp":165518465600185,"circlet_count":0,"master_deck":["AscendersBane","Defend_G","Defend_G","Defend_G","Defend_G","Defend_G","Strike_G","Strike_G","Strike_G","Strike_G","Strike_G","Survivor","Neutralize+1","Infinite Blades","Deadly Poison","Noxious Fumes","PiercingWail","Bouncing Flask","Quick Slash","Dash","Well Laid Plans","Deflect"],"relics":["Ring of the Snake","Darkstone Periapt","Letter Opener","Ornamental Fan","Odd Mushroom"],"potions_floor_usage":[8],"damage_taken":[{"damage":0,"enemies":"Cultist","floor":1,"turns":4},{"damage":3,"enemies":"Small Slimes","floor":2,"turns":5},{"damage":6,"enemies":"Jaw Worm","floor":4,"turns":5},{"damage":0,"enemies":"2 Fungi Beasts","floor":5,"turns":5},{"damage":7,"enemies":"Lagavulin","floor":6,"turns":7},{"damage":22,"enemies":"Gremlin Nob","floor":8,"turns":4},{"damage":16,"enemies":"The Mushroom Lair","floor":10,"turns":5},{"damage":9,"enemies":"3 Sentries","floor":11,"turns":4}],"seed_played":"5734800238718870957","potions_obtained":[{"floor":4,"key":"Swift Potion"},{"floor":10,"key":"Strength Potion"}],"is_trial":false,"path_per_floor":["M","M","$","M","M","E","R","E","T","?","E"],"character_chosen":"THE_SILENT","items_purchased":["Noxious Fumes","PiercingWail"],"campfire_rested":0,"item_purchase_floors":[3,3],"current_hp_per_floor":[65,62,62,56,56,49,49,27,27,11,2],"gold":139,"neow_bonus":"TEN_PERCENT_HP_BONUS","is_prod":false,"is_daily":false,"chose_seed":false,"campfire_upgraded":1,"win_rate":0,"timestamp":1544373469,"path_taken":["M","M","$","M","?","E","R","E","T","?","E"],"build_version":"2018-12-06","purchased_purges":0,"victory":false,"max_hp_per_floor":[72,72,72,72,72,72,72,72,72,72,72],"card_choices":[{"not_picked":["Dagger Throw","Calculated Gamble"],"picked":"Infinite Blades","floor":1},{"not_picked":["Prepared","Dodge and Roll"],"picked":"Deadly Poison","floor":2},{"not_picked":["Dagger Throw","Cloak And Dagger"],"picked":"Bouncing Flask","floor":4},{"not_picked":["Poisoned Stab","Deadly Poison"],"picked":"Quick Slash","floor":5},{"not_picked":["Blade Dance","Die Die Die"],"picked":"Dash","floor":6},{"not_picked":["Backflip","PiercingWail"],"picked":"Well Laid Plans","floor":8},{"not_picked":["Tactician","Prepared"],"picked":"Deflect","floor":10}],"player_experience":1242518,"relics_obtained":[{"floor":6,"key":"Darkstone Periapt"},{"floor":8,"key":"Letter Opener"},{"floor":9,"key":"Ornamental Fan"},{"floor":10,"key":"Odd Mushroom"}],"event_choices":[{"damage_healed":0,"gold_gain":0,"player_choice":"Fought Mushrooms","damage_taken":0,"max_hp_gain":0,"max_hp_loss":0,"event_name":"Mushrooms","floor":10,"gold_loss":0}],"is_beta":false,"boss_relics":[],"items_purged_floors":[],"is_endless":false,"potions_floor_spawned":[4,10],"killed_by":"3 Sentries","ascension_level":15}