{"gold_per_floor":[410,23,35,59,73,101,115,127,127,1,1,34,34,65,65,65],"floor_reached":16,"playtime":1120,"items_purged":["Clumsy"],"score":144,"play_id":"70711d35-9486-4241-b45a-4ba32e4b983f","local_time":"20190508071857","is_ascension_mode":true,"campfire_choices":[{"floor":11,"key":"REST"},{"floor":13,"key":"REST"},{"floor":15,"key":"REST"}],"neow_cost":"CURSE","seed_source_timestamp":36911337192375,"circlet_count":0,"master_deck":["Strike_R","Strike_R","Strike_R","Strike_R","Strike_R","Defend_R","Defend_R","Defend_R","Defend_R","Bash","Perfected Strike","Feed","Body Slam","Whirlwind","Feed"],"relics":["Burning Blood","Old Coin","Matryoshka","Centennial Puzzle","Shovel","Bag of Marbles","Blue Candle","Peace Pipe","Shuriken"],"potions_floor_usage":[6,14,14,16],"damage_taken":[{"damage":6,"enemies":"Cultist","floor":1,"turns":3},{"damage":10,"enemies":"Small Slimes","floor":3,"turns":3},{"damage":7,"enemies":"Jaw Worm","floor":5,"turns":2},{"damage":31,"enemies":"3 Sentries","floor":6,"turns":12},{"damage":38,"enemies":"Exordium Thugs","floor":7,"turns":5},{"damage":13,"enemies":"Blue Slaver","floor":8,"turns":2},{"damage":8,"enemies":"Gremlin Nob","floor":12,"turns":3},{"damage":30,"enemies":"3 Sentries","floor":14,"turns":8},{"damage":76,"enemies":"Hexaghost","floor":16,"turns":9}],"seed_played":"2062526083620843159","potions_obtained":[{"floor":5,"key":"SkillPotion"},{"floor":12,"key":"Block Potion"},{"floor":14,"key":"SpeedPotion"}],"is_trial":false,"path_per_floor":["M","$","M","T","M","E","M","M","T","$","R","E","R","E","R","B"],"character_chosen":"IRONCLAD","items_purchased":["Matryoshka","Feed","FearPotion"],"campfire_rested":3,"item_purchase_floors":[2,2,10],"current_hp_per_floor":[80,80,79,79,78,56,24,20,20,20,46,44,70,49,76,0],"gold":65,"neow_bonus":"ONE_RARE_RELIC","is_prod":false,"is_daily":false,"chose_seed":false,"campfire_upgraded":0,"win_rate":0,"timestamp":1557314337,"path_taken":["M","$","M","?","M","E","M","?","T","$","R","E","R","E","R","BOSS"],"build_version":"2019-01-23","purchased_purges":1,"victory":false,"max_hp_per_floor":[80,80,83,83,83,86,86,89,89,89,89,89,89,92,92,92],"card_choices":[{"not_picked":["Warcry","Uppercut"],"picked":"Perfected Strike","floor":1},{"not_picked":["Flame Barrier","Combust","Clash"],"picked":"SKIP","floor":3},{"not_picked":["Headbutt","Seeing Red","Corruption"],"picked":"SKIP","floor":5},{"not_picked":["Intimidate","Warcry","Pummel"],"picked":"SKIP","floor":6},{"not_picked":["Havoc","Clothesline"],"picked":"Body Slam","floor":7},{"not_picked":["Corruption","Rage"],"picked":"Whirlwind","floor":8},{"not_picked":["Bloodletting","Infernal Blade","Second Wind"],"picked":"SKIP","floor":12},{"not_picked":["Rage","Clash"],"picked":"Feed","floor":14}],"player_experience":234089,"relics_obtained":[{"floor":4,"key":"Centennial Puzzle"},{"floor":6,"key":"Shovel"},{"floor":9,"key":"Bag of Marbles"},{"floor":9,"key":"Blue Candle"},{"floor":12,"key":"Peace Pipe"},{"floor":14,"key":"Shuriken"}],"event_choices":[],"is_beta":false,"boss_relics":[],"items_purged_floors":[10],"is_endless":false,"potions_floor_spawned":[5,12,14],"killed_by":"Hexaghost","ascension_level":4}