{"gold_per_floor":[119,136,156,167,15,15,45,45,45,374,299,334,41,56,56,128,128,107,107,20,37,52,52],"floor_reached":23,"playtime":1041,"items_purged":["Strike_B","Strike_B"],"score":572,"play_id":"a756ae35-3d0f-473b-a171-f604e6c142c6","local_time":"20190514195749","is_ascension_mode":true,"campfire_choices":[{"data":"Defragment","floor":6,"key":"SMITH"},{"data":"Loop","floor":8,"key":"SMITH"},{"data":"Darkness","floor":15,"key":"SMITH"}],"neow_cost":"NONE","seed_source_timestamp":873223875660626,"circlet_count":0,"master_deck":["AscendersBane","Strike_B","Defend_B","Defend_B","Defend_B","Defend_B","Zap","Dualcast","Darkness+1","Cold Snap","Glacier","Defragment+1","Loop+1","Hologram","Rainbow","Defragment+1","Panache+1","Self Repair+1","Buffer+1","Reinforced Body","Capacitor+1"],"relics":["Cracked Core","Pen Nib","Frozen Egg 2","Old Coin","Symbiotic Virus","Nuclear Battery"],"potions_floor_usage":[4,7,16],"damage_taken":[{"damage":1,"enemies":"Cultist","floor":1,"turns":3},{"damage":9,"enemies":"Jaw Worm","floor":2,"turns":4},{"damage":3,"enemies":"2 Louse","floor":3,"turns":3},{"damage":10,"enemies":"Exordium Thugs","floor":4,"turns":6},{"damage":7,"enemies":"Gremlin Nob","floor":7,"turns":4},{"damage":0,"enemies":"Lagavulin","floor":10,"turns":6},{"damage":5,"enemies":"3 Sentries","floor":12,"turns":9},{"damage":0,"enemies":"Lots of Slimes","floor":14,"turns":5},{"damage":0,"enemies":"Hexaghost","floor":16,"turns":10},{"damage":7,"enemies":"2 Thieves","floor":18,"turns":4},{"damage":13,"enemies":"Shell Parasite","floor":21,"turns":6},{"damage":3,"enemies":"Cultist and Chosen","floor":22,"turns":4},{"damage":58,"enemies":"Gremlin Leader","floor":23,"turns":4}],"seed_played":"2835473311548383895","potions_obtained":[{"floor":2,"key":"Fire Potion"},{"floor":3,"key":"SpeedPotion"},{"floor":7,"key":"SpeedPotion"},{"floor":10,"key":"Dexterity Potion"},{"floor":16,"key":"Regen Potion"},{"floor":22,"key":"Ancient Potion"}],"is_trial":false,"path_per_floor":["M","M","M","M","$","R","E","R","T","E","?","E","$","M","R","B",null,"M","?","$","M","M","E"],"character_chosen":"DEFECT","items_purchased":["Loop","Panache+1","Capacitor+1"],"campfire_rested":0,"item_purchase_floors":[5,13,20],"current_hp_per_floor":[70,61,58,48,48,48,41,41,41,41,41,36,36,36,36,46,70,73,62,62,59,56,0],"gold":52,"neow_bonus":"TEN_PERCENT_HP_BONUS","is_prod":false,"is_daily":false,"chose_seed":false,"campfire_upgraded":3,"win_rate":0,"timestamp":1557878269,"path_taken":["M","M","M","?","$","R","E","R","T","E","?","E","$","M","R","BOSS","M","?","?","M","M","E"],"build_version":"2019-01-23","purchased_purges":2,"victory":false,"max_hp_per_floor":[78,78,78,78,78,78,78,78,78,78,78,78,78,78,78,78,78,78,78,78,78,78,78],"card_choices":[{"not_picked":["Beam Cell","Genetic Algorithm"],"picked":"Darkness","floor":1},{"not_picked":["Hologram","Fusion"],"picked":"Cold Snap","floor":2},{"not_picked":["Cold Snap","Sweeping Beam"],"picked":"Glacier","floor":3},{"not_picked":["Reprogram","Steam"],"picked":"Defragment","floor":4},{"not_picked":["Stack","Gash"],"picked":"Hologram","floor":7},{"not_picked":["Go for the Eyes","Barrage"],"picked":"Rainbow","floor":10},{"not_picked":["Compile Driver","Seek"],"picked":"Defragment+1","floor":12},{"not_picked":["Coolheaded","Cold Snap"],"picked":"Self Repair+1","floor":14},{"not_picked":["Meteor Strike","Hyperbeam"],"picked":"Buffer+1","floor":16},{"not_picked":["Conserve Battery","Storm+1"],"picked":"Reinforced Body","floor":18},{"not_picked":["Go for the Eyes","Streamline+1","Turbo"],"picked":"SKIP","floor":21},{"not_picked":["Stack","Ball Lightning","Go for the Eyes"],"picked":"SKIP","floor":22}],"player_experience":1400185,"relics_obtained":[{"floor":7,"key":"Pen Nib"},{"floor":9,"key":"Frozen Egg 2"},{"floor":10,"key":"Old Coin"},{"floor":12,"key":"Symbiotic Virus"}],"event_choices":[{"cards_removed":["Strike_B"],"damage_healed":0,"gold_gain":0,"player_choice":"Card Removal","damage_taken":0,"max_hp_gain":0,"max_hp_loss":0,"event_name":"The Cleric","floor":11,"gold_loss":75},{"damage_healed":0,"gold_gain":0,"player_choice":"Damaged","damage_taken":11,"max_hp_gain":0,"max_hp_loss":0,"event_name":"Wheel of Change","floor":19,"gold_loss":0}],"is_beta":false,"boss_relics":[{"not_picked":["Ectoplasm","Runic Dome"],"picked":"Nuclear Battery"}],"items_purged_floors":[5,13],"is_endless":false,"potions_floor_spawned":[2,3,7,10,16,18,22],"killed_by":"Gremlin Leader","ascension_level":20}