{"gold_per_floor":[117,135,145,165,90,90,125,136,190,190,190,190,204,222,222,222],"floor_reached":16,"playtime":531,"items_purged":["Strike_R"],"score":130,"play_id":"4146c7e6-0e96-48b0-b819-ba34a2cfddc2","local_time":"20190723180010","is_ascension_mode":true,"campfire_choices":[{"data":"Anger","floor":6,"key":"SMITH"},{"floor":10,"key":"REST"},{"floor":15,"key":"REST"}],"neow_cost":"NONE","seed_source_timestamp":178635009702700,"circlet_count":0,"master_deck":["Strike_R","Strike_R","Strike_R","Strike_R","Defend_R","Defend_R","Defend_R","Defend_R+1","Bash","Warcry","Anger+1","Rage","Flex+1","Flex"],"relics":["Burning Blood","NeowsBlessing","Omamori","Tiny Chest"],"potions_floor_usage":[4,13,16,16],"damage_taken":[{"damage":0,"enemies":"Cultist","floor":1,"turns":1},{"damage":0,"enemies":"Small Slimes","floor":2,"turns":1},{"damage":0,"enemies":"Jaw Worm","floor":3,"turns":1},{"damage":14,"enemies":"Blue Slaver","floor":4,"turns":4},{"damage":53,"enemies":"3 Sentries","floor":7,"turns":9},{"damage":0,"enemies":"Exordium Wildlife","floor":8,"turns":3},{"damage":0,"enemies":"Exordium Thugs","floor":13,"turns":4},{"damage":9,"enemies":"2 Fungi Beasts","floor":14,"turns":3},{"damage":63,"enemies":"Slime Boss","floor":16,"turns":14}],"seed_played":"-4804262750061504871","potions_obtained":[{"floor":1,"key":"SpeedPotion"},{"floor":2,"key":"AttackPotion"},{"floor":8,"key":"FearPotion"},{"floor":13,"key":"SteroidPotion"}],"is_trial":false,"path_per_floor":["M","M","M","M","$","R","E","M","T","R","?","?","M","M","R","B"],"character_chosen":"IRONCLAD","items_purchased":[],"campfire_rested":2,"item_purchase_floors":[],"current_hp_per_floor":[80,80,80,72,72,72,25,31,31,55,39,27,33,30,54,0],"gold":222,"neow_bonus":"THREE_ENEMY_KILL","is_prod":false,"is_daily":false,"chose_seed":false,"campfire_upgraded":1,"win_rate":0,"timestamp":1563897610,"path_taken":["M","M","M","M","$","R","E","?","T","R","?","?","M","M","R","BOSS"],"build_version":"2019-07-17","purchased_purges":1,"victory":false,"max_hp_per_floor":[80,80,80,80,80,80,80,80,80,80,80,80,80,80,80,80],"card_choices":[{"not_picked":["Feel No Pain","Clothesline","Wild Strike"],"picked":"SKIP","floor":1},{"not_picked":["Cleave","Rupture"],"picked":"Warcry","floor":2},{"not_picked":["Cleave","Pummel"],"picked":"Anger","floor":3},{"not_picked":["Body Slam","Fire Breathing"],"picked":"Rage","floor":4},{"not_picked":["Berserk","Rampage"],"picked":"Flex","floor":7},{"not_picked":["Uppercut","Pummel"],"picked":"Flex","floor":8},{"not_picked":["Armaments","Wild Strike","Blood for Blood"],"picked":"SKIP","floor":13},{"not_picked":["Inflame","Fire Breathing","Dropkick"],"picked":"SKIP","floor":14}],"player_experience":302364,"relics_obtained":[{"floor":7,"key":"Omamori"},{"floor":9,"key":"Tiny Chest"}],"event_choices":[{"damage_healed":0,"gold_gain":0,"player_choice":"Entered Light","damage_taken":16,"max_hp_gain":0,"max_hp_loss":0,"event_name":"Shining Light","floor":11,"gold_loss":0,"cards_upgraded":["Flex","Defend_R"]},{"damage_healed":0,"gold_gain":0,"player_choice":"Fled","damage_taken":12,"max_hp_gain":0,"max_hp_loss":0,"event_name":"Scrap Ooze","floor":12,"gold_loss":0}],"is_beta":false,"boss_relics":[],"items_purged_floors":[5],"is_endless":false,"potions_floor_spawned":[1,2,8,13],"killed_by":"Slime Boss","ascension_level":5}