{"gold_per_floor":[110,127,127,49,49,49,84,9,9,9,27,27,61,136,136,213,213,229,239,258,73,90,90],"floor_reached":23,"playtime":1025,"items_purged":["Strike_B","Strike_B"],"score":398,"play_id":"3b8d3429-f805-48c7-8083-a41dbe32f517","local_time":"20190205210119","is_ascension_mode":true,"campfire_choices":[{"data":"Zap","floor":6,"key":"SMITH"},{"data":"Biased Cognition","floor":12,"key":"SMITH"},{"data":"Echo Form","floor":15,"key":"SMITH"}],"neow_cost":"NONE","seed_source_timestamp":537350216404694,"circlet_count":0,"master_deck":["AscendersBane","Strike_B","Strike_B","Defend_B","Defend_B","Defend_B","Defend_B","Zap+1","Dualcast","Coolheaded","Biased Cognition+1","Coolheaded","Echo Form+1","Seek","BootSequence","Go for the Eyes","Force Field+1","Double Energy","Turbo"],"relics":["Cracked Core","Art of War","Vajra","Darkstone Periapt","Pocketwatch","Runic Pyramid"],"potions_floor_usage":[13,16,20],"damage_taken":[{"damage":2,"enemies":"Jaw Worm","floor":1,"turns":4},{"damage":2,"enemies":"2 Louse","floor":2,"turns":3},{"damage":9,"enemies":"Gremlin Nob","floor":7,"turns":3},{"damage":10,"enemies":"Small Slimes","floor":11,"turns":2},{"damage":15,"enemies":"3 Sentries","floor":13,"turns":7},{"damage":2,"enemies":"Hexaghost","floor":16,"turns":9},{"damage":8,"enemies":"2 Thieves","floor":18,"turns":4},{"damage":14,"enemies":"Shell Parasite","floor":19,"turns":4},{"damage":14,"enemies":"Centurion and Healer","floor":20,"turns":6},{"damage":2,"enemies":"Shelled Parasite and Fungi","floor":22,"turns":6},{"damage":1,"enemies":"Gremlin Leader","floor":23,"turns":7}],"seed_played":"-3951035385728571850","potions_obtained":[{"floor":7,"key":"PowerPotion"},{"floor":13,"key":"Poison Potion"},{"floor":19,"key":"Poison Potion"},{"floor":20,"key":"Ancient Potion"}],"is_trial":false,"path_per_floor":["M","M","?","$","?","R","E","$","T","?","M","R","E","?","R","B",null,"M","M","M","$","M","E"],"character_chosen":"DEFECT","items_purchased":["Biased Cognition","Double Energy"],"campfire_rested":0,"item_purchase_floors":[4,21],"current_hp_per_floor":[69,67,72,72,72,72,63,63,63,52,42,42,27,16,16,14,66,58,44,30,30,28,27],"gold":90,"neow_bonus":"TEN_PERCENT_HP_BONUS","is_prod":false,"is_daily":false,"chose_seed":false,"campfire_upgraded":3,"win_rate":0,"timestamp":1549418479,"path_taken":["M","M","?","$","?","R","E","$","T","?","M","R","E","?","R","BOSS","M","M","M","$","M","E"],"build_version":"2019-01-23","purchased_purges":2,"victory":false,"max_hp_per_floor":[78,78,83,83,83,83,83,83,83,83,83,83,83,83,83,83,83,83,83,83,83,83,83],"card_choices":[{"not_picked":["Go for the Eyes","Storm"],"picked":"Coolheaded","floor":1},{"not_picked":["Turbo","Barrage","Heatsinks"],"picked":"SKIP","floor":2},{"not_picked":["Rebound","Lockon"],"picked":"Coolheaded","floor":7},{"not_picked":["Redo","Barrage"],"picked":"Echo Form","floor":11},{"not_picked":["Turbo","Fusion","Force Field"],"picked":"SKIP","floor":13},{"not_picked":["Hyperbeam","Creative AI"],"picked":"Seek","floor":16},{"not_picked":["Hologram","Streamline"],"picked":"BootSequence","floor":18},{"not_picked":["Self Repair","Undo"],"picked":"Go for the Eyes","floor":19},{"not_picked":["Self Repair","Double Energy"],"picked":"Force Field+1","floor":20},{"not_picked":["Leap","Coolheaded"],"picked":"Turbo","floor":22}],"player_experience":1360566,"relics_obtained":[{"floor":7,"key":"Art of War"},{"floor":9,"key":"Vajra"},{"floor":13,"key":"Pocketwatch"}],"event_choices":[{"damage_healed":0,"gold_gain":0,"player_choice":"Donut","damage_taken":0,"max_hp_gain":5,"max_hp_loss":0,"event_name":"Big Fish","floor":3,"gold_loss":0},{"damage_healed":0,"gold_gain":0,"player_choice":"Leave","damage_taken":0,"max_hp_gain":0,"max_hp_loss":0,"event_name":"The Cleric","floor":5,"gold_loss":0},{"damage_healed":0,"gold_gain":0,"player_choice":"Success","damage_taken":11,"relics_obtained":["Darkstone Periapt"],"max_hp_gain":0,"max_hp_loss":0,"event_name":"Scrap Ooze","floor":10,"gold_loss":0},{"damage_healed":0,"gold_gain":75,"player_choice":"Gather Gold","damage_taken":11,"max_hp_gain":0,"max_hp_loss":0,"event_name":"World of Goop","floor":14,"gold_loss":0}],"is_beta":false,"boss_relics":[{"not_picked":["Sozu","Philosopher\u0027s Stone"],"picked":"Runic Pyramid"}],"items_purged_floors":[8,21],"is_endless":false,"potions_floor_spawned":[7,13,19,20],"killed_by":"Gremlin Leader","ascension_level":20}