{"gold_per_floor":[112,112,112,125,43,69,69,69,69,83,183,202,219,229,229,334,334,352,352,277,305,324,324,343,442,466,479,490,137,137,157,157,252,252,270,282,292,303,303],"floor_reached":39,"playtime":2319,"items_purged":["Pummel","Strike_R+1"],"score":431,"play_id":"56bf654a-38a5-4f56-a164-b90bd8af5135","local_time":"20190624012515","is_ascension_mode":true,"campfire_choices":[{"data":"Metallicize","floor":7,"key":"SMITH"},{"floor":15,"key":"REST"},{"floor":23,"key":"REST"},{"floor":30,"key":"REST"},{"floor":32,"key":"REST"}],"neow_cost":"NONE","seed_source_timestamp":371576432991496,"circlet_count":0,"master_deck":["Strike_R+1","Defend_R+1","Defend_R+1","Defend_R+1","Bash","Exhume","Heavy Blade","Metallicize","Thunderclap","Metallicize+1","Sword Boomerang","Sword Boomerang","Juggernaut","Rage+1","Juggernaut+1","Double Tap+1","Dropkick+1","Body Slam+1","Searing Blow","Flame Barrier","Feed","Thunderclap+1","Parasite"],"relics":["Burning Blood","Mercury Hourglass","Art of War","Shuriken","Astrolabe","Red Mask","Pen Nib","Singing Bowl","Runic Pyramid"],"potions_floor_usage":[4,16,21,21,31,33,35,39,39],"damage_taken":[{"damage":0,"enemies":"Small Slimes","floor":1,"turns":3},{"damage":1,"enemies":"Jaw Worm","floor":4,"turns":4},{"damage":54,"enemies":"Lagavulin","floor":6,"turns":16},{"damage":0,"enemies":"Cultist","floor":10,"turns":3},{"damage":11,"enemies":"Large Slime","floor":12,"turns":5},{"damage":4,"enemies":"Looter","floor":13,"turns":4},{"damage":15,"enemies":"Exordium Wildlife","floor":14,"turns":5},{"damage":36,"enemies":"Hexaghost","floor":16,"turns":11},{"damage":27,"enemies":"Shell Parasite","floor":18,"turns":5},{"damage":51,"enemies":"Masked Bandits","floor":21,"turns":5},{"damage":10,"enemies":"3 Byrds","floor":22,"turns":4},{"damage":20,"enemies":"Snecko","floor":24,"turns":5},{"damage":8,"enemies":"Chosen and Byrds","floor":27,"turns":6},{"damage":22,"enemies":"Snake Plant","floor":28,"turns":4},{"damage":23,"enemies":"Sentry and Sphere","floor":31,"turns":6},{"damage":43,"enemies":"Champ","floor":33,"turns":11},{"damage":0,"enemies":"3 Darklings","floor":35,"turns":4},{"damage":23,"enemies":"3 Shapes","floor":36,"turns":4},{"damage":54,"enemies":"Writhing Mass","floor":37,"turns":8},{"damage":26,"enemies":"4 Shapes","floor":38,"turns":6},{"damage":15,"enemies":"Spire Growth","floor":39,"turns":3}],"seed_played":"-8178353008589617141","potions_obtained":[{"floor":1,"key":"SpeedPotion"},{"floor":13,"key":"SpeedPotion"},{"floor":16,"key":"Regen Potion"},{"floor":18,"key":"Swift Potion"},{"floor":28,"key":"PowerPotion"},{"floor":31,"key":"Swift Potion"},{"floor":33,"key":"Energy Potion"},{"floor":37,"key":"Strength Potion"},{"floor":38,"key":"SkillPotion"}],"is_trial":false,"path_per_floor":["M","?","?","M","$","E","R","T","T","M","?","M","M","M","R","B",null,"M","?","$","?","M","R","M","?","T","M","M","$","R","M","R","B",null,"M","M","M","M","M"],"character_chosen":"IRONCLAD","items_purchased":["Metallicize","Singing Bowl"],"campfire_rested":4,"item_purchase_floors":[5,29],"current_hp_per_floor":[80,80,80,80,80,32,32,32,32,38,38,33,35,26,50,20,80,59,59,59,29,25,49,35,35,35,33,17,17,41,26,50,13,82,87,70,27,15,0],"gold":303,"neow_bonus":"ONE_RANDOM_RARE_CARD","is_prod":false,"is_daily":false,"chose_seed":false,"campfire_upgraded":1,"win_rate":0,"timestamp":1561332315,"path_taken":["M","?","?","M","?","E","R","?","T","M","?","M","M","M","R","BOSS","M","?","$","?","M","R","M","?","T","M","?","$","R","M","R","BOSS","M","?","?","M","M"],"build_version":"2019-01-23","purchased_purges":2,"victory":false,"max_hp_per_floor":[80,80,80,80,80,80,80,80,80,80,80,80,80,80,80,80,80,80,80,80,80,80,80,80,80,80,80,80,80,80,82,82,82,82,87,87,92,100,100],"card_choices":[{"not_picked":["Feel No Pain","Havoc"],"picked":"Heavy Blade","floor":1},{"not_picked":["Headbutt","Rupture"],"picked":"Thunderclap","floor":4},{"not_picked":["Dark Embrace","Impervious","Clash"],"picked":"SKIP","floor":6},{"not_picked":["Anger","Wild Strike"],"picked":"Sword Boomerang","floor":10},{"not_picked":["Rampage","Ghostly Armor","Cleave"],"picked":"SKIP","floor":12},{"not_picked":["Shrug It Off","Pommel Strike"],"picked":"Pummel","floor":13},{"not_picked":["Shrug It Off","Thunderclap"],"picked":"Sword Boomerang","floor":14},{"not_picked":["Immolate","Reaper"],"picked":"Juggernaut","floor":16},{"not_picked":["Pommel Strike","Blood for Blood","Reckless Charge"],"picked":"SKIP","floor":18},{"not_picked":["Perfected Strike","Flex"],"picked":"Dropkick+1","floor":21},{"not_picked":["Burning Pact","Perfected Strike","Clothesline+1"],"picked":"SKIP","floor":22},{"not_picked":["Sentinel","Rampage"],"picked":"Body Slam+1","floor":24},{"not_picked":["Shrug It Off","Seeing Red"],"picked":"Searing Blow","floor":27},{"not_picked":["Headbutt","Warcry+1"],"picked":"Flame Barrier","floor":28},{"not_picked":["Battle Trance+1","Wild Strike","Dual Wield"],"picked":"Singing Bowl","floor":31},{"not_picked":["Double Tap","Impervious"],"picked":"Feed","floor":33},{"not_picked":["Feel No Pain+1","Shrug It Off","Flex"],"picked":"Singing Bowl","floor":35},{"not_picked":["Headbutt","Rage+1"],"picked":"Thunderclap+1","floor":36},{"not_picked":["Metallicize","Headbutt+1","Evolve+1"],"picked":"Singing Bowl","floor":37},{"not_picked":["Searing Blow","Flex+1","Fire Breathing+1"],"picked":"Singing Bowl","floor":38}],"player_experience":105475,"relics_obtained":[{"floor":6,"key":"Mercury Hourglass"},{"floor":8,"key":"Art of War"},{"floor":9,"key":"Shuriken"},{"floor":21,"key":"Red Mask"},{"floor":26,"key":"Pen Nib"}],"event_choices":[{"damage_healed":0,"gold_gain":0,"cards_transformed":["Strike_R"],"player_choice":"Change","damage_taken":0,"max_hp_gain":0,"max_hp_loss":0,"event_name":"Living Wall","floor":2,"gold_loss":0,"cards_obtained":["Metallicize"]},{"damage_healed":0,"gold_gain":0,"player_choice":"Ignored","damage_taken":0,"max_hp_gain":0,"max_hp_loss":0,"event_name":"Liars Game","floor":3,"gold_loss":0},{"damage_healed":0,"gold_gain":100,"player_choice":"Pray","damage_taken":0,"max_hp_gain":0,"max_hp_loss":0,"event_name":"Golden Shrine","floor":11,"gold_loss":0},{"damage_healed":0,"gold_gain":0,"player_choice":"Simplicity","damage_taken":0,"max_hp_gain":0,"max_hp_loss":0,"event_name":"Back to Basics","floor":19,"gold_loss":0,"cards_upgraded":["Strike_R","Strike_R","Defend_R","Defend_R","Defend_R"]},{"damage_healed":0,"gold_gain":0,"player_choice":"Fought Bandits","damage_taken":0,"max_hp_gain":0,"max_hp_loss":0,"event_name":"Masked Bandits","floor":21,"gold_loss":0},{"damage_healed":0,"gold_gain":99,"player_choice":"Stole From Cult","damage_taken":0,"max_hp_gain":0,"max_hp_loss":0,"event_name":"Nest","floor":25,"gold_loss":0}],"is_beta":false,"boss_relics":[{"not_picked":["Empty Cage","Snecko Eye"],"picked":"Astrolabe"},{"not_picked":["Runic Dome","Black Star"],"picked":"Runic Pyramid"}],"items_purged_floors":[20,29],"is_endless":false,"potions_floor_spawned":[1,13,16,18,28,31,33,37,38],"killed_by":"Spire Growth","ascension_level":1}