{"gold_per_floor":[112,129,129,140,105,133,133,161,208,220,236,236,265,46,46,46],"floor_reached":16,"playtime":588,"items_purged":["Strike_G"],"score":180,"play_id":"cf6844d6-0a37-4ba1-926d-fead359cb02b","local_time":"20190611182021","is_ascension_mode":true,"campfire_choices":[{"floor":7,"key":"REST"},{"floor":12,"key":"REST"},{"floor":15,"key":"REST"}],"neow_cost":"NONE","seed_source_timestamp":111089727112284,"circlet_count":0,"master_deck":["AscendersBane","Defend_G","Defend_G","Defend_G","Defend_G+1","Defend_G","Strike_G","Strike_G+1","Strike_G","Strike_G","Survivor","Neutralize","Dagger Spray","Slice","Riddle With Holes","Leg Sweep","Dagger Spray","Dash"],"relics":["Ring of the Snake","NeowsBlessing","Blue Candle","Potion Belt","Orichalcum","Frozen Egg 2","Lantern"],"potions_floor_usage":[6,6,6,13],"damage_taken":[{"damage":0,"enemies":"Cultist","floor":1,"turns":1},{"damage":0,"enemies":"Small Slimes","floor":2,"turns":1},{"damage":0,"enemies":"Jaw Worm","floor":4,"turns":1},{"damage":33,"enemies":"Lagavulin","floor":6,"turns":8},{"damage":16,"enemies":"3 Sentries","floor":8,"turns":7},{"damage":0,"enemies":"2 Fungi Beasts","floor":10,"turns":5},{"damage":3,"enemies":"Looter","floor":11,"turns":4},{"damage":41,"enemies":"Lagavulin","floor":13,"turns":9},{"damage":40,"enemies":"The Guardian","floor":16,"turns":14}],"seed_played":"-9078202495267947123","potions_obtained":[{"floor":1,"key":"Weak Potion"},{"floor":2,"key":"Weak Potion"},{"floor":4,"key":"LiquidBronze"},{"floor":8,"key":"PowerPotion"}],"is_trial":false,"path_per_floor":["M","M","?","M","?","E","R","E","T","M","M","R","E","$","R","B"],"character_chosen":"THE_SILENT","items_purchased":["Lantern"],"campfire_rested":3,"item_purchase_floors":[14],"current_hp_per_floor":[63,63,49,49,66,33,54,38,38,38,35,56,15,15,36,0],"gold":46,"neow_bonus":"THREE_ENEMY_KILL","is_prod":false,"is_daily":false,"chose_seed":false,"campfire_upgraded":0,"win_rate":0,"timestamp":1560291621,"path_taken":["M","?","?","M","?","E","R","E","T","M","M","R","E","$","R","BOSS"],"build_version":"2019-01-23","purchased_purges":1,"victory":false,"max_hp_per_floor":[70,70,70,70,70,70,70,70,70,70,70,70,70,70,70,70],"card_choices":[{"not_picked":["Blur","Dodge and Roll"],"picked":"Dagger Spray","floor":1},{"not_picked":["Poisoned Stab","Endless Agony","Bane"],"picked":"SKIP","floor":2},{"not_picked":["Eviscerate","Distraction"],"picked":"Slice","floor":4},{"not_picked":["All Out Attack","PiercingWail"],"picked":"Riddle With Holes","floor":6},{"not_picked":["Cloak And Dagger","Acrobatics"],"picked":"Leg Sweep","floor":8},{"not_picked":["Outmaneuver","Underhanded Strike","Prepared"],"picked":"SKIP","floor":10},{"not_picked":["Eviscerate","Dodge and Roll"],"picked":"Dagger Spray","floor":11},{"not_picked":["Flying Knee","Sucker Punch"],"picked":"Dash","floor":13}],"player_experience":403496,"relics_obtained":[{"floor":6,"key":"Blue Candle"},{"floor":8,"key":"Potion Belt"},{"floor":9,"key":"Orichalcum"},{"floor":13,"key":"Frozen Egg 2"}],"event_choices":[{"damage_healed":0,"gold_gain":0,"player_choice":"Entered Light","damage_taken":14,"max_hp_gain":0,"max_hp_loss":0,"event_name":"Shining Light","floor":3,"gold_loss":0,"cards_upgraded":["Strike_G","Defend_G"]},{"damage_healed":17,"gold_gain":0,"player_choice":"Healed","damage_taken":0,"max_hp_gain":0,"max_hp_loss":0,"event_name":"The Cleric","floor":5,"gold_loss":35}],"is_beta":false,"boss_relics":[],"items_purged_floors":[14],"is_endless":false,"potions_floor_spawned":[1,2,4,8],"killed_by":"The Guardian","ascension_level":10}