{"gold_per_floor":[110,11,23,42,52,52,52,52,52,52,72,85,85,101,101,178,178,193,217,227,34,45,45,65,65],"floor_reached":25,"playtime":876,"items_purged":["Strike_B"],"score":394,"play_id":"8f82b513-ae7e-4db2-8604-5ab5eb9a2c17","local_time":"20181122115606","is_ascension_mode":true,"campfire_choices":[{"data":"Zap","floor":6,"key":"SMITH"},{"data":"Defragment","floor":8,"key":"SMITH"},{"data":"Go for the Eyes","floor":10,"key":"SMITH"},{"data":"Coolheaded","floor":13,"key":"SMITH"},{"data":"Streamline","floor":15,"key":"SMITH"},{"floor":23,"key":"REST"}],"neow_cost":"NONE","seed_source_timestamp":132076449531436,"circlet_count":0,"master_deck":["AscendersBane","Defend_B","Defend_B","Defend_B","Defend_B","Zap+1","Dualcast","Go for the Eyes+1","Cold Snap","Defragment+1","Sweeping Beam","Ball Lightning","Coolheaded+1","Streamline+1","Turbo","Thunder Strike","Melter+1","Sunder+1","Compile Driver+1","Sweeping Beam","Steam","Ball Lightning","Stack"],"relics":["Cracked Core","Orichalcum","Astrolabe","Lantern","Bag of Preparation"],"potions_floor_usage":[14,16,18,25,25],"damage_taken":[{"damage":7,"enemies":"Cultist","floor":1,"turns":4},{"damage":2,"enemies":"2 Louse","floor":3,"turns":4},{"damage":7,"enemies":"Jaw Worm","floor":4,"turns":3},{"damage":6,"enemies":"3 Louse","floor":5,"turns":4},{"damage":9,"enemies":"Exordium Wildlife","floor":11,"turns":4},{"damage":3,"enemies":"Blue Slaver","floor":12,"turns":3},{"damage":5,"enemies":"Looter","floor":14,"turns":2},{"damage":6,"enemies":"Hexaghost","floor":16,"turns":9},{"damage":17,"enemies":"2 Thieves","floor":18,"turns":3},{"damage":6,"enemies":"3 Byrds","floor":20,"turns":4},{"damage":34,"enemies":"Shelled Parasite and Fungi","floor":22,"turns":4},{"damage":0,"enemies":"Sentry and Sphere","floor":24,"turns":3},{"damage":36,"enemies":"Book of Stabbing","floor":25,"turns":4}],"seed_played":"-8617751176319964356","potions_obtained":[{"floor":5,"key":"Swift Potion"},{"floor":12,"key":"SkillPotion"},{"floor":14,"key":"AttackPotion"},{"floor":20,"key":"FocusPotion"},{"floor":22,"key":"Block Potion"}],"is_trial":false,"path_per_floor":["M","$","M","M","M","R","$","R","T","R","M","M","R","M","R","B",null,"M","T","M","$","M","R","M","E"],"character_chosen":"DEFECT","items_purchased":["Cold Snap","Bag of Preparation","Ball Lightning"],"campfire_rested":1,"item_purchase_floors":[2,21,21],"current_hp_per_floor":[64,64,62,55,49,49,49,49,49,49,40,37,37,32,32,26,65,48,48,42,42,8,31,31,0],"gold":65,"neow_bonus":"TEN_PERCENT_HP_BONUS","is_prod":false,"is_daily":false,"chose_seed":false,"campfire_upgraded":5,"win_rate":0,"timestamp":1542905766,"path_taken":["M","$","?","?","M","R","$","R","T","R","M","M","R","M","R","BOSS","M","?","M","$","M","R","M","E"],"build_version":"2018-11-15","purchased_purges":1,"victory":false,"max_hp_per_floor":[78,78,78,78,78,78,78,78,78,78,78,78,78,78,78,78,78,78,78,78,78,78,78,78,78],"card_choices":[{"not_picked":["Redo","Self Repair"],"picked":"Go for the Eyes","floor":1},{"not_picked":["Aggregate","Redo"],"picked":"Defragment","floor":3},{"not_picked":["Leap","Blizzard"],"picked":"Sweeping Beam","floor":4},{"not_picked":["Reinforced Body","Turbo"],"picked":"Ball Lightning","floor":5},{"not_picked":["Skim","Recycle"],"picked":"Coolheaded","floor":11},{"not_picked":["Fusion","Gash"],"picked":"Streamline","floor":12},{"not_picked":["Barrage","Leap"],"picked":"Turbo","floor":14},{"not_picked":["Buffer","Hyperbeam"],"picked":"Thunder Strike","floor":16},{"not_picked":["Scrape","Redo"],"picked":"Sweeping Beam","floor":18},{"not_picked":["Beam Cell","Hello World"],"picked":"Steam","floor":20},{"not_picked":["Ball Lightning","Barrage"],"picked":"Stack","floor":22},{"not_picked":["Streamline","Doom and Gloom","Force Field"],"picked":"SKIP","floor":24}],"player_experience":1136043,"relics_obtained":[{"floor":9,"key":"Orichalcum"},{"floor":19,"key":"Lantern"}],"event_choices":[],"is_beta":false,"boss_relics":[{"not_picked":["Philosopher\u0027s Stone","Calling Bell"],"picked":"Astrolabe"}],"items_purged_floors":[2],"is_endless":false,"potions_floor_spawned":[5,12,14,20,22],"killed_by":"Book of Stabbing","ascension_level":20}