{"gold_per_floor":[112,37,37,54,204,204,234,246,258,280,292,337,349,74,74,152,152,171,20,20,20,32,63,63,63,86,133,168,168,218,218,218,291,291,342,121,133,169,204,254,91,120,120,134,134,134,9,25,25,25,25],"floor_reached":51,"playtime":2606,"items_purged":["Strike_B","Doubt","Pain"],"score":1598,"play_id":"9ed7a760-98fc-41fe-9f77-d5d6a6adc951","local_time":"20181130143427","is_ascension_mode":true,"campfire_choices":[{"data":"Zap","floor":6.0,"key":"SMITH"},{"data":"Go for the Eyes","floor":13.0,"key":"SMITH"},{"data":"Hologram","floor":15.0,"key":"SMITH"},{"data":"Ghostly","floor":25.0,"key":"SMITH"},{"data":"Ghostly","floor":32.0,"key":"SMITH"},{"floor":45.0,"key":"RECALL"},{"data":"Ghostly","floor":49.0,"key":"SMITH"}],"neow_cost":"NONE","seed_source_timestamp":435537754081844,"circlet_count":0,"master_deck":["AscendersBane","Defend_B+1","Defend_B+1","Defend_B+1","Zap+1","Dualcast","Hologram+1","Self Repair","Glacier","Go for the Eyes+1","Cold Snap","Echo Form","HandOfGreed","Biased Cognition","Compile Driver+1","Melter+1","Skim+1","FTL+1","Seek","Ball Lightning","Electrodynamics","Ghostly+1","Ghostly+1","Ghostly+1","White Noise","Sweeping Beam","Rainbow","Compile Driver","Reinforced Body","Gash","Capacitor+1","Stack+1"],"special_seed":0,"relics":["Cracked Core","NeowsBlessing","MawBank","Shuriken","Lantern","Astrolabe","Anchor","Happy Flower","FossilizedHelix","Cursed Key","ClockworkSouvenir","PreservedInsect","Strawberry","Art of War"],"potions_floor_usage":[],"damage_taken":[{"damage":0.0,"enemies":"Jaw Worm","floor":1.0,"turns":1.0},{"damage":0.0,"enemies":"Small Slimes","floor":4.0,"turns":1.0},{"damage":0.0,"enemies":"Gremlin Nob","floor":7.0,"turns":1.0},{"damage":1.0,"enemies":"Cultist","floor":10.0,"turns":4.0},{"damage":9.0,"enemies":"Lagavulin","floor":12.0,"turns":10.0},{"damage":27.0,"enemies":"Hexaghost","floor":16.0,"turns":12.0},{"damage":0.0,"enemies":"Shell Parasite","floor":18.0,"turns":5.0},{"damage":0.0,"enemies":"Spheric Guardian","floor":22.0,"turns":3.0},{"damage":29.0,"enemies":"Slavers","floor":23.0,"turns":5.0},{"damage":31.0,"enemies":"Book of Stabbing","floor":27.0,"turns":7.0},{"damage":0.0,"enemies":"Centurion and Healer","floor":28.0,"turns":7.0},{"damage":0.0,"enemies":"Automaton","floor":33.0,"turns":14.0},{"damage":0.0,"enemies":"3 Shapes","floor":35.0,"turns":7.0},{"damage":0.0,"enemies":"3 Darklings","floor":37.0,"turns":5.0},{"damage":12.0,"enemies":"Maw","floor":38.0,"turns":8.0},{"damage":0.0,"enemies":"4 Shapes","floor":39.0,"turns":6.0},{"damage":0.0,"enemies":"Giant Head","floor":40.0,"turns":8.0},{"damage":7.0,"enemies":"Nemesis","floor":42.0,"turns":7.0},{"damage":4.0,"enemies":"3 Darklings","floor":44.0,"turns":5.0},{"damage":0.0,"enemies":"Maw","floor":48.0,"turns":7.0},{"damage":37.0,"enemies":"Time Eater","floor":50.0,"turns":15.0},{"damage":15,"enemies":"Donu and Deca","floor":51,"turns":3}],"seed_played":"-6265482529874189414","potions_obtained":[{"floor":4.0,"key":"Poison Potion"},{"floor":7.0,"key":"Explosive Potion"},{"floor":12.0,"key":"Block Potion"},{"floor":16.0,"key":"EssenceOfSteel"},{"floor":22.0,"key":"FearPotion"},{"floor":27.0,"key":"Dexterity Potion"},{"floor":31.0,"key":"Poison Potion"},{"floor":44.0,"key":"Swift Potion"}],"is_trial":false,"path_per_floor":["M","$","?","M","?","R","E","?","T","M","?","E","R","$","R","B",null,"M","$","?","?","M","E","?","R","T","E","M","?","?","?","R","B",null,"M","$","M","M","M","E","$","E","T","M","R","?","$","M","R","B","B"],"character_chosen":"DEFECT","items_purchased":["HandOfGreed","Seek","ClockworkSouvenir","Strawberry"],"campfire_rested":0,"item_purchase_floors":[14,19,36,41],"current_hp_per_floor":[64,64,64,64,64,64,64,64,64,70,75,73,73,73,73,53,70,76,76,76,76,76,47,38,38,38,14,21,21,21,21,21,35,37,38,38,38,33,38,38,45,45,45,45,45,45,45,45,45,15,0],"gold":25,"neow_bonus":"THREE_ENEMY_KILL","is_prod":false,"is_daily":false,"chose_seed":false,"campfire_upgraded":6,"win_rate":0,"timestamp":1543606467,"path_taken":["M","$","?","M","?","R","E","?","T","?","?","E","R","$","R","BOSS","M","$","?","?","M","E","?","R","T","E","?","?","?","?","R","BOSS","M","$","M","?","M","E","$","E","T","M","R","?","$","M","R","BOSS","BOSS"],"build_version":"2018-11-15","purchased_purges":3,"victory":false,"max_hp_per_floor":[71,71,71,71,71,71,71,71,71,71,76,76,76,76,76,76,76,76,76,76,76,76,76,38,38,38,38,38,38,38,38,38,38,38,38,38,38,38,38,38,45,45,45,45,45,45,45,45,45,45,45],"card_choices":[{"not_picked":["Lockon","Beam Cell"],"picked":"Hologram","floor":1.0},{"not_picked":["Leap","Redo"],"picked":"Self Repair","floor":4.0},{"not_picked":["Reprogram","Reboot"],"picked":"Glacier","floor":7.0},{"not_picked":["Gash","Barrage"],"picked":"Cold Snap","floor":10.0},{"not_picked":["Capacitor","Machine Learning"],"picked":"Echo Form","floor":12.0},{"not_picked":["Echo Form","Amplify"],"picked":"Biased Cognition","floor":16.0},{"not_picked":["Leap","Hologram"],"picked":"FTL+1","floor":18.0},{"not_picked":["Stack","Hologram"],"picked":"Ball Lightning","floor":22.0},{"not_picked":["Turbo","Ball Lightning"],"picked":"Electrodynamics","floor":23.0},{"not_picked":["Conserve Battery","Go for the Eyes"],"picked":"White Noise","floor":27.0},{"not_picked":["Leap","Steam"],"picked":"Sweeping Beam","floor":28.0},{"not_picked":["Biased Cognition","Reboot"],"picked":"Rainbow","floor":33.0},{"not_picked":["Hello World","Steam Power"],"picked":"Compile Driver","floor":35.0},{"not_picked":["Coolheaded","Steam"],"picked":"Reinforced Body","floor":37.0},{"not_picked":["Steam","Fusion"],"picked":"Gash","floor":38.0},{"not_picked":["Doom and Gloom","Melter+1","Leap"],"picked":"SKIP","floor":39.0},{"not_picked":["Double Energy","Barrage","Streamline+1"],"picked":"SKIP","floor":40.0},{"not_picked":["Reprogram","Sunder","Melter"],"picked":"SKIP","floor":42.0},{"not_picked":["Compile Driver","Darkness"],"picked":"Capacitor+1","floor":44.0},{"not_picked":["Steam","Conserve Battery"],"picked":"Stack+1","floor":48.0}],"player_experience":1213433,"relics_obtained":[{"floor":7.0,"key":"MawBank"},{"floor":9.0,"key":"Shuriken"},{"floor":12.0,"key":"Lantern"},{"floor":23.0,"key":"Anchor"},{"floor":26.0,"key":"Happy Flower"},{"floor":27.0,"key":"FossilizedHelix"},{"floor":40.0,"key":"PreservedInsect"},{"floor":42.0,"key":"Art of War"}],"event_choices":[{"damage_healed":0.0,"max_hp_gain":0.0,"max_hp_loss":0.0,"gold_gain":0.0,"event_name":"The Cleric","player_choice":"Leave","floor":3.0,"gold_loss":0.0,"damage_taken":0.0},{"damage_healed":0.0,"max_hp_gain":0.0,"max_hp_loss":0.0,"gold_gain":150.0,"event_name":"Liars Game","player_choice":"AGREE","floor":5.0,"gold_loss":0.0,"damage_taken":0.0,"cards_obtained":["Doubt"]},{"damage_healed":0.0,"max_hp_gain":0.0,"max_hp_loss":0.0,"gold_gain":0.0,"cards_transformed":["Strike_B"],"event_name":"Living Wall","player_choice":"Change","floor":8.0,"gold_loss":0.0,"damage_taken":0.0,"cards_obtained":["Go for the Eyes"]},{"damage_healed":0.0,"max_hp_gain":5.0,"max_hp_loss":0.0,"gold_gain":0.0,"event_name":"Big Fish","player_choice":"Donut","floor":11.0,"gold_loss":0.0,"damage_taken":0.0},{"damage_healed":0.0,"max_hp_gain":0.0,"max_hp_loss":0.0,"gold_gain":0.0,"event_name":"Vampires","player_choice":"Ignored","floor":21.0,"gold_loss":0.0,"damage_taken":0.0},{"damage_healed":0.0,"max_hp_gain":0.0,"max_hp_loss":38.0,"gold_gain":0.0,"event_name":"Ghosts","player_choice":"Became a Ghost","floor":24.0,"gold_loss":0.0,"damage_taken":0.0,"cards_obtained":["Ghostly","Ghostly","Ghostly"]},{"damage_healed":0.0,"max_hp_gain":0.0,"max_hp_loss":0.0,"gold_gain":0.0,"event_name":"Back to Basics","player_choice":"Simplicity","floor":29.0,"gold_loss":0.0,"damage_taken":0.0,"cards_upgraded":["Defend_B","Defend_B","Defend_B"]},{"damage_healed":0.0,"max_hp_gain":0.0,"max_hp_loss":0.0,"gold_gain":50.0,"event_name":"Nest","player_choice":"Stole From Cult","floor":30.0,"gold_loss":0.0,"damage_taken":0.0},{"damage_healed":0.0,"max_hp_gain":0.0,"max_hp_loss":0.0,"gold_gain":0.0,"event_name":"Lab","player_choice":"Got Potions","floor":31.0,"gold_loss":0.0,"damage_taken":0.0},{"damage_healed":0.0,"max_hp_gain":0.0,"max_hp_loss":0.0,"gold_gain":0.0,"event_name":"Tomb of Lord Red Mask","player_choice":"Ignored","floor":46.0,"gold_loss":0.0,"damage_taken":0.0}],"is_beta":false,"boss_relics":[{"not_picked":["Orrery","Lizard Tail"],"picked":"Astrolabe"},{"not_picked":["Philosopher\u0027s Stone","Velvet Choker"],"picked":"Cursed Key"}],"items_purged_floors":[2,14,47],"is_endless":false,"potions_floor_spawned":[4,7,12,16,22,27,38,44,48],"killed_by":"Donu and Deca","ascension_level":20}