{"gold_per_floor":[113,38,38,49,5,5,24,56,56,75,75,92,92,92,92,92],"floor_reached":16,"playtime":463,"items_purged":[],"score":200,"play_id":"6ddb8794-7f21-41b2-83ba-f125ae39232d","local_time":"20181115153907","is_ascension_mode":true,"campfire_choices":[{"data":"Uppercut","floor":6,"key":"SMITH"},{"data":"Whirlwind","floor":11,"key":"SMITH"},{"data":"Flame Barrier","floor":13,"key":"SMITH"},{"data":"Juggernaut","floor":15,"key":"SMITH"}],"neow_cost":"NONE","seed_source_timestamp":99799269014237,"circlet_count":0,"master_deck":["AscendersBane","Strike_R","Strike_R","Strike_R","Strike_R","Defend_R","Defend_R","Defend_R","Defend_R","Bash","Whirlwind+1","Uppercut+1","Warcry","Flame Barrier+1","Shockwave","Juggernaut+1"],"relics":["Burning Blood","Regal Pillow","Ice Cream","WingedGreaves","Blood Vial"],"potions_floor_usage":[8,16],"damage_taken":[{"damage":7,"enemies":"Small Slimes","floor":1,"turns":4},{"damage":4,"enemies":"2 Louse","floor":4,"turns":3},{"damage":7,"enemies":"Jaw Worm","floor":7,"turns":3},{"damage":33,"enemies":"3 Sentries","floor":8,"turns":7},{"damage":8,"enemies":"Exordium Wildlife","floor":10,"turns":4},{"damage":5,"enemies":"Red Slaver","floor":12,"turns":2},{"damage":28,"enemies":"Hexaghost","floor":16,"turns":9}],"seed_played":"9193584651615221344","potions_obtained":[{"floor":4,"key":"FearPotion"},{"floor":7,"key":"Block Potion"},{"floor":10,"key":"Swift Potion"}],"is_trial":false,"path_per_floor":["M","?","?","M","$","R","M","E","T","M","R","M","R","?","R","B"],"character_chosen":"IRONCLAD","items_purchased":["Uppercut"],"campfire_rested":0,"item_purchase_floors":[5],"current_hp_per_floor":[67,67,67,69,69,69,68,41,41,39,39,40,40,22,22,0],"gold":92,"neow_bonus":"RANDOM_COMMON_RELIC","is_prod":false,"is_daily":false,"chose_seed":false,"campfire_upgraded":4,"win_rate":0,"timestamp":1542314347,"path_taken":["M","?","?","M","?","R","M","E","T","?","R","M","R","?","R","BOSS"],"build_version":"2018-11-08","purchased_purges":0,"victory":false,"max_hp_per_floor":[75,75,75,75,75,75,75,75,75,75,75,75,75,75,75,75],"card_choices":[{"not_picked":["Twin Strike","Infernal Blade","Body Slam"],"picked":"SKIP","floor":1},{"not_picked":["Power Through","Warcry"],"picked":"Whirlwind","floor":4},{"not_picked":["Iron Wave","Sword Boomerang"],"picked":"Warcry","floor":7},{"not_picked":["Havoc","Pommel Strike"],"picked":"Flame Barrier","floor":8},{"not_picked":["Perfected Strike","True Grit"],"picked":"Shockwave","floor":10},{"not_picked":["Flex","Pummel"],"picked":"Juggernaut","floor":12}],"player_experience":1050928,"relics_obtained":[{"floor":8,"key":"Ice Cream"},{"floor":9,"key":"WingedGreaves"}],"event_choices":[{"cards_removed":["Strike_R"],"damage_healed":0,"gold_gain":0,"player_choice":"Card Removal","damage_taken":0,"max_hp_gain":0,"max_hp_loss":0,"event_name":"The Cleric","floor":2,"gold_loss":75},{"damage_healed":0,"gold_gain":0,"player_choice":"Ignored","damage_taken":0,"max_hp_gain":0,"max_hp_loss":0,"event_name":"Liars Game","floor":3,"gold_loss":0},{"damage_healed":0,"gold_gain":0,"player_choice":"Success","damage_taken":18,"relics_obtained":["Blood Vial"],"max_hp_gain":0,"max_hp_loss":0,"event_name":"Scrap Ooze","floor":14,"gold_loss":0}],"is_beta":false,"boss_relics":[],"items_purged_floors":[],"is_endless":false,"potions_floor_spawned":[4,7,10],"killed_by":"Hexaghost","ascension_level":20}