{"gold_per_floor":[116,136,136,149,69,69,100,119,119,138,154,173,192,192,192,292,292,312,118,128,128,139,139],"floor_reached":23,"playtime":2707,"items_purged":[],"score":222,"play_id":"44c8bb2a-7975-4624-a13b-bcc8d706b500","local_time":"20180712221121","is_ascension_mode":false,"campfire_choices":[{"data":"Perfected Strike","floor":6.0,"key":"SMITH"},{"data":"Rage","floor":15,"key":"SMITH"}],"neow_cost":"","seed_source_timestamp":0,"circlet_count":0,"master_deck":["Strike_R","Strike_R","Strike_R","Strike_R","Strike_R","Defend_R","Defend_R","Defend_R","Defend_R","Bash","Shrug It Off","Perfected Strike+1","Thunderclap","Impervious","Cleave","Cleave","Reaper","Rage+1","Warcry","Body Slam","Demon Form","Feel No Pain","Perfected Strike","Ghostly Armor","Dramatic Entrance","Headbutt","Clash"],"special_seed":0,"relics":["Black Blood","Vajra","Pantograph","Pear"],"potions_floor_usage":[16,16,16],"damage_taken":[{"damage":0.0,"enemies":"2 Louse","floor":1.0,"turns":3.0},{"damage":0.0,"enemies":"Small Slimes","floor":2.0,"turns":5.0},{"damage":0.0,"enemies":"Cultist","floor":4.0,"turns":3.0},{"damage":23.0,"enemies":"Gremlin Nob","floor":7.0,"turns":6.0},{"damage":3.0,"enemies":"Exordium Thugs","floor":8.0,"turns":4.0},{"damage":1.0,"enemies":"3 Louse","floor":10.0,"turns":2.0},{"damage":9.0,"enemies":"Blue Slaver","floor":11.0,"turns":3.0},{"damage":5.0,"enemies":"Looter","floor":12.0,"turns":4.0},{"damage":0.0,"enemies":"Gremlin Gang","floor":13.0,"turns":1.0},{"damage":48,"enemies":"The Guardian","floor":16,"turns":13},{"damage":23,"enemies":"3 Byrds","floor":18,"turns":7},{"damage":0,"enemies":"Chosen","floor":20,"turns":6},{"damage":39,"enemies":"Centurion and Healer","floor":22,"turns":7},{"damage":81,"enemies":"Book of Stabbing","floor":23,"turns":7}],"seed_played":"-8152734447275458622","potions_obtained":[{"floor":2.0,"key":"PowerPotion"},{"floor":4.0,"key":"LiquidBronze"},{"floor":7.0,"key":"Explosive Potion"},{"floor":11.0,"key":"Regen Potion"},{"floor":12.0,"key":"Fruit Juice"},{"floor":14,"key":"Fruit Juice"},{"floor":22,"key":"Block Potion"}],"is_trial":false,"path_per_floor":["M","M","?","M","$","R","E","M","T","M","M","M","M","?","R","B",null,"M","$","M","?","M"],"character_chosen":"IRONCLAD","items_purchased":["Impervious","Perfected Strike","Ghostly Armor","Dramatic Entrance"],"campfire_rested":0,"item_purchase_floors":[5,19,19,19],"current_hp_per_floor":[80,80,55,61,61,61,44,47,57,62,64,70,76,76,76,78,100,93,93,100,100,71,0],"gold":139,"neow_bonus":"","is_prod":false,"is_daily":false,"chose_seed":false,"campfire_upgraded":2,"win_rate":0.0,"timestamp":1531447881,"path_taken":["M","M","?","M","?","R","E","M","T","M","?","M","M","?","R","BOSS","M","$","M","?","M","E"],"build_version":"2018-07-12","purchased_purges":0,"victory":false,"max_hp_per_floor":[80,80,80,80,80,80,80,80,90,90,90,90,90,90,90,100,100,100,100,100,100,100,100],"card_choices":[{"not_picked":["Thunderclap","Reckless Charge"],"picked":"Shrug It Off","floor":1.0},{"not_picked":["Anger","Pommel Strike"],"picked":"Perfected Strike","floor":2.0},{"not_picked":["Pommel Strike","Hemokinesis"],"picked":"Thunderclap","floor":4.0},{"not_picked":["Sword Boomerang","Burning Pact"],"picked":"Cleave","floor":7.0},{"not_picked":["Clothesline","Iron Wave"],"picked":"Cleave","floor":8.0},{"not_picked":["Shockwave","Iron Wave"],"picked":"Reaper","floor":10.0},{"not_picked":["Headbutt","Disarm"],"picked":"Rage","floor":11.0},{"not_picked":["Clash","Burning Pact"],"picked":"Warcry","floor":12.0},{"not_picked":["Iron Wave","Sever Soul"],"picked":"Body Slam","floor":13},{"not_picked":["Brutality","Impervious"],"picked":"Demon Form","floor":16},{"not_picked":["Corruption+1","Uppercut+1"],"picked":"Feel No Pain","floor":18},{"not_picked":["Twin Strike","Sword Boomerang+1"],"picked":"Headbutt","floor":20},{"not_picked":["Anger+1","Carnage"],"picked":"Clash","floor":22}],"player_experience":0,"relics_obtained":[{"floor":7.0,"key":"Pantograph"},{"floor":9.0,"key":"Pear"}],"event_choices":[{"event_name":"Scrap Ooze","player_choice":"success","floor":3.0,"damage_taken":25.0},{"event_name":"The Lab","player_choice":"Got Potions","floor":14,"damage_taken":0},{"event_name":"Vampires","player_choice":"Ignored","floor":21,"damage_taken":0}],"boss_relics":[{"not_picked":["Cursed Key","Sozu"],"picked":"Black Blood"}],"items_purged_floors":[],"is_endless":false,"potions_floor_spawned":[2,4,7,11,12,22],"killed_by":"Book of Stabbing","ascension_level":0}