{"gold_per_floor":[118,136,155,171,185,185,185,205,205,9,23,23,84,98,98,194,194,207,153,139,139,158,192,192,220,220,38,38],"floor_reached":28,"playtime":2001,"items_purged":["Rupture"],"score":252,"play_id":"84df7ad4-464f-48aa-a661-bcfa30f01439","local_time":"20190628212940","is_ascension_mode":false,"campfire_choices":[{"data":"Bludgeon","floor":6,"key":"SMITH"},{"floor":15,"key":"REST"},{"floor":24,"key":"REST"}],"neow_cost":"CURSE","seed_source_timestamp":543097698915507,"circlet_count":0,"master_deck":["Strike_R","Strike_R","Strike_R","Strike_R","Defend_R","Defend_R","Defend_R","Bash","Bludgeon+1","Dropkick","Thunderclap","Power Through","Cleave","Power Through","Flex","Shockwave","Body Slam","Demon Form","Uppercut","Armaments","Rampage","Flame Barrier","Impervious","Warcry","Heavy Blade","Inflame","Iron Wave","Clash","Shrug It Off","Perfected Strike+1","Metallicize","Dropkick"],"relics":["Burning Blood","Pear","Velvet Choker","Bag of Marbles","Bronze Scales","Letter Opener"],"potions_floor_usage":[16,16,16],"damage_taken":[{"damage":8,"enemies":"Jaw Worm","floor":1,"turns":2},{"damage":3,"enemies":"Cultist","floor":2,"turns":3},{"damage":0,"enemies":"Small Slimes","floor":3,"turns":3},{"damage":15,"enemies":"2 Fungi Beasts","floor":4,"turns":3},{"damage":18,"enemies":"Red Slaver","floor":5,"turns":3},{"damage":12,"enemies":"Blue Slaver","floor":8,"turns":2},{"damage":10,"enemies":"Large Slime","floor":11,"turns":6},{"damage":25,"enemies":"Exordium Thugs","floor":14,"turns":5},{"damage":59,"enemies":"The Guardian","floor":16,"turns":9},{"damage":17,"enemies":"Chosen","floor":18,"turns":4},{"damage":32,"enemies":"2 Thieves","floor":20,"turns":4},{"damage":18,"enemies":"3 Cultists","floor":22,"turns":6},{"damage":5,"enemies":"Gremlin Leader","floor":23,"turns":7},{"damage":66,"enemies":"Slavers","floor":25,"turns":7},{"damage":9,"enemies":"Snake Plant","floor":28,"turns":2}],"seed_played":"8528017070553317640","potions_obtained":[{"floor":1,"key":"AttackPotion"},{"floor":2,"key":"Poison Potion"},{"floor":8,"key":"LiquidBronze"},{"floor":22,"key":"SmokeBomb"}],"is_trial":false,"path_per_floor":["M","M","M","M","M","R","?","M","T","$","M","$","?","M","R","B",null,"M","$","M","?","M","E","R","E","T","$","M"],"character_chosen":"IRONCLAD","items_purchased":["Rupture","Uppercut","Armaments","Heavy Blade","Metallicize","Dropkick"],"campfire_rested":2,"item_purchase_floors":[10,10,10,19,27,27],"current_hp_per_floor":[78,80,80,71,59,59,59,53,63,63,59,59,59,40,67,14,90,79,79,53,53,41,42,69,9,9,9,0],"gold":38,"neow_bonus":"TRANSFORM_TWO_CARDS","is_prod":false,"is_daily":false,"chose_seed":false,"campfire_upgraded":1,"win_rate":0.0,"timestamp":1561782580,"path_taken":["M","M","M","M","M","R","?","M","T","$","?","$","?","M","R","BOSS","M","$","M","?","?","E","R","E","T","$","M"],"build_version":"2019-01-23","purchased_purges":1,"victory":false,"max_hp_per_floor":[80,80,80,80,80,80,80,80,90,90,90,90,90,90,90,90,90,90,90,90,90,90,90,90,90,90,90,90],"card_choices":[{"not_picked":["Spot Weakness","Fire Breathing"],"picked":"Thunderclap","floor":1},{"not_picked":["Clash","Body Slam"],"picked":"Power Through","floor":2},{"not_picked":["Burning Pact","Thunderclap"],"picked":"Cleave","floor":3},{"not_picked":["Warcry","Intimidate"],"picked":"Power Through","floor":4},{"not_picked":["Shrug It Off","Headbutt"],"picked":"Flex","floor":5},{"not_picked":["Heavy Blade","Anger"],"picked":"Demon Form","floor":8},{"not_picked":["Shrug It Off","Entrench"],"picked":"Rampage","floor":11},{"not_picked":["Shrug It Off","Body Slam"],"picked":"Flame Barrier","floor":14},{"not_picked":["Feed","Bludgeon"],"picked":"Impervious","floor":16},{"not_picked":["Flame Barrier","Pommel Strike"],"picked":"Warcry","floor":18},{"not_picked":["Infernal Blade","Armaments"],"picked":"Inflame","floor":20},{"not_picked":["Warcry+1","Body Slam+1"],"picked":"Clash","floor":22},{"not_picked":["Warcry","Pommel Strike"],"picked":"Shrug It Off","floor":23},{"not_picked":["Flex","Warcry"],"picked":"Perfected Strike+1","floor":25}],"player_experience":11395,"relics_obtained":[{"floor":9,"key":"Pear"},{"floor":23,"key":"Bag of Marbles"},{"floor":25,"key":"Bronze Scales"},{"floor":26,"key":"Letter Opener"}],"event_choices":[{"damage_healed":0,"gold_gain":0,"player_choice":"2 cards matched","damage_taken":0,"max_hp_gain":0,"max_hp_loss":0,"event_name":"Match and Keep!","floor":7,"gold_loss":0,"cards_obtained":["Shockwave","Body Slam"]},{"damage_healed":0,"gold_gain":61,"player_choice":"Gained Gold","damage_taken":0,"max_hp_gain":0,"max_hp_loss":0,"event_name":"Golden Wing","floor":13,"gold_loss":0},{"cards_removed":["Decay"],"damage_healed":0,"gold_gain":0,"player_choice":"Took Card","damage_taken":0,"max_hp_gain":0,"max_hp_loss":0,"event_name":"NoteForYourself","floor":21,"gold_loss":0,"cards_obtained":["Iron Wave"]}],"is_beta":false,"boss_relics":[{"not_picked":["White Beast Statue","Black Blood"],"picked":"Velvet Choker"}],"items_purged_floors":[27],"is_endless":false,"potions_floor_spawned":[1,2,8,11,14,22],"killed_by":"Snake Plant","ascension_level":0}