{"gold_per_floor":[112,112,128,147,165,198,198,227,227,227,60,60,80,105,105,201,201,214,214,225,125,172,189,189,203,255,255,255,255],"floor_reached":29,"playtime":1749,"items_purged":["Strike_R","Strike_R"],"score":340,"play_id":"6061bf9e-321e-4172-b004-ea25187eba63","local_time":"20190510072155","is_ascension_mode":true,"campfire_choices":[{"floor":7,"key":"REST"},{"floor":12,"key":"REST"},{"floor":15,"key":"REST"},{"data":"Armaments","floor":24,"key":"SMITH"},{"data":"Feed","floor":27,"key":"SMITH"}],"neow_cost":"NONE","seed_source_timestamp":18285522752905,"circlet_count":0,"master_deck":["Strike_R","Strike_R","Defend_R","Defend_R","Defend_R","Defend_R","Bash","Feed+1","Body Slam","Rampage","Headbutt","Corruption","Impervious","Impervious","Whirlwind+1","Shame","Armaments+1","Warcry"],"relics":["Burning Blood","Gremlin Horn","Ancient Tea Set","Kunai","Gambling Chip","Cursed Key","Strawberry","Spirit Poop"],"potions_floor_usage":[8,16,16,29,29],"damage_taken":[{"damage":0,"enemies":"2 Louse","floor":1,"turns":3},{"damage":1,"enemies":"Small Slimes","floor":3,"turns":4},{"damage":13,"enemies":"Cultist","floor":4,"turns":6},{"damage":37,"enemies":"Exordium Thugs","floor":5,"turns":7},{"damage":35,"enemies":"Lagavulin","floor":6,"turns":5},{"damage":43,"enemies":"3 Sentries","floor":8,"turns":13},{"damage":0,"enemies":"2 Fungi Beasts","floor":13,"turns":5},{"damage":35,"enemies":"Lagavulin","floor":14,"turns":7},{"damage":40,"enemies":"Hexaghost","floor":16,"turns":10},{"damage":7,"enemies":"Chosen","floor":18,"turns":4},{"damage":9,"enemies":"Shell Parasite","floor":20,"turns":3},{"damage":12,"enemies":"3 Cultists","floor":23,"turns":3},{"damage":0,"enemies":"Snecko","floor":25,"turns":5},{"damage":97,"enemies":"Slavers","floor":29,"turns":5}],"seed_played":"5195905263148214435","potions_obtained":[{"floor":1,"key":"Dexterity Potion"},{"floor":6,"key":"BloodPotion"},{"floor":13,"key":"Strength Potion"},{"floor":20,"key":"Dexterity Potion"},{"floor":23,"key":"SpeedPotion"}],"is_trial":false,"path_per_floor":["M","?","M","M","M","E","R","E","T","?","$","R","M","E","R","B",null,"M","?","M","$","T","M","R","M","T","R","?","E"],"character_chosen":"IRONCLAD","items_purchased":["Corruption","Strength Potion"],"campfire_rested":3,"item_purchase_floors":[11,11],"current_hp_per_floor":[81,81,86,82,54,25,52,15,15,15,15,42,51,22,50,19,78,80,80,77,77,77,71,71,77,84,84,84,0],"gold":255,"neow_bonus":"ONE_RANDOM_RARE_CARD","is_prod":false,"is_daily":false,"chose_seed":false,"campfire_upgraded":2,"win_rate":0,"timestamp":1557487315,"path_taken":["M","?","M","M","M","E","R","E","T","?","$","R","M","E","R","BOSS","M","?","M","$","?","M","R","M","T","R","?","E"],"build_version":"2019-01-23","purchased_purges":2,"victory":false,"max_hp_per_floor":[83,83,86,89,92,92,92,92,92,92,92,92,95,95,95,98,98,101,101,101,101,101,101,101,101,108,108,108,108],"card_choices":[{"not_picked":["Dropkick","Twin Strike","Anger"],"picked":"SKIP","floor":1},{"not_picked":["Clash","Sever Soul"],"picked":"Body Slam","floor":3},{"not_picked":["Entrench","Body Slam"],"picked":"Rampage","floor":4},{"not_picked":["Anger","Infernal Blade"],"picked":"Headbutt","floor":5},{"not_picked":["Seeing Red","Clothesline","Hemokinesis"],"picked":"SKIP","floor":6},{"not_picked":["Feel No Pain","Flex","Clash"],"picked":"SKIP","floor":8},{"not_picked":["Twin Strike","Clothesline"],"picked":"Impervious","floor":13},{"not_picked":["Heavy Blade","True Grit","Disarm"],"picked":"SKIP","floor":14},{"not_picked":["Fiend Fire","Reaper"],"picked":"Impervious","floor":16},{"not_picked":["Sentinel+1","Headbutt"],"picked":"Whirlwind+1","floor":18},{"not_picked":["Carnage+1","Headbutt","Cleave"],"picked":"SKIP","floor":20},{"not_picked":["Cleave","Heavy Blade"],"picked":"Armaments","floor":23},{"not_picked":["Wild Strike","Twin Strike"],"picked":"Warcry","floor":25}],"player_experience":258470,"relics_obtained":[{"floor":6,"key":"Gremlin Horn"},{"floor":8,"key":"Ancient Tea Set"},{"floor":9,"key":"Kunai"},{"floor":14,"key":"Gambling Chip"},{"floor":26,"key":"Strawberry"}],"event_choices":[{"damage_healed":0,"gold_gain":0,"player_choice":"Ignored","damage_taken":0,"max_hp_gain":0,"max_hp_loss":0,"event_name":"Liars Game","floor":2,"gold_loss":0},{"cards_removed":["Strike_R"],"damage_healed":0,"gold_gain":0,"player_choice":"Purged","damage_taken":0,"max_hp_gain":0,"max_hp_loss":0,"event_name":"Purifier","floor":10,"gold_loss":0},{"damage_healed":0,"gold_gain":0,"player_choice":"0 cards matched","damage_taken":0,"max_hp_gain":0,"max_hp_loss":0,"event_name":"Match and Keep!","floor":19,"gold_loss":0,"cards_obtained":[]},{"cards_removed":["Regret"],"damage_healed":0,"gold_gain":0,"player_choice":"Offered Curse","damage_taken":0,"relics_obtained":["Spirit Poop"],"max_hp_gain":0,"max_hp_loss":0,"event_name":"Bonfire Elementals","floor":28,"gold_loss":0}],"is_beta":false,"boss_relics":[{"not_picked":["Runic Pyramid","Mark of Pain"],"picked":"Cursed Key"}],"items_purged_floors":[11,21],"is_endless":false,"potions_floor_spawned":[1,6,13,20,23],"killed_by":"Slavers","ascension_level":6}