{"gold_per_floor":[210,221,240,8,8,36,36,55,78,78,105,124,136,153,153,249,249,249,249,47,47,47,47,47,47,47,47,47,47,47,47,47,47,47,47,47,47,47,47,47,6,6,6,6,6,6,6,6,6,6,6,6,6,6,6],"floor_reached":55,"playtime":2619,"items_purged":["Strike_B"],"score":926,"play_id":"b5d1da8c-99f5-46f6-b4d1-e392ea7f2598","local_time":"20190511105545","is_ascension_mode":true,"campfire_choices":[{"data":"Zap","floor":7,"key":"SMITH"},{"data":"Storm","floor":10,"key":"SMITH"},{"data":"Defragment","floor":15,"key":"SMITH"},{"data":"Defragment","floor":24,"key":"SMITH"},{"floor":32,"key":"REST"},{"data":"Chill","floor":42,"key":"SMITH"},{"floor":45,"key":"RECALL"},{"floor":49,"key":"REST"},{"data":"Static Discharge","floor":52,"key":"SMITH"}],"neow_cost":"NONE","seed_source_timestamp":51042065702856,"circlet_count":0,"master_deck":["Strike_B","Strike_B","Defend_B","Defend_B","Defend_B+1","Defend_B","Zap+1","Dualcast","Storm+1","Conserve Battery","Glacier","Self Repair","Capacitor","Hologram+1","Defragment+1","Steam","Glacier","Echo Form","Defragment+1","Defragment+1","Loop","Shame","Static Discharge+1","Double Energy+1","Capacitor","Static Discharge","Thunder Strike","Chill","Buffer","Chill+1","Defragment","Heatsinks+1","Hologram+1"],"relics":["Cracked Core","Membership Card","DataDisk","Orichalcum","Centennial Puzzle","Ectoplasm","Bottled Tornado","Letter Opener","Dodecahedron","War Paint","MawBank","Philosopher\u0027s Stone","Turnip","Torii","Ice Cream","Shuriken"],"potions_floor_usage":[5,6,6,12,16,16,16,27,31,33,33,50,50,55],"damage_taken":[{"damage":2,"enemies":"Jaw Worm","floor":1,"turns":4},{"damage":1,"enemies":"Cultist","floor":2,"turns":3},{"damage":5,"enemies":"Small Slimes","floor":3,"turns":3},{"damage":4,"enemies":"Gremlin Nob","floor":6,"turns":5},{"damage":0,"enemies":"Looter","floor":8,"turns":4},{"damage":14,"enemies":"Lagavulin","floor":11,"turns":7},{"damage":8,"enemies":"Lots of Slimes","floor":12,"turns":3},{"damage":14,"enemies":"Exordium Wildlife","floor":13,"turns":3},{"damage":27,"enemies":"Gremlin Gang","floor":14,"turns":3},{"damage":11,"enemies":"Hexaghost","floor":16,"turns":9},{"damage":3,"enemies":"Shell Parasite","floor":18,"turns":6},{"damage":5,"enemies":"3 Byrds","floor":19,"turns":4},{"damage":17,"enemies":"Snake Plant","floor":22,"turns":3},{"damage":8,"enemies":"Book of Stabbing","floor":23,"turns":5},{"damage":17,"enemies":"Centurion and Healer","floor":27,"turns":3},{"damage":1,"enemies":"Gremlin Leader","floor":28,"turns":5},{"damage":12,"enemies":"Snecko","floor":29,"turns":4},{"damage":14,"enemies":"Book of Stabbing","floor":30,"turns":4},{"damage":6,"enemies":"Chosen and Byrds","floor":31,"turns":3},{"damage":15,"enemies":"Champ","floor":33,"turns":6},{"damage":4,"enemies":"Orb Walker","floor":35,"turns":2},{"damage":6,"enemies":"3 Shapes","floor":37,"turns":2},{"damage":34,"enemies":"2 Orb Walkers","floor":38,"turns":4},{"damage":14,"enemies":"Reptomancer","floor":40,"turns":5},{"damage":1,"enemies":"Writhing Mass","floor":44,"turns":4},{"damage":0,"enemies":"3 Darklings","floor":46,"turns":4},{"damage":0,"enemies":"Maw","floor":47,"turns":3},{"damage":14,"enemies":"Donu and Deca","floor":50,"turns":6},{"damage":43,"enemies":"Shield and Spear","floor":54,"turns":3},{"damage":80,"enemies":"The Heart","floor":55,"turns":3}],"seed_played":"1725670647633642080","potions_obtained":[{"floor":1,"key":"FocusPotion"},{"floor":2,"key":"SkillPotion"},{"floor":5,"key":"Fruit Juice"},{"floor":5,"key":"EssenceOfSteel"},{"floor":6,"key":"Strength Potion"},{"floor":11,"key":"Swift Potion"},{"floor":13,"key":"Strength Potion"},{"floor":22,"key":"Ancient Potion"},{"floor":23,"key":"Regen Potion"},{"floor":27,"key":"Explosive Potion"},{"floor":29,"key":"EssenceOfSteel"},{"floor":31,"key":"Dexterity Potion"},{"floor":35,"key":"Poison Potion"},{"floor":44,"key":"SkillPotion"},{"floor":47,"key":"EssenceOfSteel"}],"is_trial":false,"path_per_floor":["M","M","M","$","?","E","R","M","T","R","E","M","M","M","R","B",null,"M","M","$","?","M","E","R","?","T","M","E","M","E","M","R","B",null,"M","?","M","?","?","E","$","R","T","M","R","M","M","?","R","B",null,"R","$","E","B"],"character_chosen":"DEFECT","items_purchased":["Membership Card","Self Repair","Bottled Tornado","Defragment","Defragment"],"campfire_rested":2,"item_purchase_floors":[4,4,20,20,41],"current_hp_per_floor":[73,72,67,67,72,75,75,75,75,75,68,67,60,33,33,29,67,71,73,73,73,63,62,62,62,62,54,60,48,41,42,66,58,75,71,71,72,38,38,31,31,31,31,37,37,37,44,44,66,59,72,72,72,36,0],"gold":6,"neow_bonus":"HUNDRED_GOLD","is_prod":false,"is_daily":false,"chose_seed":false,"campfire_upgraded":6,"win_rate":0,"timestamp":1557586545,"path_taken":["M","M","M","$","?","E","R","M","T","R","E","?","M","M","R","BOSS","M","M","$","?","M","E","R","?","T","M","E","M","E","M","R","BOSS","M","?","M","?","?","E","$","R","T","M","R","M","?","?","R","BOSS","R","$","E","BOSS"],"build_version":"2019-01-23","purchased_purges":1,"victory":false,"max_hp_per_floor":[75,75,75,75,80,80,80,80,80,80,80,80,80,80,80,80,80,80,80,80,80,80,80,80,80,80,80,80,80,80,80,80,80,80,80,76,76,76,76,76,76,76,76,76,76,76,76,76,76,76,76,76,76,76,76],"card_choices":[{"not_picked":["Turbo","Consume"],"picked":"Storm","floor":1},{"not_picked":["Gash","Streamline"],"picked":"Conserve Battery","floor":2},{"not_picked":["Beam Cell","Coolheaded"],"picked":"Glacier","floor":3},{"not_picked":["Chaos","Gash"],"picked":"Capacitor","floor":6},{"not_picked":["Cold Snap","Compile Driver"],"picked":"Hologram","floor":8},{"not_picked":["Multi-Cast","Auto Shields"],"picked":"Defragment","floor":11},{"not_picked":["Beam Cell","FTL"],"picked":"Steam","floor":12},{"not_picked":["Aggregate","Leap"],"picked":"Glacier","floor":13},{"not_picked":["Beam Cell","Cold Snap","Ball Lightning"],"picked":"SKIP","floor":14},{"not_picked":["Meteor Strike","Core Surge"],"picked":"Echo Form","floor":16},{"not_picked":["Barrage","Stack","Streamline"],"picked":"SKIP","floor":18},{"not_picked":["Beam Cell","Auto Shields","Streamline"],"picked":"SKIP","floor":19},{"not_picked":["Conserve Battery","Streamline"],"picked":"Defragment+1","floor":22},{"not_picked":["Meteor Strike","Sweeping Beam"],"picked":"Loop","floor":23},{"not_picked":["Consume","Double Energy"],"picked":"Static Discharge","floor":27},{"not_picked":["Hologram","Cold Snap"],"picked":"Double Energy+1","floor":28},{"not_picked":["Gash","Rebound"],"picked":"Capacitor","floor":29},{"not_picked":["Glacier","Barrage"],"picked":"Static Discharge","floor":30},{"not_picked":["Ball Lightning","Genetic Algorithm+1","Beam Cell"],"picked":"SKIP","floor":31},{"not_picked":["Meteor Strike","Hyperbeam"],"picked":"Thunder Strike","floor":33},{"not_picked":["Gash","Go for the Eyes+1","Lockon"],"picked":"SKIP","floor":35},{"not_picked":["Beam Cell+1","Rebound"],"picked":"Chill","floor":37},{"not_picked":["Hello World","Leap"],"picked":"Chill","floor":40},{"not_picked":["Self Repair","BootSequence+1"],"picked":"Heatsinks+1","floor":44},{"not_picked":["Fusion+1","Conserve Battery","Beam Cell"],"picked":"SKIP","floor":46},{"not_picked":["Steam","Thunder Strike","Cold Snap+1"],"picked":"SKIP","floor":47},{"not_picked":["Reprogram","All For One"],"picked":"Hologram+1","floor":54}],"player_experience":273694,"relics_obtained":[{"floor":6,"key":"DataDisk"},{"floor":9,"key":"Orichalcum"},{"floor":11,"key":"Centennial Puzzle"},{"floor":23,"key":"Letter Opener"},{"floor":28,"key":"War Paint"},{"floor":30,"key":"MawBank"},{"floor":38,"key":"Turnip"},{"floor":40,"key":"Torii"},{"floor":43,"key":"Ice Cream"},{"floor":54,"key":"Shuriken"}],"event_choices":[{"damage_healed":0,"gold_gain":0,"player_choice":"Got Potions","damage_taken":0,"max_hp_gain":0,"max_hp_loss":0,"event_name":"Lab","floor":5,"gold_loss":0},{"damage_healed":0,"gold_gain":0,"player_choice":"Ignored","damage_taken":0,"max_hp_gain":0,"max_hp_loss":0,"event_name":"Vampires","floor":21,"gold_loss":0},{"damage_healed":0,"gold_gain":0,"player_choice":"Stole Relic","damage_taken":0,"relics_obtained":["Dodecahedron"],"max_hp_gain":0,"max_hp_loss":0,"event_name":"Addict","floor":25,"gold_loss":0,"cards_obtained":["Shame"]},{"damage_healed":0,"gold_gain":0,"player_choice":"Max HP","damage_taken":0,"max_hp_gain":0,"max_hp_loss":4,"event_name":"Winding Halls","floor":36,"gold_loss":0},{"damage_healed":0,"gold_gain":0,"player_choice":"Fight","damage_taken":0,"max_hp_gain":0,"max_hp_loss":0,"event_name":"Mysterious Sphere","floor":38,"gold_loss":0},{"damage_healed":0,"gold_gain":0,"cards_transformed":["Strike_B"],"player_choice":"Transformed","damage_taken":0,"max_hp_gain":0,"max_hp_loss":0,"event_name":"Transmorgrifier","floor":39,"gold_loss":0,"cards_obtained":["Buffer"]},{"damage_healed":0,"gold_gain":100,"player_choice":"Pray","damage_taken":0,"max_hp_gain":0,"max_hp_loss":0,"event_name":"Golden Shrine","floor":48,"gold_loss":0}],"is_beta":false,"boss_relics":[{"not_picked":["Runic Dome","Astrolabe"],"picked":"Ectoplasm"},{"not_picked":["Snecko Eye","Black Star"],"picked":"Philosopher\u0027s Stone"}],"items_purged_floors":[20],"is_endless":false,"potions_floor_spawned":[1,2,6,11,13,22,23,27,29,31,35,44,47],"killed_by":"The Heart","ascension_level":5}