{"gold_per_floor":[113,113,129,147,27,58,58,68,68,96,96,116,143,163,163,163],"floor_reached":16,"playtime":803,"items_purged":["Strike_R"],"score":214,"play_id":"015816f8-8cb0-488d-b641-35b921e2a2ce","local_time":"20190501185540","is_ascension_mode":true,"campfire_choices":[{"data":"Shockwave","floor":7,"key":"SMITH"},{"data":"True Grit","floor":15,"key":"SMITH"}],"neow_cost":"NONE","seed_source_timestamp":263166457129606,"circlet_count":0,"master_deck":["AscendersBane","Strike_R+1","Strike_R","Strike_R","Defend_R","Defend_R+1","Defend_R","Defend_R","Bash","Thunderclap","Dropkick","Shockwave+1","True Grit","Whirlwind","Disarm","Spot Weakness","True Grit+1","Metallicize"],"relics":["Burning Blood","Gambling Chip","Question Card","Centennial Puzzle"],"potions_floor_usage":[6,16,16],"damage_taken":[{"damage":14,"enemies":"Jaw Worm","floor":1,"turns":7},{"damage":1,"enemies":"Cultist","floor":3,"turns":3},{"damage":4,"enemies":"Small Slimes","floor":4,"turns":3},{"damage":12,"enemies":"Gremlin Nob","floor":6,"turns":4},{"damage":5,"enemies":"Red Slaver","floor":8,"turns":4},{"damage":13,"enemies":"3 Sentries","floor":10,"turns":7},{"damage":7,"enemies":"3 Louse","floor":12,"turns":4},{"damage":5,"enemies":"Lagavulin","floor":13,"turns":7},{"damage":23,"enemies":"Gremlin Gang","floor":14,"turns":5},{"damage":25,"enemies":"Slime Boss","floor":16,"turns":6}],"seed_played":"-2695266822090312877","potions_obtained":[{"floor":1,"key":"Block Potion"},{"floor":6,"key":"Dexterity Potion"},{"floor":10,"key":"Dexterity Potion"}],"is_trial":false,"path_per_floor":["M","?","M","M","$","E","R","M","T","E","?","M","E","M","R","B"],"character_chosen":"IRONCLAD","items_purchased":["True Grit"],"campfire_rested":0,"item_purchase_floors":[5],"current_hp_per_floor":[67,42,47,49,49,43,43,44,44,37,37,36,37,20,20,0],"gold":163,"neow_bonus":"TEN_PERCENT_HP_BONUS","is_prod":false,"is_daily":false,"chose_seed":false,"campfire_upgraded":2,"win_rate":0,"timestamp":1556751340,"path_taken":["M","?","M","M","$","E","R","M","T","E","?","M","E","M","R","BOSS"],"build_version":"2019-01-23","purchased_purges":1,"victory":false,"max_hp_per_floor":[82,82,82,82,82,82,82,82,82,82,82,82,82,82,82,82],"card_choices":[{"not_picked":["Rage","Second Wind"],"picked":"Thunderclap","floor":1},{"not_picked":["Heavy Blade","Headbutt"],"picked":"Dropkick","floor":3},{"not_picked":["Feel No Pain","Searing Blow"],"picked":"Shockwave","floor":4},{"not_picked":["Rupture","Iron Wave"],"picked":"Whirlwind","floor":6},{"not_picked":["Wild Strike","Flex","Thunderclap"],"picked":"SKIP","floor":8},{"not_picked":["Armaments","Perfected Strike"],"picked":"Disarm","floor":10},{"not_picked":["Bludgeon","Anger","Twin Strike"],"picked":"Spot Weakness","floor":12},{"not_picked":["Warcry","Dual Wield","Entrench"],"picked":"True Grit","floor":13},{"not_picked":["Havoc","Anger","Armaments"],"picked":"Metallicize","floor":14}],"player_experience":1375851,"relics_obtained":[{"floor":6,"key":"Gambling Chip"},{"floor":10,"key":"Question Card"},{"floor":13,"key":"Centennial Puzzle"}],"event_choices":[{"damage_healed":0,"gold_gain":0,"player_choice":"Entered Light","damage_taken":25,"max_hp_gain":0,"max_hp_loss":0,"event_name":"Shining Light","floor":2,"gold_loss":0,"cards_upgraded":["Defend_R","Strike_R"]},{"cards_removed":["Strike_R"],"damage_healed":0,"gold_gain":0,"player_choice":"Purged","damage_taken":0,"max_hp_gain":0,"max_hp_loss":0,"event_name":"Purifier","floor":11,"gold_loss":0}],"is_beta":false,"boss_relics":[],"items_purged_floors":[5],"is_endless":false,"potions_floor_spawned":[1,6,10,12],"killed_by":"Slime Boss","ascension_level":15}