{"gold_per_floor":[113,113,37,52,2,2,2,2,2,20,38,66,66,78,78,175,205,221,72,72,87,103,138,138,149,202,213,232,243,243,261,261,361,361,372,372,72,86,105,105,205,205,205,231,81,115,125,140,140,140],"floor_reached":51,"playtime":4518,"items_purged":["Defend_G","Strike_G"],"score":706,"play_id":"028a99f4-0ad6-4993-be4a-ee566490e193","local_time":"20180624130604","is_ascension_mode":false,"campfire_choices":[{"data":"Dagger Spray","floor":6,"key":"SMITH"},{"data":"Deadly Poison","floor":8,"key":"SMITH"},{"data":"Finisher","floor":13,"key":"SMITH"},{"floor":15,"key":"REST"},{"floor":24,"key":"REST"},{"floor":30,"key":"REST"},{"floor":32,"key":"REST"},{"floor":40,"key":"REST"},{"data":"Die Die Die","floor":42,"key":"SMITH"},{"floor":49,"key":"REST"}],"neow_cost":"NONE","seed_source_timestamp":606549196701769,"circlet_count":0,"master_deck":["Defend_G","Defend_G+1","Defend_G","Defend_G","Strike_G","Strike_G","Strike_G","Survivor+1","Neutralize","Sucker Punch","Deadly Poison+1","Dagger Spray+1","Poisoned Stab","Masterful Stab","Backflip+1","Finisher+1","Unload","Die Die Die+1","Malaise","Prepared+1","Deadly Poison","Dagger Throw","Endless Agony","Well Laid Plans+1","Eviscerate","Backflip+1","Endless Agony+1","Flying Knee","Underhanded Strike+1","Slice+1","Infinite Blades","Phantasmal Killer","Dagger Throw+1","Neutralize","Trip","Leg Sweep+1","Quick Slash+1","Flying Knee+1","Tactician+1","Acrobatics+1","Dagger Throw"],"relics":["Ring of the Snake","War Paint","Regal Pillow","Unceasing Top","Gambling Chip","Tiny House","Mercury Hourglass","Ancient Tea Set","Velvet Choker","Incense Burner","Meat on the Bone","Ice Cream","Toxic Egg 2"],"potions_floor_usage":[16,23,23,33,33,33,46,50,50,50],"damage_taken":[{"damage":0,"enemies":"2 Louse","floor":1,"turns":3},{"damage":0,"enemies":"Jaw Worm","floor":4,"turns":3},{"damage":0,"enemies":"Small Slimes","floor":10,"turns":2},{"damage":4,"enemies":"Blue Slaver","floor":11,"turns":3},{"damage":2,"enemies":"Lagavulin","floor":12,"turns":6},{"damage":14,"enemies":"Large Slime","floor":14,"turns":6},{"damage":29,"enemies":"Hexaghost","floor":16,"turns":8},{"damage":15,"enemies":"Spheric Guardian","floor":18,"turns":6},{"damage":0,"enemies":"3 Byrds","floor":21,"turns":4},{"damage":21,"enemies":"Snake Plant","floor":22,"turns":5},{"damage":20,"enemies":"Gremlin Leader","floor":23,"turns":7},{"damage":0,"enemies":"3 Cultists","floor":25,"turns":4},{"damage":13,"enemies":"Cultist and Chosen","floor":27,"turns":5},{"damage":9,"enemies":"Centurion and Healer","floor":28,"turns":3},{"damage":1,"enemies":"Snecko","floor":29,"turns":3},{"damage":10,"enemies":"Snake Plant","floor":31,"turns":4},{"damage":18,"enemies":"Collector","floor":33,"turns":3},{"damage":0,"enemies":"3 Shapes","floor":35,"turns":2},{"damage":7,"enemies":"Orb Walker","floor":38,"turns":2},{"damage":30,"enemies":"Sphere and 2 Shapes","floor":39,"turns":4},{"damage":41,"enemies":"Nemesis","floor":44,"turns":7},{"damage":20,"enemies":"Giant Head","floor":46,"turns":8},{"damage":15,"enemies":"4 Shapes","floor":47,"turns":1},{"damage":0,"enemies":"3 Darklings","floor":48,"turns":3},{"damage":66,"enemies":"Donu and Deca","floor":50,"turns":9}],"seed_played":"8688210807098106660","potions_obtained":[{"floor":10,"key":"GamblersBrew"},{"floor":17,"key":"SteroidPotion"},{"floor":22,"key":"SkillPotion"},{"floor":25,"key":"AttackPotion"},{"floor":28,"key":"SteroidPotion"},{"floor":31,"key":"Swift Potion"},{"floor":33,"key":"Explosive Potion"},{"floor":39,"key":"SteroidPotion"},{"floor":46,"key":"Block Potion"},{"floor":47,"key":"Weak Potion"},{"floor":48,"key":"GhostInAJar"}],"is_trial":false,"path_per_floor":["M","?","$","M","?","R","?","R","T","M","M","E","R","M","R","B",null,"M","$","?","M","M","E","R","M","T","M","M","M","R","M","R","B",null,"M","?","$","M","M","R","?","R","T","E","$","E","M","M","R","B"],"character_chosen":"THE_SILENT","items_purchased":["Deadly Poison","Dagger Spray","Deadly Poison","Dagger Throw","Incense Burner","Block Potion"],"campfire_rested":6,"item_purchase_floors":[3,3,19,19,37,45],"current_hp_per_floor":[70,70,70,70,70,70,52,52,52,52,48,46,46,32,68,39,75,60,60,60,60,39,19,56,56,56,43,34,33,70,60,75,57,75,75,75,75,68,38,75,75,75,75,46,46,38,35,47,75,21],"gold":140,"neow_bonus":"RANDOM_COMMON_RELIC","is_prod":false,"is_daily":false,"chose_seed":false,"campfire_upgraded":4,"win_rate":0.0,"timestamp":1529859964,"path_taken":["M","?","$","M","?","R","?","R","T","M","M","E","R","M","R","BOSS","M","$","?","M","?","E","R","M","T","M","M","M","R","M","R","BOSS","M","?","$","M","M","R","?","R","T","E","$","E","M","M","R","BOSS"],"build_version":"2018-06-21v2","purchased_purges":2,"victory":true,"max_hp_per_floor":[70,70,70,70,70,70,70,70,70,70,70,70,70,70,70,70,75,75,75,75,75,75,75,75,75,75,75,75,75,75,75,75,75,75,75,75,75,75,75,75,75,75,75,75,75,75,75,75,75,75],"card_choices":[{"not_picked":["Dodge and Roll","Leg Sweep"],"picked":"Sucker Punch","floor":1},{"not_picked":["Prepared","Sucker Punch"],"picked":"Poisoned Stab","floor":4},{"not_picked":["Glass Knife","Slice"],"picked":"Masterful Stab","floor":10},{"not_picked":["Dagger Spray","Eviscerate"],"picked":"Backflip","floor":11},{"not_picked":["Sucker Punch","Backflip"],"picked":"Finisher","floor":12},{"not_picked":["Choke","Dodge and Roll"],"picked":"Unload","floor":14},{"not_picked":["Glass Knife","Burst"],"picked":"Die Die Die","floor":16},{"not_picked":["Flechettes","Finisher"],"picked":"Malaise","floor":17},{"not_picked":["Acrobatics","Backflip"],"picked":"Prepared+1","floor":18},{"not_picked":["Leg Sweep","Acrobatics"],"picked":"Well Laid Plans+1","floor":21},{"not_picked":["Acrobatics","Deadly Poison"],"picked":"Eviscerate","floor":22},{"not_picked":["Malaise+1","Skewer"],"picked":"Backflip+1","floor":23},{"not_picked":["Caltrops","Distraction"],"picked":"Endless Agony+1","floor":25},{"not_picked":["Bouncing Flask+1","Heel Hook"],"picked":"Flying Knee","floor":27},{"not_picked":["All Out Attack","Sucker Punch"],"picked":"Underhanded Strike+1","floor":28},{"not_picked":["Deflect+1","Dagger Spray+1"],"picked":"Slice+1","floor":29},{"not_picked":["Deadly Poison","Crippling Poison"],"picked":"Infinite Blades","floor":31},{"not_picked":["Doppelganger","Envenom"],"picked":"Phantasmal Killer","floor":33},{"not_picked":["Dash","Blur+1"],"picked":"Dagger Throw+1","floor":35},{"not_picked":["Calculated Gamble+1","Deflect"],"picked":"Leg Sweep+1","floor":38},{"not_picked":["Prepared+1","Underhanded Strike"],"picked":"Quick Slash+1","floor":39},{"not_picked":["Dash","PiercingWail"],"picked":"Flying Knee+1","floor":44},{"not_picked":["Outmaneuver+1","Dodge and Roll+1"],"picked":"Tactician","floor":46},{"not_picked":["Flying Knee","Slice"],"picked":"Acrobatics+1","floor":47},{"not_picked":["Underhanded Strike","Dodge and Roll+1"],"picked":"Dagger Throw","floor":48}],"player_experience":9271,"relics_obtained":[{"floor":9,"key":"Unceasing Top"},{"floor":12,"key":"Gambling Chip"},{"floor":23,"key":"Mercury Hourglass"},{"floor":26,"key":"Ancient Tea Set"},{"floor":43,"key":"Meat on the Bone"},{"floor":44,"key":"Ice Cream"},{"floor":46,"key":"Toxic Egg 2"}],"event_choices":[{"event_name":"Liars Game","player_choice":"disagreed","floor":2,"damage_taken":0},{"event_name":"The Cleric","player_choice":"Card Removal","floor":5,"damage_taken":0},{"event_name":"Scrap Ooze","player_choice":"success","floor":7,"damage_taken":18},{"event_name":"The Library","player_choice":"Read","floor":20,"damage_taken":0},{"event_name":"Match and Keep!","player_choice":"2 cards matched","floor":36,"damage_taken":0},{"event_name":"Golden Shrine","player_choice":"Pray","floor":41,"damage_taken":0}],"boss_relics":[{"not_picked":["Black Star","Coffee Dripper"],"picked":"Tiny House"},{"not_picked":["Calling Bell","Eternal Feather"],"picked":"Velvet Choker"}],"items_purged_floors":[19,45],"is_endless":false,"potions_floor_spawned":[10,22,25,28,31,33,39,46,47,48],"ascension_level":0}