{"gold_per_floor":[119,99,109,122,137,137,169,169,194,194,224,241,254,270,270,370,370,388,388,65,83,102,130,130,160,160,187,187,187,203,1,1,1],"floor_reached":33,"playtime":5897,"items_purged":["Bash","Defend_R"],"score":415,"play_id":"508fd595-a007-4958-892b-63b5e1fd8c2f","local_time":"20190505202143","is_ascension_mode":true,"campfire_choices":[{"data":"Spot Weakness","floor":6,"key":"SMITH"},{"floor":8,"key":"REST"},{"data":"Shrug It Off","floor":10,"key":"SMITH"},{"floor":15,"key":"REST"},{"data":"Feed","floor":24,"key":"SMITH"},{"data":"Shrug It Off","floor":28,"key":"SMITH"},{"data":"Perfected Strike","floor":32,"key":"SMITH"}],"neow_cost":"PERCENT_DAMAGE","seed_source_timestamp":196488743668,"circlet_count":0,"master_deck":["Strike_R","Strike_R","Strike_R+1","Strike_R","Strike_R+1","Defend_R","Defend_R+1","Defend_R+1","Shrug It Off+1","Spot Weakness+1","Perfected Strike+1","Shrug It Off+1","Cleave","Feed+1","Armaments+1","Whirlwind+1","Warcry","Warcry+1","Decay","True Grit+1"],"relics":["Burning Blood","Du-Vu Doll","Pen Nib","Bronze Scales","War Paint","Coffee Dripper","Enchiridion","Pear","Ancient Tea Set","Gremlin Horn","Meat on the Bone","Whetstone"],"potions_floor_usage":[7,16,16,16,27,30,31],"damage_taken":[{"damage":8,"enemies":"Jaw Worm","floor":1,"turns":4},{"damage":1,"enemies":"Cultist","floor":3,"turns":3},{"damage":8,"enemies":"Small Slimes","floor":4,"turns":3},{"damage":16,"enemies":"Exordium Wildlife","floor":5,"turns":4},{"damage":32,"enemies":"Lagavulin","floor":7,"turns":5},{"damage":29,"enemies":"Gremlin Nob","floor":11,"turns":4},{"damage":0,"enemies":"Exordium Thugs","floor":12,"turns":4},{"damage":6,"enemies":"Lots of Slimes","floor":13,"turns":4},{"damage":0,"enemies":"Blue Slaver","floor":14,"turns":3},{"damage":17,"enemies":"Slime Boss","floor":16,"turns":10},{"damage":0,"enemies":"Spheric Guardian","floor":18,"turns":3},{"damage":11,"enemies":"2 Thieves","floor":21,"turns":4},{"damage":14,"enemies":"Centurion and Healer","floor":22,"turns":6},{"damage":17,"enemies":"Book of Stabbing","floor":23,"turns":6},{"damage":21,"enemies":"Gremlin Leader","floor":25,"turns":4},{"damage":44,"enemies":"Book of Stabbing","floor":27,"turns":6},{"damage":5,"enemies":"Shelled Parasite and Fungi","floor":30,"turns":3},{"damage":48,"enemies":"Automaton","floor":33,"turns":10}],"seed_played":"-2953187651982021554","potions_obtained":[{"floor":2,"key":"Dexterity Potion"},{"floor":4,"key":"Poison Potion"},{"floor":5,"key":"GamblersBrew"},{"floor":12,"key":"GamblersBrew"},{"floor":22,"key":"SpeedPotion"},{"floor":30,"key":"Fruit Juice"}],"is_trial":false,"path_per_floor":["M","?","M","M","M","R","E","R","T","R","E","M","M","M","R","B",null,"M","?","$","M","M","E","R","E","T","E","R","?","M","$","R","B"],"character_chosen":"IRONCLAD","items_purchased":["Pear","Fruit Juice"],"campfire_rested":2,"item_purchase_floors":[20,31],"current_hp_per_floor":[54,54,59,57,47,47,21,45,45,45,22,28,28,34,58,47,80,83,67,77,72,68,61,61,46,46,20,20,20,42,47,47,0],"gold":1,"neow_bonus":"ONE_RARE_RELIC","is_prod":false,"is_daily":false,"chose_seed":false,"campfire_upgraded":5,"win_rate":0,"timestamp":1557102103,"path_taken":["M","?","?","M","M","R","E","R","T","R","E","M","M","M","R","BOSS","M","?","$","M","M","E","R","E","T","E","R","?","M","?","R","BOSS"],"build_version":"2019-01-23","purchased_purges":2,"victory":false,"max_hp_per_floor":[80,80,80,80,80,80,80,80,80,80,80,80,80,80,80,80,80,83,83,93,93,97,101,101,101,101,101,101,101,110,115,115,115],"card_choices":[{"not_picked":["Pommel Strike","Reckless Charge"],"picked":"Shrug It Off","floor":1},{"not_picked":["Heavy Blade","Body Slam"],"picked":"Spot Weakness","floor":3},{"not_picked":["Iron Wave","Thunderclap","Spot Weakness"],"picked":"SKIP","floor":4},{"not_picked":["Wild Strike","Power Through","Brutality"],"picked":"SKIP","floor":5},{"not_picked":["Bloodletting","Power Through"],"picked":"Perfected Strike","floor":7},{"not_picked":["Pummel","Rupture","Pommel Strike"],"picked":"SKIP","floor":11},{"not_picked":["Reckless Charge","Corruption"],"picked":"Shrug It Off","floor":12},{"not_picked":["Sword Boomerang","Intimidate"],"picked":"Cleave","floor":13},{"not_picked":["Entrench","Clash","Thunderclap"],"picked":"SKIP","floor":14},{"not_picked":["Berserk","Exhume"],"picked":"Feed","floor":16},{"not_picked":["Sword Boomerang","Cleave"],"picked":"Armaments+1","floor":18},{"not_picked":["Headbutt","Feel No Pain","Clothesline"],"picked":"SKIP","floor":21},{"not_picked":["Twin Strike","Iron Wave+1"],"picked":"Whirlwind+1","floor":22},{"not_picked":["Corruption+1","Thunderclap"],"picked":"Warcry","floor":23},{"not_picked":["Power Through+1","Feel No Pain"],"picked":"Warcry+1","floor":25},{"not_picked":["Clash","Wild Strike","Shockwave+1"],"picked":"SKIP","floor":27},{"not_picked":["Pummel","Heavy Blade"],"picked":"True Grit+1","floor":30}],"player_experience":220662,"relics_obtained":[{"floor":7,"key":"Pen Nib"},{"floor":9,"key":"Bronze Scales"},{"floor":11,"key":"War Paint"},{"floor":19,"key":"Enchiridion"},{"floor":23,"key":"Ancient Tea Set"},{"floor":25,"key":"Gremlin Horn"},{"floor":26,"key":"Meat on the Bone"},{"floor":27,"key":"Whetstone"}],"event_choices":[{"damage_healed":0,"gold_gain":0,"player_choice":"Bought 1 Potion","damage_taken":0,"max_hp_gain":0,"max_hp_loss":0,"event_name":"The Woman in Blue","floor":2,"gold_loss":0},{"damage_healed":0,"gold_gain":0,"player_choice":"Obtained Book","damage_taken":16,"max_hp_gain":0,"max_hp_loss":0,"event_name":"Cursed Tome","floor":19,"gold_loss":0},{"damage_healed":0,"gold_gain":0,"player_choice":"Smashed Altar","damage_taken":0,"max_hp_gain":0,"max_hp_loss":0,"event_name":"Forgotten Altar","floor":29,"gold_loss":0,"cards_obtained":["Decay"]}],"is_beta":false,"boss_relics":[{"not_picked":["Lizard Tail","Philosopher\u0027s Stone"],"picked":"Coffee Dripper"}],"items_purged_floors":[20,31],"is_endless":false,"potions_floor_spawned":[4,5,12,13,22,30],"killed_by":"Automaton","ascension_level":3}