{"gold_per_floor":[109,259,59,69,144,144,178,178,178,195,222,222,237,109,109,185,185,195,211,211,227,62,62,88,138,138,165,188,200,76,140,140,140],"floor_reached":33,"playtime":1556,"items_purged":["Doubt"],"score":697,"play_id":"5af5f959-6bf9-41d5-ad36-72a740e24814","local_time":"20190520171325","is_ascension_mode":true,"campfire_choices":[{"data":"Apotheosis","floor":6,"key":"SMITH"},{"data":"Neutralize","floor":8,"key":"SMITH"},{"data":"Acrobatics","floor":15,"key":"SMITH"},{"data":"A Thousand Cuts","floor":23,"key":"SMITH"},{"floor":29,"key":"REST"},{"floor":32,"key":"REST"}],"neow_cost":"NONE","seed_source_timestamp":246231912888093,"circlet_count":0,"master_deck":["AscendersBane","Defend_G","Defend_G","Defend_G","Defend_G","Defend_G","Strike_G","Strike_G","Strike_G","Strike_G","Strike_G","Survivor","Neutralize+1","Poisoned Stab","Apotheosis+1","Predator","A Thousand Cuts+1","Deflect","PiercingWail","Acrobatics+1","PiercingWail","Adrenaline","PiercingWail","Concentrate+1","Backflip","Acrobatics","Noxious Fumes","Caltrops"],"relics":["Ring of the Snake","NeowsBlessing","Oddly Smooth Stone","Pear","Happy Flower","Black Star","Bronze Scales","Question Card","Orichalcum","Unceasing Top","MawBank","Centennial Puzzle","Tiny Chest","Gremlin Horn"],"potions_floor_usage":[16,24,24,31,31,33],"damage_taken":[{"damage":0,"enemies":"2 Louse","floor":1,"turns":1},{"damage":0,"enemies":"Jaw Worm","floor":4,"turns":1},{"damage":0,"enemies":"Gremlin Nob","floor":7,"turns":1},{"damage":0,"enemies":"Small Slimes","floor":10,"turns":5},{"damage":13,"enemies":"Lagavulin","floor":11,"turns":9},{"damage":0,"enemies":"3 Louse","floor":13,"turns":4},{"damage":12,"enemies":"Slime Boss","floor":16,"turns":14},{"damage":16,"enemies":"Spheric Guardian","floor":18,"turns":7},{"damage":3,"enemies":"Shell Parasite","floor":19,"turns":9},{"damage":6,"enemies":"Snake Plant","floor":21,"turns":5},{"damage":23,"enemies":"Gremlin Leader","floor":24,"turns":7},{"damage":11,"enemies":"Book of Stabbing","floor":27,"turns":7},{"damage":0,"enemies":"3 Cultists","floor":28,"turns":5},{"damage":30,"enemies":"Slavers","floor":31,"turns":7},{"damage":46,"enemies":"Collector","floor":33,"turns":8}],"seed_played":"1655479171455491078","potions_obtained":[{"floor":4,"key":"SpeedPotion"},{"floor":11,"key":"PowerPotion"},{"floor":18,"key":"Poison Potion"},{"floor":24,"key":"Fruit Juice"},{"floor":27,"key":"SpeedPotion"},{"floor":31,"key":"FearPotion"}],"is_trial":false,"path_per_floor":["M","?","$","M","?","R","E","R","T","M","E","?","M","$","R","B",null,"M","M","?","M","$","R","E","?","T","E","M","R","$","E","R","B"],"character_chosen":"THE_SILENT","items_purchased":["Apotheosis","PiercingWail","Bronze Scales","Acrobatics","Noxious Fumes"],"campfire_rested":2,"item_purchase_floors":[3,14,22,30,30],"current_hp_per_floor":[59,59,59,59,48,48,48,48,58,58,45,50,50,50,50,38,70,54,51,51,45,45,45,22,22,22,11,11,35,35,10,35,0],"gold":140,"neow_bonus":"THREE_ENEMY_KILL","is_prod":false,"is_daily":false,"chose_seed":false,"campfire_upgraded":4,"win_rate":0,"timestamp":1558386805,"path_taken":["M","?","$","M","?","R","E","R","T","M","E","?","M","$","R","BOSS","M","M","?","M","$","R","E","?","T","E","M","R","?","E","R","BOSS"],"build_version":"2019-01-23","purchased_purges":1,"victory":false,"max_hp_per_floor":[66,66,66,66,66,66,66,66,76,76,76,81,81,81,81,81,81,81,81,81,81,81,81,81,81,81,81,81,81,81,86,86,86],"card_choices":[{"not_picked":["Backflip","Bane"],"picked":"Poisoned Stab","floor":1},{"not_picked":["Deflect","Underhanded Strike"],"picked":"Predator","floor":4},{"not_picked":["Dodge and Roll","Slice"],"picked":"A Thousand Cuts","floor":7},{"not_picked":["Outmaneuver","Calculated Gamble"],"picked":"Deflect","floor":10},{"not_picked":["Dagger Throw","Concentrate"],"picked":"PiercingWail","floor":11},{"not_picked":["Underhanded Strike","Distraction"],"picked":"Acrobatics","floor":13},{"not_picked":["Burst","Doppelganger"],"picked":"Adrenaline","floor":16},{"not_picked":["Predator","Blade Dance","Skewer"],"picked":"SKIP","floor":18},{"not_picked":["Blade Dance","Quick Slash+1"],"picked":"PiercingWail","floor":19},{"not_picked":["Bane","Underhanded Strike","Flechettes"],"picked":"SKIP","floor":21},{"not_picked":["Cloak And Dagger","Dagger Spray"],"picked":"Concentrate+1","floor":24},{"not_picked":["Flying Knee","Deflect","Blade Dance"],"picked":"Backflip","floor":27},{"not_picked":["Skewer","Dagger Spray","Sucker Punch","Underhanded Strike"],"picked":"SKIP","floor":28},{"not_picked":["Slice","Infinite Blades","Terror"],"picked":"Caltrops","floor":31}],"player_experience":1430279,"relics_obtained":[{"floor":7,"key":"Oddly Smooth Stone"},{"floor":9,"key":"Pear"},{"floor":11,"key":"Happy Flower"},{"floor":24,"key":"Question Card"},{"floor":24,"key":"Orichalcum"},{"floor":26,"key":"Unceasing Top"},{"floor":27,"key":"MawBank"},{"floor":27,"key":"Centennial Puzzle"},{"floor":31,"key":"Tiny Chest"},{"floor":31,"key":"Gremlin Horn"}],"event_choices":[{"damage_healed":0,"gold_gain":150,"player_choice":"AGREE","damage_taken":0,"max_hp_gain":0,"max_hp_loss":0,"event_name":"Liars Game","floor":2,"gold_loss":0,"cards_obtained":["Doubt"]},{"damage_healed":0,"gold_gain":75,"player_choice":"Gather Gold","damage_taken":11,"max_hp_gain":0,"max_hp_loss":0,"event_name":"World of Goop","floor":5,"gold_loss":0},{"damage_healed":0,"gold_gain":0,"player_choice":"Donut","damage_taken":0,"max_hp_gain":5,"max_hp_loss":0,"event_name":"Big Fish","floor":12,"gold_loss":0},{"damage_healed":0,"gold_gain":0,"player_choice":"Ignored","damage_taken":0,"max_hp_gain":0,"max_hp_loss":0,"event_name":"The Mausoleum","floor":20,"gold_loss":0},{"damage_healed":0,"gold_gain":50,"player_choice":"Stole From Cult","damage_taken":0,"max_hp_gain":0,"max_hp_loss":0,"event_name":"Nest","floor":25,"gold_loss":0}],"is_beta":false,"boss_relics":[{"not_picked":["Busted Crown","Orrery"],"picked":"Black Star"}],"items_purged_floors":[14],"is_endless":false,"potions_floor_spawned":[4,11,18,24,27,31],"killed_by":"Collector","ascension_level":20}