{"gold_per_floor":[99,99,99,31,31,31,31,31,31,31,31,31,31,31,31,31,31,31,31,31,31,31,31],"floor_reached":23,"playtime":1070,"items_purged":[],"score":282,"play_id":"45a871e8-45bc-4256-b024-0b9750cafa8b","local_time":"20180814134513","is_ascension_mode":false,"campfire_choices":[{"data":"Rampage","floor":6,"key":"SMITH"},{"data":"Bash","floor":8,"key":"SMITH"},{"data":"Spot Weakness","floor":11,"key":"SMITH"},{"data":"Whirlwind","floor":15,"key":"SMITH"}],"neow_cost":"NONE","seed_source_timestamp":218121177922196,"circlet_count":0,"master_deck":["Strike_R","Strike_R","Strike_R","Strike_R","Strike_R","Defend_R","Defend_R","Defend_R","Defend_R","Bash+1","Battle Trance","Battle Trance","Rampage+1","Spot Weakness+1","Headbutt","Fiend Fire","Warcry","Whirlwind+1","Thunderclap","Double Tap","Warcry+1","Armaments","Barricade","Armaments","Clothesline"],"relics":["Ectoplasm"],"potions_floor_usage":[5,7,10,19,21,23,23,23,23],"damage_taken":[{"damage":0,"enemies":"2 Louse","floor":1,"turns":4},{"damage":0,"enemies":"Small Slimes","floor":2,"turns":4},{"damage":5,"enemies":"Cultist","floor":3,"turns":4},{"damage":9,"enemies":"Gremlin Gang","floor":5,"turns":5},{"damage":7,"enemies":"Lagavulin","floor":7,"turns":7},{"damage":0,"enemies":"Gremlin Nob","floor":10,"turns":2},{"damage":0,"enemies":"2 Fungi Beasts","floor":13,"turns":2},{"damage":7,"enemies":"Blue Slaver","floor":14,"turns":3},{"damage":0,"enemies":"Slime Boss","floor":16,"turns":6},{"damage":10,"enemies":"Spheric Guardian","floor":18,"turns":3},{"damage":0,"enemies":"2 Thieves","floor":19,"turns":1},{"damage":6,"enemies":"Centurion and Healer","floor":20,"turns":5},{"damage":29,"enemies":"Sentry and Sphere","floor":21,"turns":5},{"damage":16,"enemies":"Chosen and Byrds","floor":22,"turns":5},{"damage":27,"enemies":"Book of Stabbing","floor":23,"turns":4}],"seed_played":"-1813572793358839093","potions_obtained":[{"floor":3,"key":"Fruit Juice"},{"floor":5,"key":"SkillPotion"},{"floor":7,"key":"Poison Potion"},{"floor":10,"key":"Explosive Potion"},{"floor":16,"key":"SteroidPotion"},{"floor":22,"key":"EntropicBrew"}],"is_trial":false,"path_per_floor":["M","M","M","$","M","R","E","R","T","E","R","?","M","M","R","B",null,"M","M","M","M","M"],"character_chosen":"IRONCLAD","items_purchased":["Spot Weakness"],"campfire_rested":0,"item_purchase_floors":[4],"current_hp_per_floor":[80,80,75,75,71,71,64,64,64,64,64,64,64,57,57,57,85,75,75,69,40,24,0],"gold":31,"neow_bonus":"BOSS_RELIC","is_prod":false,"is_daily":false,"chose_seed":false,"campfire_upgraded":4,"win_rate":0,"timestamp":1534268713,"path_taken":["M","M","M","$","M","R","E","R","T","E","R","?","M","M","R","BOSS","M","M","M","M","M","E"],"build_version":"2018-08-09","purchased_purges":0,"victory":false,"max_hp_per_floor":[80,80,80,80,85,85,85,85,85,85,85,85,85,85,85,85,85,85,85,85,85,85,85],"card_choices":[{"not_picked":["Havoc","True Grit"],"picked":"Battle Trance","floor":1},{"not_picked":["Twin Strike","Clash"],"picked":"Battle Trance","floor":2},{"not_picked":["Armaments","Bloodletting"],"picked":"Rampage","floor":3},{"not_picked":["Wild Strike","Cleave"],"picked":"Headbutt","floor":5},{"not_picked":["Cleave","Combust"],"picked":"Fiend Fire","floor":7},{"not_picked":["Heavy Blade","Havoc"],"picked":"Warcry","floor":10},{"not_picked":["Flex","Blood for Blood"],"picked":"Whirlwind","floor":13},{"not_picked":["Intimidate","Sever Soul"],"picked":"Thunderclap","floor":14},{"not_picked":["Berserk","Dark Embrace"],"picked":"Double Tap","floor":16},{"not_picked":["Anger","Havoc+1"],"picked":"Warcry+1","floor":18},{"not_picked":["Cleave","Twin Strike+1"],"picked":"Armaments","floor":19},{"not_picked":["Twin Strike","Intimidate"],"picked":"Barricade","floor":20},{"not_picked":["Iron Wave","Corruption"],"picked":"Armaments","floor":21},{"not_picked":["Sword Boomerang","Thunderclap+1"],"picked":"Clothesline","floor":22}],"player_experience":499706,"relics_obtained":[],"event_choices":[{"event_name":"Liars Game","player_choice":"disagreed","floor":12,"damage_taken":0}],"is_beta":false,"boss_relics":[{"not_picked":["Lizard Tail","Runic Dome","Pandora\u0027s Box"]}],"items_purged_floors":[],"is_endless":false,"potions_floor_spawned":[3,5,7,10,16,22],"killed_by":"Book of Stabbing","ascension_level":0}