{"gold_per_floor":[119,119,44,119,294,325,325,37,37,2,25,25,50,63,63,191,191,214,230,230,80,104,104],"floor_reached":23,"playtime":2253,"items_purged":["Injury","Doubt"],"score":210,"play_id":"5a1fb3de-25a9-4004-a1c4-98db3dc9b63b","local_time":"20180701204559","is_ascension_mode":true,"campfire_choices":[{"data":"Venomology","floor":7,"key":"SMITH"},{"data":"Apotheosis","floor":12,"key":"SMITH"},{"floor":15,"key":"REST"}],"neow_cost":"","seed_source_timestamp":166280458884841,"circlet_count":0,"master_deck":["Defend_G","Defend_G","Defend_G","Defend_G","Defend_G","Strike_G","Strike_G","Strike_G","Strike_G","Strike_G","Survivor","Neutralize","Backflip","Venomology+1","Apotheosis+1","Dagger Throw","Quick Slash","Adrenaline","Deflect+1","Adrenaline","Outmaneuver"],"relics":["Ring of the Snake","Golden Idol","Letter Opener","Meat on the Bone","Black Star"],"potions_floor_usage":[13,14,16,16,16,18,20,22,23,23],"damage_taken":[{"damage":1,"enemies":"Small Slimes","floor":1,"turns":4},{"damage":21,"enemies":"3 Sentries","floor":6,"turns":16},{"damage":0,"enemies":"2 Louse","floor":11,"turns":3},{"damage":0,"enemies":"Jaw Worm","floor":13,"turns":3},{"damage":0,"enemies":"3 Louse","floor":14,"turns":2},{"damage":15,"enemies":"The Guardian","floor":16,"turns":11},{"damage":2,"enemies":"Shell Parasite","floor":18,"turns":7},{"damage":17,"enemies":"Spheric Guardian","floor":19,"turns":6},{"damage":0,"enemies":"Slaver and Parasite","floor":20,"turns":1},{"damage":2,"enemies":"Centurion and Healer","floor":22,"turns":7},{"damage":68,"enemies":"Gremlin Leader","floor":23,"turns":11}],"seed_played":"-1109593772704933394","potions_obtained":[{"floor":1,"key":"Ancient Potion"},{"floor":6,"key":"PowerPotion"},{"floor":13,"key":"Strength Potion"},{"floor":14,"key":"PowerPotion"},{"floor":19,"key":"Energy Potion"},{"floor":22,"key":"Regen Potion"}],"is_trial":false,"path_per_floor":["M","?","$","?","?","E","R","$","T","?","M","R","M","M","R","B",null,"M","M","M","$","M"],"character_chosen":"THE_SILENT","items_purchased":["Apotheosis","Adrenaline"],"campfire_rested":1,"item_purchase_floors":[8,21],"current_hp_per_floor":[69,69,69,58,58,37,37,37,37,54,54,54,54,54,70,55,70,68,51,51,51,49,0],"gold":104,"neow_bonus":"","is_prod":false,"is_daily":false,"chose_seed":false,"campfire_upgraded":2,"win_rate":0,"timestamp":1530495959,"path_taken":["M","?","$","?","?","E","R","?","T","?","M","R","M","M","R","BOSS","M","M","?","$","M","E"],"build_version":"2018-06-28","purchased_purges":2,"victory":false,"max_hp_per_floor":[70,70,70,70,70,70,70,70,70,70,70,70,70,70,70,70,70,70,70,70,70,70,70],"card_choices":[{"not_picked":["Blade Dance","PiercingWail"],"picked":"Backflip","floor":1},{"not_picked":["Dodge and Roll","Backstab"],"picked":"Venomology","floor":6},{"not_picked":["Catalyst","Backflip"],"picked":"Dagger Throw","floor":11},{"not_picked":["Slice","Deflect"],"picked":"Quick Slash","floor":13},{"not_picked":["Eviscerate","Expertise","Slice"],"picked":"SKIP","floor":14},{"not_picked":["A Thousand Cuts","Tactician"],"picked":"Adrenaline","floor":16},{"not_picked":["Cloak And Dagger","PiercingWail+1","Slice"],"picked":"SKIP","floor":18},{"not_picked":["Heel Hook","Sucker Punch"],"picked":"Deflect+1","floor":19},{"not_picked":["Accuracy","Deflect"],"picked":"Outmaneuver","floor":22}],"player_experience":121857,"relics_obtained":[{"floor":6,"key":"Letter Opener"},{"floor":9,"key":"Meat on the Bone"}],"event_choices":[{"event_name":"Golden Idol","player_choice":"Take Wound","floor":2,"damage_taken":0},{"event_name":"World of Goop","player_choice":"Gather Gold","floor":4,"damage_taken":0},{"event_name":"Liars Game","player_choice":"agreed","floor":5,"damage_taken":0},{"event_name":"The Cleric","player_choice":"Healed","floor":10,"damage_taken":0}],"boss_relics":[{"not_picked":["Runic Dome","Snecko Eye"],"picked":"Black Star"}],"items_purged_floors":[3,8],"is_endless":false,"potions_floor_spawned":[1,6,13,14,19,20,22],"killed_by":"Gremlin Leader","ascension_level":2}