{"gold_per_floor":[115,290,304,190,202,222,251,326,372,384,384,402,402,414,414,414],"floor_reached":16,"playtime":266,"items_purged":["Doubt"],"score":104,"play_id":"d1f4d38a-a288-4710-9eea-38801427b2dd","local_time":"20180812222535","is_ascension_mode":false,"campfire_choices":[{"floor":11,"key":"REST"},{"floor":15,"key":"REST"}],"neow_cost":"NONE","seed_source_timestamp":77333009906298,"circlet_count":0,"master_deck":["Strike_R","Strike_R","Strike_R","Strike_R","Strike_R","Defend_R","Defend_R","Defend_R","Defend_R","Bash","Carnage","Cleave","Shockwave","Armaments","Sentinel","Heavy Blade","Armaments","Twin Strike","Corruption"],"special_seed":0,"relics":["Busted Crown"],"potions_floor_usage":[6],"damage_taken":[{"damage":11,"enemies":"Jaw Worm","floor":1,"turns":2},{"damage":8,"enemies":"Small Slimes","floor":3,"turns":2},{"damage":6,"enemies":"Cultist","floor":5,"turns":3},{"damage":1,"enemies":"Exordium Wildlife","floor":6,"turns":2},{"damage":11,"enemies":"Lagavulin","floor":7,"turns":6},{"damage":1,"enemies":"3 Louse","floor":10,"turns":3},{"damage":13,"enemies":"Red Slaver","floor":12,"turns":3},{"damage":3,"enemies":"Lots of Slimes","floor":14,"turns":3},{"damage":0,"enemies":"Hexaghost","floor":16,"turns":1}],"seed_played":"4342747105837289263","potions_obtained":[{"floor":1,"key":"GamblersBrew"},{"floor":3,"key":"Fire Potion"},{"floor":12,"key":"Dexterity Potion"}],"is_trial":false,"path_per_floor":["M","?","M","$","M","M","E","?","T","M","R","M","?","M","R"],"character_chosen":"IRONCLAD","items_purchased":["Shockwave"],"campfire_rested":2,"item_purchase_floors":[4],"current_hp_per_floor":[69,69,61,61,55,54,43,32,32,31,55,42,42,39,63,63],"gold":414,"neow_bonus":"BOSS_RELIC","is_prod":false,"is_daily":false,"chose_seed":false,"campfire_upgraded":0,"win_rate":0,"timestamp":1534127135,"path_taken":["M","?","M","$","?","M","E","?","T","M","R","?","?","M","R","BOSS"],"build_version":"2018-08-09","purchased_purges":1,"victory":false,"max_hp_per_floor":[80,80,80,80,80,80,80,80,80,80,80,80,80,80,80,80],"card_choices":[{"not_picked":[],"picked":"Carnage","floor":1},{"not_picked":[],"picked":"Cleave","floor":3},{"not_picked":[],"picked":"Armaments","floor":5},{"not_picked":[],"picked":"Sentinel","floor":6},{"not_picked":[],"picked":"Heavy Blade","floor":7},{"not_picked":[],"picked":"Armaments","floor":10},{"not_picked":[],"picked":"Twin Strike","floor":12},{"not_picked":[],"picked":"Corruption","floor":14}],"player_experience":497483,"relics_obtained":[],"event_choices":[{"event_name":"Liars Game","player_choice":"agreed","floor":2,"damage_taken":0},{"event_name":"World of Goop","player_choice":"Gather Gold","floor":8,"damage_taken":0},{"event_name":"Golden Idol","player_choice":"Ignored","floor":13,"damage_taken":0}],"is_beta":false,"boss_relics":[],"items_purged_floors":[4],"is_endless":false,"potions_floor_spawned":[1,3,12],"killed_by":"Hexaghost","ascension_level":0}