{"gold_per_floor":[118,118,129,141,152,152,184,213,225,266,296,335,347,372,384,500,512,541,563,575,600,612,624,651,663,675,687,699,729,771,556,556,556],"floor_reached":33,"playtime":2610,"items_purged":[],"score":455,"play_id":"195763f9-54eb-479a-9b6e-90acb429d2da","local_time":"20180729230514","is_ascension_mode":true,"campfire_choices":[{"data":"Bash","floor":6,"key":"SMITH"},{"data":"Perfected Strike","floor":15,"key":"SMITH"},{"data":"Barricade","floor":23,"key":"SMITH"},{"data":"Perfected Strike","floor":25,"key":"SMITH"},{"floor":27,"key":"REST"},{"floor":32,"key":"DIG"}],"neow_cost":"","seed_source_timestamp":1567224027942282,"circlet_count":0,"master_deck":["Strike_R","Strike_R","Strike_R","Strike_R","Strike_R","Defend_R+1","Defend_R","Defend_R","Defend_R","Bash+1","Clash+1","Pommel Strike","Disarm","Warcry","Cleave","Clothesline","Shrug It Off","Thunderclap","Headbutt","Perfected Strike+1","Barricade+1","Double Tap","Perfected Strike","Clash","Armaments","Armaments","Body Slam","Flame Barrier","Battle Trance","Intimidate","Wild Strike","Flame Barrier","Sentinel+1","Perfected Strike+1","Perfected Strike+1","Metallicize","Headbutt","Metallicize"],"relics":["Burning Blood","MawBank","Gambling Chip","Kunai","Prayer Wheel","Orrery","Smiling Mask","Shovel","Anchor","Shuriken"],"potions_floor_usage":[5,7,12,24,24,29,29,29,29,30],"damage_taken":[{"damage":4,"enemies":"Jaw Worm","floor":1,"turns":5},{"damage":1,"enemies":"Small Slimes","floor":3,"turns":2},{"damage":0,"enemies":"Cultist","floor":4,"turns":3},{"damage":10,"enemies":"Gremlin Gang","floor":5,"turns":6},{"damage":38,"enemies":"3 Sentries","floor":7,"turns":11},{"damage":7,"enemies":"Large Slime","floor":8,"turns":7},{"damage":13,"enemies":"Lagavulin","floor":10,"turns":5},{"damage":3,"enemies":"Red Slaver","floor":11,"turns":3},{"damage":15,"enemies":"Gremlin Nob","floor":12,"turns":4},{"damage":0,"enemies":"2 Fungi Beasts","floor":14,"turns":3},{"damage":21,"enemies":"The Guardian","floor":16,"turns":11},{"damage":25,"enemies":"3 Byrds","floor":18,"turns":7},{"damage":9,"enemies":"Chosen","floor":19,"turns":5},{"damage":8,"enemies":"Snake Plant","floor":21,"turns":5},{"damage":25,"enemies":"Snecko","floor":24,"turns":4},{"damage":6,"enemies":"Centurion and Healer","floor":29,"turns":3},{"damage":12,"enemies":"Slavers","floor":30,"turns":6},{"damage":59,"enemies":"Champ","floor":33,"turns":17}],"seed_played":"-1854608564885948497","potions_obtained":[{"floor":3,"key":"EssenceOfSteel"},{"floor":4,"key":"Regen Potion"},{"floor":8,"key":"Fire Potion"},{"floor":12,"key":"Ancient Potion"},{"floor":14,"key":"SteroidPotion"},{"floor":16,"key":"SkillPotion"},{"floor":19,"key":"EntropicBrew"},{"floor":29,"key":"Block Potion"}],"is_trial":false,"path_per_floor":["M","?","M","M","M","R","E","M","T","E","M","E","$","M","R","B",null,"M","M","?","M","$","R","M","R","T","R","?","M","E","$","R"],"character_chosen":"IRONCLAD","items_purchased":["Anchor","Metallicize"],"campfire_rested":1,"item_purchase_floors":[31,31],"current_hp_per_floor":[74,58,63,69,65,65,48,47,47,40,43,34,34,40,40,25,66,47,44,44,42,42,42,23,23,23,47,47,47,41,41,41,0],"gold":556,"neow_bonus":"","is_prod":false,"is_daily":false,"chose_seed":false,"campfire_upgraded":4,"win_rate":0,"timestamp":1532919914,"path_taken":["M","?","?","M","?","R","E","M","T","E","M","E","$","M","R","BOSS","M","M","?","M","$","R","M","R","T","R","?","M","E","$","R","BOSS"],"build_version":"2018-07-26","purchased_purges":0,"victory":false,"max_hp_per_floor":[80,80,80,80,80,80,80,80,80,80,80,80,80,80,80,80,80,80,80,80,80,80,80,80,80,80,80,80,80,80,80,80,80],"card_choices":[{"not_picked":["Cleave","Clothesline"],"picked":"Clash","floor":1},{"not_picked":["Clash","Flame Barrier"],"picked":"Pommel Strike","floor":3},{"not_picked":["Fire Breathing","Second Wind"],"picked":"Disarm","floor":4},{"not_picked":["Body Slam","Second Wind"],"picked":"Warcry","floor":5},{"not_picked":["Warcry","Burning Pact"],"picked":"Cleave","floor":7},{"not_picked":["Warcry","Sword Boomerang"],"picked":"Clothesline","floor":8},{"not_picked":["Rupture","Twin Strike"],"picked":"Shrug It Off","floor":10},{"not_picked":["Anger","Corruption","Brutality"],"picked":"SKIP","floor":11},{"not_picked":["Fire Breathing","Hemokinesis"],"picked":"Thunderclap","floor":12},{"not_picked":["Second Wind","Cleave"],"picked":"Headbutt","floor":14},{"not_picked":["Armaments","Cleave"],"picked":"Perfected Strike","floor":14},{"not_picked":["Juggernaut","Demon Form"],"picked":"Barricade","floor":16},{"not_picked":["Seeing Red","Twin Strike"],"picked":"Double Tap","floor":17},{"not_picked":["Clash","Sever Soul"],"picked":"Perfected Strike","floor":17},{"not_picked":["Hemokinesis","Reckless Charge"],"picked":"Clash","floor":17},{"not_picked":["Combust","Body Slam"],"picked":"Armaments","floor":17},{"not_picked":["True Grit","Warcry"],"picked":"Armaments","floor":17},{"not_picked":["Heavy Blade","Anger"],"picked":"Body Slam","floor":18},{"not_picked":["Anger+1","Inflame"],"picked":"Flame Barrier","floor":18},{"not_picked":["Cleave","True Grit"],"picked":"Battle Trance","floor":19},{"not_picked":["Heavy Blade","Bloodletting"],"picked":"Intimidate","floor":19},{"not_picked":["Heavy Blade","Feel No Pain"],"picked":"Wild Strike","floor":21},{"not_picked":["Searing Blow","Feel No Pain"],"picked":"Flame Barrier","floor":21},{"not_picked":["Bloodletting","Barricade"],"picked":"Sentinel+1","floor":24},{"not_picked":["Anger","Armaments"],"picked":"Perfected Strike","floor":24},{"not_picked":["Entrench","Body Slam+1"],"picked":"Perfected Strike+1","floor":29},{"not_picked":["Thunderclap","Limit Break"],"picked":"Metallicize","floor":29},{"not_picked":["Whirlwind","Heavy Blade"],"picked":"Headbutt","floor":30}],"player_experience":375665,"relics_obtained":[{"floor":7,"key":"MawBank"},{"floor":9,"key":"Gambling Chip"},{"floor":10,"key":"Kunai"},{"floor":12,"key":"Prayer Wheel"},{"floor":26,"key":"Smiling Mask"},{"floor":30,"key":"Shovel"},{"floor":32,"key":"Shuriken"}],"event_choices":[{"event_name":"Shining Light","player_choice":"Entered Light","floor":2,"damage_taken":0},{"event_name":"The Woman in Blue","player_choice":"Bought 0 Potions","floor":20,"damage_taken":0},{"event_name":"Drug Dealer","player_choice":"Ignored","floor":28,"damage_taken":0}],"is_beta":false,"boss_relics":[{"not_picked":["Ectoplasm","Eternal Feather"],"picked":"Orrery"}],"items_purged_floors":[],"is_endless":false,"potions_floor_spawned":[3,4,8,12,14,16,19,21,29],"killed_by":"Champ","ascension_level":8}