{"gold_per_floor":[361,211,211,3,22,51,51,79,79,105,85,105,105,125,125,200,200,219,13,13,32,32,32,363,363,387,387,413,134,144,144],"floor_reached":31,"playtime":1146,"items_purged":["Strike_B"],"score":488,"play_id":"c4673703-4c4b-4d4e-b546-dd626c0d75e9","local_time":"20181212142535","is_ascension_mode":true,"campfire_choices":[{"floor":7,"key":"REST"},{"data":"Zap","floor":13,"key":"SMITH"},{"data":"Biased Cognition","floor":15,"key":"SMITH"},{"data":"Creative AI","floor":23,"key":"SMITH"},{"data":"Hologram","floor":25,"key":"SMITH"},{"floor":27,"key":"REST"}],"neow_cost":"TEN_PERCENT_HP_LOSS","seed_source_timestamp":79002237988988,"circlet_count":0,"master_deck":["AscendersBane","Strike_B","Strike_B","Strike_B","Defend_B","Defend_B","Defend_B","Defend_B","Zap+1","Dualcast","Cold Snap","Biased Cognition+1","Auto Shields","FTL+1","Sweeping Beam+1","Sunder+1","Cold Snap+1","Sweeping Beam+1","Creative AI+1","Hologram+1","Barrage+1","Blizzard+1","Reinforced Body","Loop+1","Defragment+1"],"relics":["Cracked Core","The Courier","Molten Egg 2","Blood Vial","Gremlin Horn","Strawberry","Odd Mushroom","Philosopher\u0027s Stone","Frozen Egg 2","Sundial","Old Coin","PreservedInsect","Chemical X"],"potions_floor_usage":[8,16,30],"damage_taken":[{"damage":0,"enemies":"2 Louse","floor":1,"turns":3},{"damage":0,"enemies":"Jaw Worm","floor":5,"turns":3},{"damage":49,"enemies":"3 Sentries","floor":6,"turns":12},{"damage":12,"enemies":"Gremlin Nob","floor":8,"turns":4},{"damage":2,"enemies":"The Mushroom Lair","floor":10,"turns":3},{"damage":0,"enemies":"Small Slimes","floor":12,"turns":2},{"damage":7,"enemies":"Looter","floor":14,"turns":2},{"damage":16,"enemies":"Slime Boss","floor":16,"turns":9},{"damage":4,"enemies":"Spheric Guardian","floor":18,"turns":4},{"damage":17,"enemies":"3 Byrds","floor":21,"turns":3},{"damage":21,"enemies":"Gremlin Leader","floor":24,"turns":4},{"damage":37,"enemies":"Slavers","floor":28,"turns":4},{"damage":0,"enemies":"3 Cultists","floor":30,"turns":4},{"damage":15,"enemies":"Book of Stabbing","floor":31,"turns":2}],"seed_played":"-6302797105480647595","potions_obtained":[{"floor":6,"key":"AttackPotion"},{"floor":10,"key":"Regen Potion"},{"floor":11,"key":"SmokeBomb"},{"floor":21,"key":"Ancient Potion"}],"is_trial":false,"path_per_floor":["M","$","?","$","M","E","R","E","T","?","?","M","R","M","R","B",null,"M","$","?","M","$","R","E","R","T","R","E","$","M","E"],"character_chosen":"DEFECT","items_purchased":["Biased Cognition","Molten Egg 2","Frozen Egg 2","Chemical X","Loop+1","Block Potion"],"campfire_rested":2,"item_purchase_floors":[2,4,19,29,29,29],"current_hp_per_floor":[64,64,53,53,53,4,23,13,20,20,20,22,22,17,17,18,58,56,56,56,41,41,41,22,22,22,43,8,8,10,0],"gold":144,"neow_bonus":"TWO_FIFTY_GOLD","is_prod":false,"is_daily":false,"chose_seed":false,"campfire_upgraded":4,"win_rate":0,"timestamp":1544642735,"path_taken":["M","$","?","$","M","E","R","E","T","?","?","?","R","M","R","BOSS","M","$","?","M","?","R","E","R","T","R","E","$","?","E"],"build_version":"2018-12-06","purchased_purges":1,"victory":false,"max_hp_per_floor":[64,64,64,64,64,64,64,64,71,71,71,71,71,71,71,71,71,71,71,71,71,71,71,71,71,71,71,71,71,71,71],"card_choices":[{"not_picked":["Turbo","Recycle"],"picked":"Cold Snap","floor":1},{"not_picked":["Beam Cell+1","Redo"],"picked":"Auto Shields","floor":5},{"not_picked":["Melter+1","Redo"],"picked":"FTL+1","floor":6},{"not_picked":["Doom and Gloom+1","Auto Shields"],"picked":"Sweeping Beam+1","floor":8},{"not_picked":["Double Energy","Cold Snap+1"],"picked":"Sunder+1","floor":10},{"not_picked":["Hologram","Redo"],"picked":"Cold Snap+1","floor":12},{"not_picked":["Reinforced Body","Chaos"],"picked":"Sweeping Beam+1","floor":14},{"not_picked":["Amplify","Biased Cognition"],"picked":"Creative AI","floor":16},{"not_picked":["Melter+1","Steam"],"picked":"Hologram","floor":18},{"not_picked":["Turbo","Conserve Battery"],"picked":"Barrage+1","floor":21},{"not_picked":["Hologram","FTL+1"],"picked":"Blizzard+1","floor":24},{"not_picked":["Cold Snap+1","White Noise"],"picked":"Reinforced Body","floor":28},{"not_picked":["Stack","Lockon+1"],"picked":"Defragment+1","floor":30}],"player_experience":1267909,"relics_obtained":[{"floor":6,"key":"Blood Vial"},{"floor":8,"key":"Gremlin Horn"},{"floor":9,"key":"Strawberry"},{"floor":10,"key":"Odd Mushroom"},{"floor":24,"key":"Old Coin"},{"floor":28,"key":"PreservedInsect"}],"event_choices":[{"damage_healed":0,"gold_gain":0,"player_choice":"Success","damage_taken":11,"relics_obtained":["The Courier"],"max_hp_gain":0,"max_hp_loss":0,"event_name":"Scrap Ooze","floor":3,"gold_loss":0},{"damage_healed":0,"gold_gain":0,"player_choice":"Fought Mushrooms","damage_taken":0,"max_hp_gain":0,"max_hp_loss":0,"event_name":"Mushrooms","floor":10,"gold_loss":0},{"damage_healed":0,"gold_gain":0,"player_choice":"Bought 1 Potion","damage_taken":0,"max_hp_gain":0,"max_hp_loss":0,"event_name":"The Woman in Blue","floor":11,"gold_loss":0},{"damage_healed":0,"gold_gain":0,"player_choice":"Gave Potion","damage_taken":0,"relics_obtained":["Sundial"],"max_hp_gain":0,"max_hp_loss":0,"event_name":"WeMeetAgain","floor":20,"gold_loss":0}],"is_beta":false,"boss_relics":[{"not_picked":["Tiny House","Velvet Choker"],"picked":"Philosopher\u0027s Stone"}],"items_purged_floors":[29],"is_endless":false,"potions_floor_spawned":[6,10,12,14,21],"killed_by":"Book of Stabbing","ascension_level":15}