{"gold_per_floor":[20,95,95,108,71,96,96,110,110,110,110,128,160,160,160,259,259,270,1,11,26,26,26,26,46,71,71,22,22,22,36,36,139,139,158,6,19,31,131,131,131,31,31,31,0,0,0,17,17,17],"floor_reached":51,"playtime":4829,"items_purged":["Strike_B","Defend_B"],"score":686,"play_id":"175e331a-1286-427e-b74e-0dbe12beeed6","local_time":"20190427201532","is_ascension_mode":true,"campfire_choices":[{"data":"Zap","floor":7,"key":"SMITH"},{"data":"Turbo","floor":10,"key":"SMITH"},{"floor":15,"key":"REST"},{"data":"Seek","floor":23,"key":"SMITH"},{"data":"Biased Cognition","floor":24,"key":"SMITH"},{"floor":29,"key":"REST"},{"floor":30,"key":"REST"},{"data":"Static Discharge","floor":32,"key":"SMITH"},{"data":"Double Energy","floor":40,"key":"SMITH"},{"data":"Buffer","floor":41,"key":"SMITH"},{"data":"Thunder Strike","floor":44,"key":"SMITH"},{"data":"Tempest","floor":49,"key":"SMITH"}],"neow_cost":"NO_GOLD","seed_source_timestamp":48908211945332,"circlet_count":0,"master_deck":["Defend_B","Defend_B","Zap+1","Dualcast+1","Turbo+1","Go for the Eyes","Static Discharge+1","Self Repair","Tempest+1","Biased Cognition+1","Buffer+1","Seek+1","Steam Power+1","Conserve Battery+1","Hologram+1","Auto Shields","Reinforced Body+1","Thunder Strike+1","Hologram+1","Double Energy+1","Writhe","Redo+1"],"relics":["FrozenCore","Mango","Potion Belt","Matryoshka","WingedGreaves","Nuclear Battery","Toolbox","Orichalcum","Happy Flower","War Paint","Torii","Shuriken","Mummified Hand","Red Mask"],"potions_floor_usage":[13,16,33,33,33,50,50],"damage_taken":[{"damage":5,"enemies":"2 Louse","floor":1,"turns":3},{"damage":7,"enemies":"Jaw Worm","floor":4,"turns":3},{"damage":21,"enemies":"Lagavulin","floor":6,"turns":6},{"damage":5,"enemies":"Cultist","floor":8,"turns":4},{"damage":4,"enemies":"Blue Slaver","floor":12,"turns":3},{"damage":35,"enemies":"3 Sentries","floor":13,"turns":5},{"damage":18,"enemies":"The Guardian","floor":16,"turns":7},{"damage":7,"enemies":"Chosen","floor":18,"turns":4},{"damage":31,"enemies":"Shell Parasite","floor":20,"turns":4},{"damage":9,"enemies":"Cultist and Chosen","floor":21,"turns":5},{"damage":21,"enemies":"Snake Plant","floor":25,"turns":2},{"damage":0,"enemies":"Centurion and Healer","floor":31,"turns":4},{"damage":25,"enemies":"Collector","floor":33,"turns":13},{"damage":24,"enemies":"3 Darklings","floor":35,"turns":4},{"damage":0,"enemies":"Orb Walker","floor":37,"turns":3},{"damage":15,"enemies":"Spire Growth","floor":38,"turns":5},{"damage":19,"enemies":"Mind Bloom Boss Battle","floor":39,"turns":5},{"damage":9,"enemies":"Jaw Worm Horde","floor":48,"turns":3},{"damage":69,"enemies":"Donu and Deca","floor":50,"turns":11}],"seed_played":"-7364404909422908098","potions_obtained":[{"floor":1,"key":"FocusPotion"},{"floor":12,"key":"Dexterity Potion"},{"floor":18,"key":"AttackPotion"},{"floor":31,"key":"Strength Potion"},{"floor":33,"key":"Fire Potion"},{"floor":35,"key":"LiquidBronze"}],"is_trial":false,"path_per_floor":["M","?","T","M","$","E","R","M","T","R","?","M","E","?","R","B",null,"M","$","M","M","?","R","R","M","T","?","$","R","R","M","R","B",null,"M","$","M","M","?","R","R","$","T","R","?","?","?","M","R","B",null],"character_chosen":"DEFECT","items_purchased":["Static Discharge","Toolbox","PowerPotion","War Paint"],"campfire_rested":3,"item_purchase_floors":[5,19,28,36],"current_hp_per_floor":[70,59,73,66,66,45,45,47,47,47,52,55,27,27,55,37,94,94,94,70,68,68,68,68,47,47,28,28,57,86,93,93,75,99,82,82,82,74,62,62,62,62,62,62,62,87,87,85,85,23],"gold":17,"neow_bonus":"REMOVE_TWO","is_prod":false,"is_daily":false,"chose_seed":false,"campfire_upgraded":9,"win_rate":0,"timestamp":1556410532,"path_taken":["M","?","?","M","$","E","R","?","T","R","?","M","E","?","R","BOSS","M","$","M","M","?","R","R","M","T","?","$","R","R","M","R","BOSS","M","$","M","M","?","R","R","$","T","R","?","?","?","M","R","BOSS"],"build_version":"2019-01-23","purchased_purges":2,"victory":true,"max_hp_per_floor":[75,75,89,89,89,89,89,89,89,89,94,94,94,94,94,94,94,94,94,94,94,94,94,94,94,94,99,99,99,99,99,99,99,99,99,99,99,99,99,99,99,99,99,99,99,99,99,99,99,99],"card_choices":[{"not_picked":["Scrape","Conserve Battery"],"picked":"Turbo","floor":1},{"not_picked":["Recycle","Barrage"],"picked":"Go for the Eyes","floor":4},{"not_picked":["Ball Lightning","Steam"],"picked":"Self Repair","floor":6},{"not_picked":["Gash","Compile Driver"],"picked":"Tempest","floor":8},{"not_picked":["Beam Cell","Aggregate"],"picked":"Biased Cognition","floor":12},{"not_picked":["Reprogram","Leap"],"picked":"Buffer","floor":13},{"not_picked":["Meteor Strike","Echo Form"],"picked":"Seek","floor":16},{"not_picked":["Streamline","Cold Snap+1"],"picked":"Steam Power+1","floor":18},{"not_picked":["Steam Power+1","Fusion"],"picked":"Conserve Battery+1","floor":20},{"not_picked":["Turbo","Storm+1"],"picked":"Hologram","floor":21},{"not_picked":["Lockon+1","Chaos"],"picked":"Auto Shields","floor":25},{"not_picked":["Go for the Eyes","Auto Shields"],"picked":"Reinforced Body+1","floor":31},{"not_picked":["Core Surge","Buffer"],"picked":"Thunder Strike","floor":33},{"not_picked":["Darkness","Beam Cell+1"],"picked":"Sunder+1","floor":35},{"not_picked":["Doom and Gloom","Redo","Go for the Eyes+1"],"picked":"SKIP","floor":37},{"not_picked":["FTL","Stack"],"picked":"Hologram+1","floor":38},{"not_picked":["Cold Snap","Scrape"],"picked":"Double Energy","floor":39},{"not_picked":["Thunder Strike","Stack"],"picked":"Redo+1","floor":48}],"player_experience":168399,"relics_obtained":[{"floor":3,"key":"Mango"},{"floor":6,"key":"Potion Belt"},{"floor":9,"key":"Matryoshka"},{"floor":13,"key":"WingedGreaves"},{"floor":26,"key":"Orichalcum"},{"floor":26,"key":"Happy Flower"},{"floor":39,"key":"Torii"},{"floor":43,"key":"Shuriken"},{"floor":43,"key":"Mummified Hand"}],"event_choices":[{"damage_healed":0,"gold_gain":75,"player_choice":"Gather Gold","damage_taken":11,"max_hp_gain":0,"max_hp_loss":0,"event_name":"World of Goop","floor":2,"gold_loss":0},{"damage_healed":0,"gold_gain":0,"player_choice":"Donut","damage_taken":0,"max_hp_gain":5,"max_hp_loss":0,"event_name":"Big Fish","floor":11,"gold_loss":0},{"cards_removed":["Strike_B"],"damage_healed":0,"gold_gain":0,"player_choice":"Forget","damage_taken":0,"max_hp_gain":0,"max_hp_loss":0,"event_name":"Living Wall","floor":14,"gold_loss":0},{"cards_removed":["Strike_B"],"damage_healed":0,"gold_gain":0,"player_choice":"Elegance","damage_taken":0,"max_hp_gain":0,"max_hp_loss":0,"event_name":"Back to Basics","floor":22,"gold_loss":0},{"damage_healed":0,"gold_gain":0,"player_choice":"Shed Blood","damage_taken":24,"max_hp_gain":5,"max_hp_loss":0,"event_name":"Forgotten Altar","floor":27,"gold_loss":0},{"damage_healed":0,"gold_gain":0,"player_choice":"Fight","damage_taken":0,"max_hp_gain":0,"max_hp_loss":0,"event_name":"MindBloom","floor":39,"gold_loss":0},{"damage_healed":0,"gold_gain":0,"player_choice":"Paid","damage_taken":0,"relics_obtained":["Red Mask"],"max_hp_gain":0,"max_hp_loss":0,"event_name":"Tomb of Lord Red Mask","floor":45,"gold_loss":31},{"damage_healed":25,"gold_gain":0,"player_choice":"Writhe","damage_taken":0,"max_hp_gain":0,"max_hp_loss":0,"event_name":"Winding Halls","floor":46,"gold_loss":0,"cards_obtained":["Writhe"]},{"cards_removed":["Sunder"],"damage_healed":0,"gold_gain":0,"player_choice":"Removed Attack","damage_taken":0,"max_hp_gain":0,"max_hp_loss":0,"event_name":"Falling","floor":47,"gold_loss":0}],"is_beta":false,"boss_relics":[{"not_picked":["Busted Crown","Coffee Dripper"],"picked":"Nuclear Battery"},{"not_picked":["White Beast Statue","Snecko Eye"],"picked":"FrozenCore"}],"items_purged_floors":[19,42],"is_endless":false,"potions_floor_spawned":[1,12,18,31,33,35],"ascension_level":2}