{"gold_per_floor":[110,123,139,150,71,71,106,106,106,106,120,4,19,49,49,124,124,134,134,134,104,104,104,121,121,121,121,136,155,155,174,174,174],"floor_reached":33,"playtime":1455,"items_purged":[],"score":473,"play_id":"d70b0be8-8417-4914-b5a0-5b67576bf38a","local_time":"20190721193055","is_ascension_mode":true,"campfire_choices":[{"data":"Armaments","floor":6,"key":"SMITH"},{"floor":8,"key":"REST"},{"floor":15,"key":"REST"},{"floor":23,"key":"REST"},{"data":"True Grit","floor":25,"key":"SMITH"},{"data":"Barricade","floor":27,"key":"SMITH"},{"floor":30,"key":"REST"},{"floor":32,"key":"REST"}],"neow_cost":"NONE","seed_source_timestamp":3694035559241,"circlet_count":0,"master_deck":["AscendersBane","Bash","Heavy Blade","Sword Boomerang","Armaments+1","Sword Boomerang","Spot Weakness","Flame Barrier","Shrug It Off","Spot Weakness","Barricade+1","Warcry","Thunderclap","Pommel Strike","Sever Soul","Impervious","Shockwave","Fiend Fire","Entrench+1","Writhe","Flex+1","Clothesline","Double Tap","True Grit+1","Armaments","Body Slam+1"],"relics":["Burning Blood","Happy Flower","Bag of Marbles","Odd Mushroom","Pandora\u0027s Box","Frozen Egg 2","Turnip"],"potions_floor_usage":[2,7,16,16,28,31,31],"damage_taken":[{"damage":4,"enemies":"2 Louse","floor":1,"turns":3},{"damage":12,"enemies":"Jaw Worm","floor":2,"turns":2},{"damage":2,"enemies":"Cultist","floor":3,"turns":4},{"damage":16,"enemies":"Blue Slaver","floor":4,"turns":5},{"damage":40,"enemies":"Lagavulin","floor":7,"turns":4},{"damage":1,"enemies":"3 Louse","floor":11,"turns":3},{"damage":0,"enemies":"Looter","floor":13,"turns":3},{"damage":25,"enemies":"The Mushroom Lair","floor":14,"turns":5},{"damage":49,"enemies":"Slime Boss","floor":16,"turns":10},{"damage":19,"enemies":"Chosen","floor":18,"turns":6},{"damage":33,"enemies":"2 Thieves","floor":21,"turns":4},{"damage":4,"enemies":"Snecko","floor":24,"turns":5},{"damage":41,"enemies":"Sentry and Sphere","floor":28,"turns":8},{"damage":2,"enemies":"Centurion and Healer","floor":29,"turns":10},{"damage":30,"enemies":"3 Cultists","floor":31,"turns":5},{"damage":64,"enemies":"Automaton","floor":33,"turns":6}],"seed_played":"1060176055772377640","potions_obtained":[{"floor":1,"key":"Energy Potion"},{"floor":4,"key":"Strength Potion"},{"floor":7,"key":"GamblersBrew"},{"floor":14,"key":"Swift Potion"},{"floor":16,"key":"SteroidPotion"},{"floor":24,"key":"Explosive Potion"},{"floor":28,"key":"Energy Potion"}],"is_trial":false,"path_per_floor":["M","M","M","M","$","R","E","R","T","?","M","$","M","?","R","B",null,"M","?","?","M","?","R","M","R","T","R","M","M","R","M","R","B"],"character_chosen":"IRONCLAD","items_purchased":["Spot Weakness","Shrug It Off","Strength Potion"],"campfire_rested":5,"item_purchase_floors":[5,12,12],"current_hp_per_floor":[70,64,68,58,58,58,24,46,46,46,51,51,57,38,60,17,61,48,48,48,21,21,43,45,45,45,45,10,14,36,12,34,0],"gold":174,"neow_bonus":"THREE_CARDS","is_prod":false,"is_daily":false,"chose_seed":false,"campfire_upgraded":3,"win_rate":0,"timestamp":1563751855,"path_taken":["M","M","M","M","$","R","E","R","T","?","M","$","M","?","R","BOSS","M","?","?","?","?","R","M","R","T","R","M","M","R","M","R","BOSS"],"build_version":"2019-07-17","purchased_purges":0,"victory":false,"max_hp_per_floor":[75,75,75,75,75,75,75,75,75,75,75,75,75,75,75,75,75,75,75,75,75,75,75,75,75,75,75,75,75,75,75,75,75],"card_choices":[{"not_picked":["Clash","Thunderclap"],"picked":"Heavy Blade","floor":0},{"not_picked":["Pummel","Pommel Strike"],"picked":"Sword Boomerang","floor":1},{"not_picked":["Thunderclap","Twin Strike"],"picked":"Armaments","floor":2},{"not_picked":["Fire Breathing","Anger"],"picked":"Sword Boomerang","floor":3},{"not_picked":["Iron Wave","Warcry","Perfected Strike"],"picked":"SKIP","floor":4},{"not_picked":["Clash","Perfected Strike"],"picked":"Flame Barrier","floor":7},{"not_picked":["Twin Strike","Rage","Burning Pact"],"picked":"SKIP","floor":11},{"not_picked":["Twin Strike","Rage","Burning Pact"],"picked":"SKIP","floor":11},{"not_picked":["Rage","Searing Blow","Perfected Strike"],"picked":"SKIP","floor":13},{"not_picked":["Perfected Strike","Rampage"],"picked":"Spot Weakness","floor":14},{"not_picked":["Immolate","Fiend Fire"],"picked":"Barricade","floor":16},{"not_picked":["Searing Blow","Seeing Red"],"picked":"Entrench","floor":18},{"not_picked":["Clothesline","Cleave"],"picked":"Flex+1","floor":21},{"not_picked":["Fire Breathing+1","Rupture+1"],"picked":"True Grit","floor":24},{"not_picked":["Sword Boomerang","Headbutt"],"picked":"Armaments","floor":28},{"not_picked":["Blood for Blood+1","Thunderclap","Flex"],"picked":"SKIP","floor":29},{"not_picked":["Fiend Fire","Fire Breathing+1"],"picked":"Body Slam+1","floor":31}],"player_experience":575906,"relics_obtained":[{"floor":7,"key":"Happy Flower"},{"floor":9,"key":"Bag of Marbles"},{"floor":14,"key":"Odd Mushroom"},{"floor":26,"key":"Turnip"}],"event_choices":[{"damage_healed":0,"gold_gain":0,"player_choice":"Ignored","damage_taken":0,"max_hp_gain":0,"max_hp_loss":0,"event_name":"Liars Game","floor":10,"gold_loss":0},{"damage_healed":0,"gold_gain":0,"player_choice":"Fought Mushrooms","damage_taken":0,"max_hp_gain":0,"max_hp_loss":0,"event_name":"Mushrooms","floor":14,"gold_loss":0},{"damage_healed":0,"gold_gain":0,"player_choice":"Opened","damage_taken":0,"relics_obtained":["Frozen Egg 2"],"max_hp_gain":0,"max_hp_loss":0,"event_name":"The Mausoleum","floor":19,"gold_loss":0,"cards_obtained":["Writhe"]},{"damage_healed":0,"gold_gain":0,"player_choice":"Upgraded","damage_taken":0,"max_hp_gain":0,"max_hp_loss":0,"event_name":"Upgrade Shrine","floor":20,"gold_loss":0,"cards_upgraded":["Entrench"]},{"damage_healed":0,"gold_gain":0,"cards_transformed":["Juggernaut","Bloodletting"],"player_choice":"Became Test Subject","damage_taken":0,"max_hp_gain":0,"max_hp_loss":0,"event_name":"Drug Dealer","floor":22,"gold_loss":0,"cards_obtained":["Clothesline","Double Tap"]}],"is_beta":false,"boss_relics":[{"not_picked":["Tiny House","Cursed Key"],"picked":"Pandora\u0027s Box"}],"items_purged_floors":[],"is_endless":false,"potions_floor_spawned":[1,4,7,14,16,24,28],"killed_by":"Automaton","ascension_level":18}