{"gold_per_floor":[110,110,122,135,60,60,95,95,95,95,14,47,47,47,47,47],"floor_reached":16,"playtime":680,"items_purged":[],"score":212,"play_id":"a702b314-9770-46df-ab4b-5728c6e8faab","local_time":"20181124121735","is_ascension_mode":true,"campfire_choices":[{"data":"Neutralize","floor":6,"key":"SMITH"},{"floor":8,"key":"REST"},{"floor":10,"key":"DIG"},{"floor":15,"key":"REST"}],"neow_cost":"NONE","seed_source_timestamp":306374760829405,"circlet_count":0,"master_deck":["AscendersBane","Defend_G+1","Defend_G","Defend_G","Defend_G+1","Defend_G","Strike_G","Strike_G","Strike_G","Survivor","Neutralize+1","Bouncing Flask+1","Deflect","Heel Hook","Backflip+1","Corpse Explosion","Sucker Punch+1"],"relics":["Ring of the Snake","Shovel","Sundial","War Paint","Molten Egg 2","Golden Idol"],"potions_floor_usage":[7,16],"damage_taken":[{"damage":1,"enemies":"2 Louse","floor":1,"turns":4},{"damage":0,"enemies":"Small Slimes","floor":3,"turns":5},{"damage":0,"enemies":"Jaw Worm","floor":4,"turns":3},{"damage":30,"enemies":"3 Sentries","floor":7,"turns":10},{"damage":15,"enemies":"Lagavulin","floor":12,"turns":6},{"damage":39,"enemies":"Slime Boss","floor":16,"turns":9}],"seed_played":"-1027556157408459697","potions_obtained":[{"floor":1,"key":"SpeedPotion"},{"floor":4,"key":"EssenceOfSteel"}],"is_trial":false,"path_per_floor":["M","?","M","M","?","R","E","R","T","R","$","E","?","?","R","B"],"character_chosen":"THE_SILENT","items_purchased":["Corpse Explosion"],"campfire_rested":2,"item_purchase_floors":[11],"current_hp_per_floor":[64,42,42,42,42,42,12,33,33,33,33,18,18,11,30,0],"gold":47,"neow_bonus":"TEN_PERCENT_HP_BONUS","is_prod":false,"is_daily":false,"chose_seed":false,"campfire_upgraded":1,"win_rate":0,"timestamp":1543079855,"path_taken":["M","?","M","M","?","R","E","R","T","R","$","E","?","?","R","BOSS"],"build_version":"2018-11-15","purchased_purges":0,"victory":false,"max_hp_per_floor":[72,72,72,72,72,72,72,72,72,72,72,72,65,65,65,65],"card_choices":[{"not_picked":["Eviscerate","Terror"],"picked":"Bouncing Flask","floor":1},{"not_picked":["Sucker Punch","All Out Attack"],"picked":"Deflect","floor":3},{"not_picked":["PiercingWail","Blade Dance"],"picked":"Heel Hook","floor":4},{"not_picked":["Deadly Poison","Tactician"],"picked":"Backflip","floor":7},{"not_picked":["Deflect","Deadly Poison"],"picked":"Sucker Punch","floor":12}],"player_experience":1151419,"relics_obtained":[{"floor":7,"key":"Shovel"},{"floor":9,"key":"Sundial"},{"floor":10,"key":"War Paint"},{"floor":12,"key":"Molten Egg 2"}],"event_choices":[{"damage_healed":0,"gold_gain":0,"player_choice":"Entered Light","damage_taken":22,"max_hp_gain":0,"max_hp_loss":0,"event_name":"Shining Light","floor":2,"gold_loss":0,"cards_upgraded":["Bouncing Flask","Defend_G"]},{"cards_removed":["Strike_G"],"damage_healed":0,"gold_gain":0,"player_choice":"Card Removal","damage_taken":0,"max_hp_gain":0,"max_hp_loss":0,"event_name":"The Cleric","floor":5,"gold_loss":75},{"damage_healed":0,"gold_gain":0,"player_choice":"Lose Max HP","damage_taken":0,"relics_obtained":["Golden Idol"],"max_hp_gain":0,"max_hp_loss":7,"event_name":"Golden Idol","floor":13,"gold_loss":0},{"cards_removed":["Strike_G"],"damage_healed":0,"gold_gain":0,"player_choice":"Card Removal","damage_taken":7,"max_hp_gain":0,"max_hp_loss":0,"event_name":"Golden Wing","floor":14,"gold_loss":0}],"is_beta":false,"boss_relics":[],"items_purged_floors":[],"is_endless":false,"potions_floor_spawned":[1,4],"killed_by":"Slime Boss","ascension_level":20}