{"gold_per_floor":[112,129,54,71,82,114,114,114,114,139,156,171,171,101,101,101],"floor_reached":16,"playtime":702,"items_purged":["Strike_R"],"score":196,"play_id":"2f763473-083b-44e2-9aab-550f12f03173","local_time":"20181016203453","is_ascension_mode":true,"campfire_choices":[{"data":"Armaments","floor":7,"key":"SMITH"},{"data":"Brutality","floor":13,"key":"SMITH"},{"data":"Feed","floor":15,"key":"SMITH"}],"neow_cost":"NONE","seed_source_timestamp":537642808923372,"circlet_count":0,"master_deck":["Strike_R","Strike_R","Strike_R","Strike_R","Defend_R","Defend_R","Defend_R","Defend_R","Bash","AscendersBane","Brutality+1","Intimidate","Spot Weakness","Uppercut","Armaments+1","Pommel Strike","Bash","Offering","Feed+1"],"relics":["Burning Blood","Meat on the Bone","Kunai","Toxic Egg 2","Oddly Smooth Stone"],"potions_floor_usage":[6,12,12],"damage_taken":[{"damage":22,"enemies":"Small Slimes","floor":1,"turns":5},{"damage":6,"enemies":"Cultist","floor":2,"turns":4},{"damage":12,"enemies":"Jaw Worm","floor":4,"turns":6},{"damage":8,"enemies":"Gremlin Gang","floor":5,"turns":6},{"damage":30,"enemies":"Lagavulin","floor":6,"turns":10},{"damage":32,"enemies":"Gremlin Nob","floor":10,"turns":4},{"damage":9,"enemies":"Looter","floor":11,"turns":2},{"damage":17,"enemies":"Exordium Thugs","floor":12,"turns":4},{"damage":46,"enemies":"Slime Boss","floor":16,"turns":9}],"seed_played":"-1459588513852583369","potions_obtained":[{"floor":1,"key":"Regen Potion"},{"floor":10,"key":"Swift Potion"},{"floor":11,"key":"FearPotion"}],"is_trial":false,"path_per_floor":["M","M","$","M","M","E","R","?","T","E","M","M","R","?","R"],"character_chosen":"IRONCLAD","items_purchased":[],"campfire_rested":0,"item_purchase_floors":[],"current_hp_per_floor":[52,52,52,46,44,35,35,35,35,21,34,35,35,35,35,0],"gold":101,"neow_bonus":"ONE_RANDOM_RARE_CARD","is_prod":false,"is_daily":false,"chose_seed":false,"campfire_upgraded":3,"win_rate":0,"timestamp":1539736493,"path_taken":["M","M","$","M","M","E","R","?","T","E","?","M","R","?","R","BOSS"],"build_version":"2018-10-11","purchased_purges":1,"victory":false,"max_hp_per_floor":[75,75,75,75,75,75,75,75,75,75,79,79,79,79,79,79],"card_choices":[{"not_picked":["Sword Boomerang","Clash"],"picked":"Intimidate","floor":1},{"not_picked":["Flex","Armaments"],"picked":"Spot Weakness","floor":2},{"not_picked":["Bloodletting","Sentinel"],"picked":"Uppercut","floor":4},{"not_picked":["Clothesline","Sword Boomerang"],"picked":"Armaments","floor":5},{"not_picked":["Sentinel","Warcry"],"picked":"Pommel Strike","floor":6},{"not_picked":["Havoc","Burning Pact"],"picked":"Feed","floor":10},{"not_picked":["Twin Strike","Clothesline","Searing Blow"],"picked":"SKIP","floor":11},{"not_picked":["Bloodletting+1","Perfected Strike","Combust"],"picked":"SKIP","floor":12}],"player_experience":903522,"relics_obtained":[{"floor":6,"key":"Meat on the Bone"},{"floor":9,"key":"Kunai"},{"floor":10,"key":"Toxic Egg 2"}],"event_choices":[{"event_name":"Match and Keep!","player_choice":"2 cards matched","floor":8,"damage_taken":0},{"event_name":"WeMeetAgain","player_choice":"Gold","floor":14,"damage_taken":0}],"is_beta":false,"boss_relics":[],"items_purged_floors":[3],"is_endless":false,"potions_floor_spawned":[1,10,11],"killed_by":"Slime Boss","ascension_level":15}