{"gold_per_floor":[114,129,129,54,65,93,93,124,124,142,67,91,123,133,133,133],"floor_reached":16,"playtime":647,"items_purged":["Pain"],"score":210,"play_id":"ce996e74-37ac-4d24-80ad-74fb89587ff6","local_time":"20190226195621","is_ascension_mode":true,"campfire_choices":[{"data":"Immolate","floor":15,"key":"SMITH"}],"neow_cost":"NONE","seed_source_timestamp":187861902471545,"circlet_count":0,"master_deck":["AscendersBane","Strike_R","Strike_R","Strike_R","Strike_R","Defend_R","Defend_R","Defend_R","Defend_R","Bash","Infernal Blade","Clothesline","Inflame","Immolate+1","Havoc","Power Through","Spot Weakness"],"relics":["Burning Blood","Bottled Flame","WarpedTongs","Dodecahedron","Odd Mushroom","Frozen Egg 2"],"potions_floor_usage":[6,6,16],"damage_taken":[{"damage":2,"enemies":"Jaw Worm","floor":1,"turns":3},{"damage":7,"enemies":"2 Louse","floor":2,"turns":3},{"damage":5,"enemies":"Cultist","floor":5,"turns":4},{"damage":28,"enemies":"Gremlin Nob","floor":6,"turns":5},{"damage":31,"enemies":"Lagavulin","floor":8,"turns":7},{"damage":0,"enemies":"3 Louse","floor":10,"turns":1},{"damage":7,"enemies":"The Mushroom Lair","floor":12,"turns":2},{"damage":15,"enemies":"3 Sentries","floor":13,"turns":5},{"damage":4,"enemies":"Large Slime","floor":14,"turns":6},{"damage":37,"enemies":"The Guardian","floor":16,"turns":7}],"seed_played":"5667426314781241992","potions_obtained":[{"floor":1,"key":"PowerPotion"},{"floor":5,"key":"Swift Potion"},{"floor":8,"key":"SpeedPotion"},{"floor":12,"key":"FearPotion"}],"is_trial":false,"path_per_floor":["M","M","?","?","M","E","?","E","T","M","$","?","E","M","R","B"],"character_chosen":"IRONCLAD","items_purchased":[],"campfire_rested":0,"item_purchase_floors":[],"current_hp_per_floor":[79,78,83,83,84,62,62,37,37,43,43,42,33,35,35,0],"gold":133,"neow_bonus":"TEN_PERCENT_HP_BONUS","is_prod":false,"is_daily":false,"chose_seed":false,"campfire_upgraded":1,"win_rate":0,"timestamp":1551228981,"path_taken":["M","M","?","?","M","E","?","E","T","?","$","?","E","M","R","BOSS"],"build_version":"2019-01-23","purchased_purges":1,"victory":false,"max_hp_per_floor":[82,82,87,87,87,87,87,87,87,87,87,87,87,87,87,87],"card_choices":[{"not_picked":["Blood for Blood","Sentinel"],"picked":"Infernal Blade","floor":1},{"not_picked":["Anger","Body Slam"],"picked":"Clothesline","floor":2},{"not_picked":["Hemokinesis","Dual Wield"],"picked":"Inflame","floor":5},{"not_picked":["Metallicize","Wild Strike"],"picked":"Immolate","floor":6},{"not_picked":["Perfected Strike","Clash","Uppercut"],"picked":"SKIP","floor":8},{"not_picked":["Pommel Strike","Rupture"],"picked":"Havoc","floor":10},{"not_picked":["Twin Strike","Clothesline"],"picked":"Power Through","floor":13},{"not_picked":["Infernal Blade","Sword Boomerang"],"picked":"Spot Weakness","floor":14}],"player_experience":1372783,"relics_obtained":[{"floor":6,"key":"Bottled Flame"},{"floor":8,"key":"Dodecahedron"},{"floor":12,"key":"Odd Mushroom"},{"floor":13,"key":"Frozen Egg 2"}],"event_choices":[{"damage_healed":0,"gold_gain":0,"player_choice":"Donut","damage_taken":0,"max_hp_gain":5,"max_hp_loss":0,"event_name":"Big Fish","floor":3,"gold_loss":0},{"cards_removed":["Strike_R"],"damage_healed":0,"gold_gain":0,"player_choice":"Card Removal","damage_taken":0,"max_hp_gain":0,"max_hp_loss":0,"event_name":"The Cleric","floor":4,"gold_loss":75},{"damage_healed":0,"gold_gain":0,"player_choice":"Rummage","damage_taken":0,"relics_obtained":["WarpedTongs"],"max_hp_gain":0,"max_hp_loss":0,"event_name":"Accursed Blacksmith","floor":7,"gold_loss":0,"cards_obtained":["Pain"]},{"damage_healed":0,"gold_gain":0,"player_choice":"Fought Mushrooms","damage_taken":0,"max_hp_gain":0,"max_hp_loss":0,"event_name":"Mushrooms","floor":12,"gold_loss":0}],"is_beta":false,"boss_relics":[],"items_purged_floors":[11],"is_endless":false,"potions_floor_spawned":[1,5,8,12,13],"killed_by":"The Guardian","ascension_level":15}