{"gold_per_floor":[119,134,35,54,7,34,34,64,64,64,95,95,120,133,133,207,207,225,225,50,50,24,24,36,36,36,62,62,77,102,201,201,201],"floor_reached":33,"playtime":3175,"items_purged":["Strike_B","Writhe"],"score":610,"play_id":"82f51d2b-766d-4438-9c50-ba4f391fa9e7","local_time":"20190714171254","is_ascension_mode":true,"campfire_choices":[{"data":"Zap","floor":7,"key":"SMITH"},{"floor":10,"key":"REST"},{"floor":12,"key":"REST"},{"data":"Chaos","floor":15,"key":"SMITH"},{"data":"Hologram","floor":23,"key":"SMITH"},{"data":"Hologram","floor":25,"key":"SMITH"},{"floor":32,"key":"REST"}],"neow_cost":"NONE","seed_source_timestamp":64660226427135,"circlet_count":0,"master_deck":["AscendersBane","Strike_B","Strike_B","Defend_B","Defend_B+1","Defend_B","Defend_B+1","Zap+1","Dualcast","Chaos+1","Sweeping Beam","Streamline","Cold Snap","Hologram+1","Hologram+1","BootSequence","Chill","Seek","Electrodynamics","Tempest","Genetic Algorithm","Conserve Battery","Capacitor","Glacier","Genetic Algorithm"],"relics":["Cracked Core","Strawberry","Symbiotic Virus","Happy Flower","Pantograph","War Paint","Philosopher\u0027s Stone","Bag of Marbles","Incense Burner","Lantern","Boot"],"potions_floor_usage":[6,11,33],"damage_taken":[{"damage":1,"enemies":"Cultist","floor":1,"turns":3},{"damage":2,"enemies":"Jaw Worm","floor":2,"turns":3},{"damage":0,"enemies":"Small Slimes","floor":4,"turns":3},{"damage":11,"enemies":"Lagavulin","floor":6,"turns":5},{"damage":42,"enemies":"Gremlin Nob","floor":8,"turns":5},{"damage":7,"enemies":"Lagavulin","floor":11,"turns":4},{"damage":0,"enemies":"3 Sentries","floor":13,"turns":4},{"damage":9,"enemies":"Exordium Thugs","floor":14,"turns":3},{"damage":50,"enemies":"Hexaghost","floor":16,"turns":14},{"damage":9,"enemies":"Shell Parasite","floor":18,"turns":6},{"damage":0,"enemies":"Chosen","floor":24,"turns":4},{"damage":0,"enemies":"Gremlin Leader","floor":27,"turns":5},{"damage":7,"enemies":"Snake Plant","floor":29,"turns":4},{"damage":47,"enemies":"Book of Stabbing","floor":30,"turns":8},{"damage":74,"enemies":"Champ","floor":33,"turns":14}],"seed_played":"1193758762313560155","potions_obtained":[{"floor":4,"key":"FearPotion"},{"floor":8,"key":"AttackPotion"},{"floor":11,"key":"Ancient Potion"},{"floor":14,"key":"Strength Potion"}],"is_trial":false,"path_per_floor":["M","M","$","M","$","E","R","E","T","R","E","R","E","M","R","B",null,"M","?","$","?","$","R","M","R","T","E","$","M","E","?","R","B"],"character_chosen":"DEFECT","items_purchased":["Streamline","Hologram","Genetic Algorithm","Conserve Battery"],"campfire_rested":3,"item_purchase_floors":[3,5,20,22],"current_hp_per_floor":[63,61,61,61,61,57,57,15,15,38,31,54,54,45,45,20,64,55,55,55,55,55,55,55,55,55,55,55,48,1,1,24,0],"gold":201,"neow_bonus":"REMOVE_CARD","is_prod":false,"is_daily":false,"chose_seed":false,"campfire_upgraded":4,"win_rate":0,"timestamp":1563138774,"path_taken":["M","M","$","?","$","E","R","E","T","R","E","R","E","M","R","BOSS","M","?","$","?","$","R","M","R","T","E","$","M","E","?","R","BOSS"],"build_version":"2019-07-05","purchased_purges":2,"victory":false,"max_hp_per_floor":[71,71,71,71,71,78,78,78,78,78,78,78,78,78,78,78,78,78,78,78,78,78,78,78,78,78,78,78,78,78,78,78,78],"card_choices":[{"not_picked":["Turbo","Sweeping Beam"],"picked":"Chaos","floor":1},{"not_picked":["Melter","Hello World"],"picked":"Sweeping Beam","floor":2},{"not_picked":["Fusion","Sweeping Beam"],"picked":"Cold Snap","floor":4},{"not_picked":["Sweeping Beam","Double Energy"],"picked":"Hologram","floor":6},{"not_picked":["Coolheaded","Double Energy"],"picked":"BootSequence","floor":8},{"not_picked":["FTL","Redo"],"picked":"Chill","floor":11},{"not_picked":["Streamline","Beam Cell"],"picked":"Seek","floor":13},{"not_picked":["Leap","Redo","Chill"],"picked":"SKIP","floor":14},{"not_picked":["Multi-Cast","Meteor Strike"],"picked":"Electrodynamics","floor":16},{"not_picked":["Heatsinks","Barrage"],"picked":"Tempest","floor":18},{"not_picked":["Rebound","Hologram"],"picked":"Capacitor","floor":24},{"not_picked":["Ball Lightning","Hologram","Steam Power"],"picked":"SKIP","floor":27},{"not_picked":["Ball Lightning","Hologram","Steam Power"],"picked":"SKIP","floor":27},{"not_picked":["Rip and Tear+1","Defragment"],"picked":"Glacier","floor":29},{"not_picked":["Turbo+1","Glacier"],"picked":"Genetic Algorithm","floor":30}],"player_experience":535876,"relics_obtained":[{"floor":6,"key":"Strawberry"},{"floor":8,"key":"Symbiotic Virus"},{"floor":9,"key":"Happy Flower"},{"floor":11,"key":"Pantograph"},{"floor":13,"key":"War Paint"},{"floor":26,"key":"Incense Burner"},{"floor":27,"key":"Lantern"},{"floor":30,"key":"Boot"}],"event_choices":[{"damage_healed":0,"gold_gain":0,"player_choice":"Opened","damage_taken":0,"relics_obtained":["Bag of Marbles"],"max_hp_gain":0,"max_hp_loss":0,"event_name":"The Mausoleum","floor":19,"gold_loss":0,"cards_obtained":["Writhe"]},{"damage_healed":0,"gold_gain":99,"player_choice":"Stole From Cult","damage_taken":0,"max_hp_gain":0,"max_hp_loss":0,"event_name":"Nest","floor":31,"gold_loss":0}],"is_beta":false,"boss_relics":[{"not_picked":["Ectoplasm","Lizard Tail"],"picked":"Philosopher\u0027s Stone"}],"items_purged_floors":[3,20],"is_endless":false,"potions_floor_spawned":[4,8,11,14,18,30],"killed_by":"Champ","ascension_level":14}