{"gold_per_floor":[114,126,126,139,139,139,164,19,45,45,78,78,94,125,125,202,202,213,163,213,232,243,243,269,269,295,36,70,70,90,110,110,184,184,204,204,204,223,38,38],"floor_reached":40,"playtime":1729,"items_purged":["Strike_R"],"score":774,"play_id":"9b091ee2-d8c5-44f6-a817-540dfd0799a0","local_time":"20181018103133","is_ascension_mode":true,"campfire_choices":[{"data":"True Grit","floor":6.0,"key":"SMITH"},{"data":"Bash","floor":10.0,"key":"SMITH"},{"data":"Shrug It Off","floor":12.0,"key":"SMITH"},{"data":"Shrug It Off","floor":15.0,"key":"SMITH"},{"data":"Uppercut","floor":23.0,"key":"SMITH"},{"data":"Bludgeon","floor":25.0,"key":"SMITH"},{"data":"Pommel Strike","floor":29.0,"key":"SMITH"},{"data":"Impervious","floor":32.0,"key":"SMITH"}],"neow_cost":"NONE","seed_source_timestamp":673202723213483,"circlet_count":0,"master_deck":["Strike_R","Strike_R+1","Strike_R","Strike_R","Defend_R+1","Defend_R","Defend_R","Defend_R","Bash+1","AscendersBane","Rampage+1","True Grit+1","Shrug It Off+1","Headbutt","Shrug It Off","Thunderclap+1","Shrug It Off+1","Bludgeon+1","Pommel Strike+1","Impervious+1","Uppercut+1","Carnage+1","Spot Weakness","Limit Break","Iron Wave+1","Blood for Blood"],"special_seed":0,"relics":["Burning Blood","Smiling Mask","Gremlin Horn","Whetstone","Omamori","Oddly Smooth Stone","Regal Pillow","Red Skull","Snecko Eye","Boot","Bronze Scales","Lee\u0027s Waffle","Potion Belt","Coffee Dripper","Tiny Chest"],"potions_floor_usage":[40],"damage_taken":[{"damage":1.0,"enemies":"Cultist","floor":1.0,"turns":4.0},{"damage":1.0,"enemies":"Small Slimes","floor":2.0,"turns":4.0},{"damage":1.0,"enemies":"Jaw Worm","floor":4.0,"turns":4.0},{"damage":26.0,"enemies":"Lagavulin","floor":7.0,"turns":8.0},{"damage":24.0,"enemies":"Gremlin Nob","floor":11.0,"turns":4.0},{"damage":6.0,"enemies":"Exordium Wildlife","floor":13.0,"turns":4.0},{"damage":27.0,"enemies":"Lagavulin","floor":14.0,"turns":8.0},{"damage":2.0,"enemies":"Hexaghost","floor":16.0,"turns":7.0},{"damage":0.0,"enemies":"3 Byrds","floor":18.0,"turns":4.0},{"damage":6.0,"enemies":"Shell Parasite","floor":21.0,"turns":4.0},{"damage":0.0,"enemies":"3 Cultists","floor":22.0,"turns":3.0},{"damage":57.0,"enemies":"Gremlin Leader","floor":24.0,"turns":7.0},{"damage":23.0,"enemies":"Book of Stabbing","floor":28.0,"turns":5.0},{"damage":0.0,"enemies":"Snake Plant","floor":30.0,"turns":1.0},{"damage":0.0,"enemies":"Shelled Parasite and Fungi","floor":31.0,"turns":1.0},{"damage":43.0,"enemies":"Champ","floor":33.0,"turns":7.0},{"damage":0.0,"enemies":"3 Shapes","floor":35.0,"turns":2.0},{"damage":10.0,"enemies":"3 Darklings","floor":38.0,"turns":4.0},{"damage":103,"enemies":"Giant Head","floor":40,"turns":8}],"seed_played":"2039904481220908492","potions_obtained":[{"floor":1.0,"key":"FearPotion"},{"floor":7.0,"key":"AttackPotion"},{"floor":13.0,"key":"AttackPotion"},{"floor":16.0,"key":"Energy Potion"},{"floor":21.0,"key":"EssenceOfSteel"},{"floor":22.0,"key":"Weak Potion"},{"floor":24.0,"key":"EssenceOfSteel"},{"floor":31.0,"key":"PowerPotion"},{"floor":35.0,"key":"EssenceOfSteel"},{"floor":36.0,"key":"SteroidPotion"},{"floor":36.0,"key":"Ancient Potion"}],"is_trial":false,"path_per_floor":["M","M","?","M","T","R","E","$","T","R","E","R","M","E","R","B",null,"M","?","?","M","M","R","E","R","T","$","E","R","M","M","R","B",null,"M","?","?","M","$"],"character_chosen":"IRONCLAD","items_purchased":["Omamori","Lee\u0027s Waffle","Blood for Blood","Tiny Chest"],"campfire_rested":0,"item_purchase_floors":[8,27,39,39],"current_hp_per_floor":[73,75,75,75,75,75,55,55,55,55,37,37,37,16,16,20,61,67,67,67,67,73,73,22,22,22,82,65,65,71,77,77,40,72,78,78,82,78,78,0],"gold":38,"neow_bonus":"RANDOM_COMMON_RELIC","is_prod":false,"is_daily":false,"chose_seed":false,"campfire_upgraded":8,"win_rate":0,"timestamp":1539873093,"path_taken":["M","M","?","M","?","R","E","$","T","R","E","R","M","E","R","BOSS","M","?","?","M","?","R","E","R","T","$","E","R","M","M","R","BOSS","M","?","?","M","$","E"],"build_version":"2018-10-11","purchased_purges":1,"victory":false,"max_hp_per_floor":[75,75,75,75,75,75,75,75,75,75,75,75,75,75,75,75,75,75,75,75,75,75,75,75,75,75,82,82,82,82,82,82,82,82,82,82,82,82,82,82],"card_choices":[{"not_picked":["Havoc","Perfected Strike"],"picked":"Rampage","floor":1.0},{"not_picked":["Wild Strike","Armaments"],"picked":"True Grit","floor":2.0},{"not_picked":["Inflame","Reckless Charge"],"picked":"Shrug It Off","floor":4.0},{"not_picked":["Clash","Hemokinesis"],"picked":"Headbutt","floor":7.0},{"not_picked":["Iron Wave","Rage"],"picked":"Shrug It Off","floor":11.0},{"not_picked":["Searing Blow","Iron Wave"],"picked":"Thunderclap","floor":13.0},{"not_picked":["Dual Wield","Anger"],"picked":"Shrug It Off","floor":14.0},{"not_picked":["Juggernaut","Exhume"],"picked":"Bludgeon","floor":16.0},{"not_picked":["True Grit","Anger+1"],"picked":"Pommel Strike","floor":18.0},{"not_picked":["Perfected Strike","Clothesline"],"picked":"Impervious","floor":21.0},{"not_picked":["Evolve","Cleave"],"picked":"Uppercut","floor":22.0},{"not_picked":["Armaments","Sword Boomerang","Flex"],"picked":"SKIP","floor":24.0},{"not_picked":["Iron Wave","Pommel Strike"],"picked":"Carnage+1","floor":28.0},{"not_picked":["Rupture","Wild Strike","Second Wind"],"picked":"SKIP","floor":30.0},{"not_picked":["Cleave","Havoc"],"picked":"Spot Weakness","floor":31.0},{"not_picked":["Brutality","Berserk"],"picked":"Limit Break","floor":33.0},{"not_picked":["Rampage","Wild Strike","Clash"],"picked":"SKIP","floor":35.0},{"not_picked":["Rage","Shrug It Off"],"picked":"Iron Wave+1","floor":38.0}],"player_experience":910790,"relics_obtained":[{"floor":5.0,"key":"Gremlin Horn"},{"floor":7.0,"key":"Whetstone"},{"floor":9.0,"key":"Oddly Smooth Stone"},{"floor":11.0,"key":"Regal Pillow"},{"floor":14.0,"key":"Red Skull"},{"floor":24.0,"key":"Boot"},{"floor":26.0,"key":"Bronze Scales"},{"floor":28.0,"key":"Potion Belt"}],"event_choices":[{"event_name":"Liars Game","player_choice":"disagreed","floor":3.0,"damage_taken":0.0},{"event_name":"Designer","player_choice":"Upgrade 2 Random Cards","floor":19.0,"damage_taken":0.0},{"event_name":"Nest","player_choice":"Stole From Cult","floor":20.0,"damage_taken":0.0},{"event_name":"The Lab","player_choice":"Got Potions","floor":36.0,"damage_taken":0.0},{"event_name":"Winding Halls","player_choice":"Writhe","floor":37.0,"damage_taken":0.0}],"is_beta":false,"boss_relics":[{"not_picked":["White Beast Statue","Black Blood"],"picked":"Snecko Eye"},{"not_picked":["Sozu","Runic Dome"],"picked":"Coffee Dripper"}],"items_purged_floors":[27],"is_endless":false,"potions_floor_spawned":[1,7,13,16,21,22,24,31,35],"killed_by":"Giant Head","ascension_level":15}