{"gold_per_floor":[17,30,30,43,63,96,96,130,155,155],"floor_reached":10,"playtime":666,"items_purged":[],"score":134,"play_id":"e455c0f1-0eda-4446-ad44-8e6ecd40ac9a","local_time":"20180728192953","is_ascension_mode":true,"campfire_choices":[{"data":"Strike_R","floor":7,"key":"PURGE"}],"neow_cost":"NO_GOLD","seed_source_timestamp":1469830039020497,"circlet_count":0,"master_deck":["Strike_R","Strike_R","Strike_R","Defend_R","Defend_R","Defend_R","Defend_R","Bash","Armaments","Heavy Blade","Uppercut","Pommel Strike","Burning Pact","True Grit"],"relics":["Burning Blood","Peace Pipe","Potion Belt","Dream Catcher"],"potions_floor_usage":[6,8,10],"damage_taken":[{"damage":9,"enemies":"2 Louse","floor":1,"turns":4},{"damage":0,"enemies":"Small Slimes","floor":2,"turns":3},{"damage":9,"enemies":"Jaw Worm","floor":4,"turns":3},{"damage":8,"enemies":"2 Fungi Beasts","floor":5,"turns":5},{"damage":27,"enemies":"Lagavulin","floor":6,"turns":8},{"damage":59,"enemies":"Gremlin Nob","floor":8,"turns":6},{"damage":39,"enemies":"Lagavulin","floor":10,"turns":7}],"seed_played":"-3378485927400089039","potions_obtained":[{"floor":2,"key":"BloodPotion"},{"floor":5,"key":"PowerPotion"},{"floor":8,"key":"Regen Potion"}],"is_trial":false,"path_per_floor":["M","M","?","M","M","E","R","E","T"],"character_chosen":"IRONCLAD","items_purchased":[],"campfire_rested":0,"item_purchase_floors":[],"current_hp_per_floor":[85,91,84,81,79,58,58,14,14,0],"gold":155,"neow_bonus":"TWENTY_PERCENT_HP_BONUS","is_prod":false,"is_daily":false,"chose_seed":false,"campfire_upgraded":0,"win_rate":0,"timestamp":1532820593,"path_taken":["M","M","?","M","M","E","R","E","T","E"],"build_version":"2018-07-26","purchased_purges":0,"victory":false,"max_hp_per_floor":[96,96,96,96,96,96,96,96,96,96],"card_choices":[{"not_picked":["Sword Boomerang","Perfected Strike"],"picked":"Armaments","floor":1},{"not_picked":["Headbutt","Wild Strike"],"picked":"Heavy Blade","floor":2},{"not_picked":["Clothesline","Pommel Strike"],"picked":"Uppercut","floor":4},{"not_picked":["Clash","Thunderclap"],"picked":"Pommel Strike","floor":5},{"not_picked":["Flex","Heavy Blade"],"picked":"Burning Pact","floor":6},{"not_picked":["Brutality","Flex"],"picked":"True Grit","floor":8}],"player_experience":357165,"relics_obtained":[{"floor":6,"key":"Peace Pipe"},{"floor":8,"key":"Potion Belt"},{"floor":9,"key":"Dream Catcher"}],"event_choices":[{"event_name":"Golden Wing","player_choice":"Card Removal","floor":3,"damage_taken":0}],"is_beta":false,"boss_relics":[],"items_purged_floors":[],"is_endless":false,"potions_floor_spawned":[2,5,8],"killed_by":"Lagavulin","ascension_level":8}