{"gold_per_floor":[10,23,43,43,63,63,92,92,117,135,135,170,245,245,245,318,318,328,340,340,355,37,68,68,68,68,68,99,99,9,19,19,97,97,117,134,134,148,19,19,19],"floor_reached":41,"playtime":2218,"items_purged":["Strike_B"],"score":878,"play_id":"3f2be206-abc3-487d-9560-9527ce6f8ea5","local_time":"20190520144904","is_ascension_mode":true,"campfire_choices":[{"data":"Defragment","floor":6,"key":"SMITH"},{"data":"Darkness","floor":8,"key":"SMITH"},{"data":"Dualcast","floor":11,"key":"SMITH"},{"floor":15,"key":"REST"},{"data":"Recycle","floor":24,"key":"SMITH"},{"data":"Echo Form","floor":27,"key":"SMITH"},{"floor":29,"key":"REST"},{"floor":32,"key":"REST"},{"floor":40,"key":"REST"}],"neow_cost":"NO_GOLD","seed_source_timestamp":236907702976872,"circlet_count":0,"master_deck":["AscendersBane","Strike_B","Strike_B","Defend_B+1","Defend_B","Defend_B","Defend_B","Zap+1","Dualcast+1","FTL","Go for the Eyes+1","Compile Driver","Defragment+1","Darkness+1","Sweeping Beam","Echo Form+1","Cold Snap","Steam","Recycle+1","Biased Cognition","Dark Shackles","Meteor Strike","Recycle+1","Conserve Battery+1","Glacier+1","Hologram+1","Fusion+1","Seek+1","Heatsinks+1","Reinforced Body+1","Undo+1","Rainbow+1","Redo+1","Reinforced Body+1"],"relics":["Cracked Core","Anchor","War Paint","Juzu Bracelet","Inserter","Dream Catcher","Toxic Egg 2","Bag of Marbles","Black Star"],"potions_floor_usage":[7,7,18,21,23,23,31,41,41],"damage_taken":[{"damage":10,"enemies":"2 Louse","floor":1,"turns":2},{"damage":1,"enemies":"Cultist","floor":2,"turns":3},{"damage":0,"enemies":"Small Slimes","floor":3,"turns":2},{"damage":3,"enemies":"Looter","floor":5,"turns":2},{"damage":27,"enemies":"3 Sentries","floor":7,"turns":7},{"damage":0,"enemies":"2 Fungi Beasts","floor":10,"turns":3},{"damage":7,"enemies":"Lagavulin","floor":12,"turns":6},{"damage":11,"enemies":"The Guardian","floor":16,"turns":11},{"damage":15,"enemies":"2 Thieves","floor":18,"turns":3},{"damage":6,"enemies":"Chosen","floor":19,"turns":5},{"damage":8,"enemies":"Snecko","floor":21,"turns":8},{"damage":7,"enemies":"Gremlin Leader","floor":23,"turns":7},{"damage":58,"enemies":"Slavers","floor":28,"turns":6},{"damage":34,"enemies":"Sentry and Sphere","floor":31,"turns":9},{"damage":25,"enemies":"Champ","floor":33,"turns":16},{"damage":0,"enemies":"3 Shapes","floor":35,"turns":4},{"damage":5,"enemies":"3 Darklings","floor":36,"turns":5},{"damage":36,"enemies":"Spire Growth","floor":38,"turns":10},{"damage":48,"enemies":"Reptomancer","floor":41,"turns":3}],"seed_played":"3077224270795435736","potions_obtained":[{"floor":1,"key":"Fire Potion"},{"floor":5,"key":"Swift Potion"},{"floor":12,"key":"SneckoOil"},{"floor":16,"key":"GamblersBrew"},{"floor":19,"key":"Block Potion"},{"floor":21,"key":"Strength Potion"},{"floor":28,"key":"Energy Potion"},{"floor":36,"key":"Explosive Potion"},{"floor":38,"key":"GamblersBrew"}],"is_trial":false,"path_per_floor":["M","M","M","?","M","R","E","R","T","M","R","E","?","?","R","B",null,"M","M","?","M","$","E","R","$","T","R","E","R","$","M","R","B",null,"M","M","?","M","$","R","E"],"character_chosen":"DEFECT","items_purchased":["Biased Cognition","Dark Shackles","Glacier+1","Rainbow+1","Redo+1"],"campfire_rested":4,"item_purchase_floors":[22,22,30,39,39],"current_hp_per_floor":[68,67,67,67,64,64,37,37,37,37,37,30,19,19,44,33,72,57,51,85,77,77,70,70,70,70,70,12,37,37,3,28,3,65,65,60,60,24,24,48,0],"gold":19,"neow_bonus":"TWENTY_PERCENT_HP_BONUS","is_prod":false,"is_daily":false,"chose_seed":false,"campfire_upgraded":5,"win_rate":0,"timestamp":1558378144,"path_taken":["M","M","M","?","M","R","E","R","T","M","R","E","?","?","R","BOSS","M","M","?","M","$","E","R","$","T","R","E","R","?","M","R","BOSS","M","M","?","M","$","R","E"],"build_version":"2019-01-23","purchased_purges":1,"victory":false,"max_hp_per_floor":[85,85,85,85,85,85,85,85,85,85,85,85,85,85,85,85,85,85,85,85,85,85,85,85,85,85,85,85,85,85,85,85,85,85,85,85,81,81,81,81,81],"card_choices":[{"not_picked":["Fusion","Steam"],"picked":"FTL","floor":1},{"not_picked":["Tempest","Rebound"],"picked":"Go for the Eyes","floor":2},{"not_picked":["Redo","Hello World"],"picked":"Compile Driver","floor":3},{"not_picked":["Coolheaded","Conserve Battery"],"picked":"Defragment","floor":5},{"not_picked":["Rip and Tear","Capacitor"],"picked":"Darkness","floor":7},{"not_picked":["Tempest","Thunder Strike","Hello World"],"picked":"SKIP","floor":10},{"not_picked":["Steam","Chill"],"picked":"Sweeping Beam","floor":12},{"not_picked":["Creative AI","Hyperbeam"],"picked":"Echo Form","floor":16},{"not_picked":["Rip and Tear","Barrage"],"picked":"Cold Snap","floor":18},{"not_picked":["Beam Cell","Turbo"],"picked":"Steam","floor":19},{"not_picked":["Conserve Battery","Beam Cell+1"],"picked":"Recycle","floor":21},{"not_picked":["Turbo","Rebound"],"picked":"Meteor Strike","floor":23},{"not_picked":["Leap+1","Gash"],"picked":"Recycle+1","floor":28},{"not_picked":["Reinforced Body+1","Cold Snap"],"picked":"Conserve Battery+1","floor":29},{"not_picked":["Rip and Tear","White Noise+1"],"picked":"Hologram+1","floor":31},{"not_picked":["Static Discharge","Compile Driver"],"picked":"Fusion+1","floor":32},{"not_picked":["All For One","Core Surge"],"picked":"Seek+1","floor":33},{"not_picked":["Rip and Tear","Leap+1"],"picked":"Heatsinks+1","floor":35},{"not_picked":["Undo+1","Rebound"],"picked":"Reinforced Body+1","floor":36},{"not_picked":["Cold Snap","Redo+1"],"picked":"Undo+1","floor":38},{"not_picked":["Rebound","Leap+1"],"picked":"Reinforced Body+1","floor":40}],"player_experience":1426312,"relics_obtained":[{"floor":7,"key":"Anchor"},{"floor":9,"key":"War Paint"},{"floor":12,"key":"Juzu Bracelet"},{"floor":23,"key":"Dream Catcher"},{"floor":26,"key":"Toxic Egg 2"},{"floor":28,"key":"Bag of Marbles"}],"event_choices":[{"damage_healed":0,"gold_gain":0,"player_choice":"Grow","damage_taken":0,"max_hp_gain":0,"max_hp_loss":0,"event_name":"Living Wall","floor":4,"gold_loss":0,"cards_upgraded":["Go for the Eyes"]},{"damage_healed":0,"gold_gain":75,"player_choice":"Gather Gold","damage_taken":11,"max_hp_gain":0,"max_hp_loss":0,"event_name":"World of Goop","floor":13,"gold_loss":0},{"damage_healed":0,"gold_gain":0,"cards_transformed":["Strike_B"],"player_choice":"Transformed","damage_taken":0,"max_hp_gain":0,"max_hp_loss":0,"event_name":"Transmorgrifier","floor":14,"gold_loss":0,"cards_obtained":["Reprogram"]},{"cards_removed":["Reprogram"],"damage_healed":34,"gold_gain":0,"player_choice":"Offered Uncommon","damage_taken":0,"max_hp_gain":0,"max_hp_loss":0,"event_name":"Bonfire Elementals","floor":20,"gold_loss":0},{"damage_healed":0,"gold_gain":0,"player_choice":"Max HP","damage_taken":0,"max_hp_gain":0,"max_hp_loss":4,"event_name":"Winding Halls","floor":37,"gold_loss":0}],"is_beta":false,"boss_relics":[{"not_picked":["Busted Crown","Pandora\u0027s Box"],"picked":"Inserter"},{"not_picked":["Eternal Feather","Sozu"],"picked":"Black Star"}],"items_purged_floors":[22],"is_endless":false,"potions_floor_spawned":[1,5,12,16,19,21,28,36,38],"killed_by":"Reptomancer","ascension_level":20}