{"gold_per_floor":[365,381,391,401,93,127,127,161,186,186,186,212,224,253,253,354,384,404,421,446,369,29,61,61,96,96,125,138,138,172,172,172,271,271,282,296,314,261,261,296,310,327,327,327,356,356,386,0,0,0],"floor_reached":51,"playtime":3557,"items_purged":[],"score":1060,"play_id":"0eadce0a-df8b-4c5f-b717-3b72fce4b7de","local_time":"20180719203808","is_ascension_mode":true,"campfire_choices":[{"data":"Spot Weakness","floor":7,"key":"SMITH"},{"data":"Heavy Blade","floor":15,"key":"SMITH"},{"data":"Disarm","floor":24,"key":"SMITH"},{"data":"Feed","floor":29,"key":"SMITH"},{"data":"Infernal Blade","floor":32,"key":"SMITH"},{"data":"Limit Break","floor":44,"key":"SMITH"},{"data":"Clothesline","floor":46,"key":"SMITH"},{"floor":49,"key":"REST"}],"neow_cost":"TEN_PERCENT_HP_LOSS","seed_source_timestamp":693414521796163,"circlet_count":0,"master_deck":["Strike_R","Strike_R","Strike_R","Strike_R","Strike_R","Defend_R+1","Defend_R","Defend_R","Defend_R","Bash","Spot Weakness+1","Battle Trance","Clash","Anger+1","Disarm+1","Clothesline+1","Feed+1","Anger+1","Heavy Blade+1","Offering","Disarm+1","Clash+1","Infernal Blade+1","J.A.X.","Armaments+1","Warcry+1","Clash+1","Twin Strike+1","Limit Break+1","Iron Wave+1","Shrug It Off","Clash","Madness+1","Madness","Sword Boomerang","Perfected Strike+1","Dropkick+1"],"relics":["Burning Blood","Calipers","Du-Vu Doll","Art of War","Boot","Juzu Bracelet","Torii","Tiny House","Centennial Puzzle","HandDrill","Happy Flower","Red Skull","Meat on the Bone","Peace Pipe","Kunai","Incense Burner","Busted Crown","Whetstone","Pear","War Paint","Pen Nib","Red Mask"],"potions_floor_usage":[12,16,16,19,23,28,30,33,40,50,50,50],"damage_taken":[{"damage":0,"enemies":"2 Louse","floor":1,"turns":4},{"damage":8,"enemies":"Small Slimes","floor":2,"turns":4},{"damage":0,"enemies":"Jaw Worm","floor":3,"turns":5},{"damage":5,"enemies":"2 Fungi Beasts","floor":4,"turns":4},{"damage":29,"enemies":"3 Sentries","floor":6,"turns":9},{"damage":31,"enemies":"Lagavulin","floor":8,"turns":6},{"damage":9,"enemies":"Gremlin Nob","floor":12,"turns":3},{"damage":1,"enemies":"Red Slaver","floor":13,"turns":5},{"damage":22,"enemies":"3 Sentries","floor":14,"turns":6},{"damage":24,"enemies":"Slime Boss","floor":16,"turns":6},{"damage":36,"enemies":"2 Thieves","floor":18,"turns":4},{"damage":9,"enemies":"3 Byrds","floor":19,"turns":3},{"damage":19,"enemies":"Book of Stabbing","floor":23,"turns":6},{"damage":12,"enemies":"Gremlin Leader","floor":25,"turns":6},{"damage":15,"enemies":"Slavers","floor":27,"turns":5},{"damage":9,"enemies":"Centurion and Healer","floor":28,"turns":2},{"damage":7,"enemies":"Book of Stabbing","floor":30,"turns":5},{"damage":56,"enemies":"Collector","floor":33,"turns":9},{"damage":9,"enemies":"Flame Bruiser 1 Orb","floor":35,"turns":4},{"damage":1,"enemies":"3 Shapes","floor":36,"turns":7},{"damage":17,"enemies":"3 Darklings","floor":37,"turns":3},{"damage":59,"enemies":"2 Orb Walkers","floor":40,"turns":7},{"damage":11,"enemies":"Flame Bruiser 2 Orb","floor":41,"turns":4},{"damage":9,"enemies":"Maw","floor":42,"turns":6},{"damage":11,"enemies":"Nemesis","floor":45,"turns":5},{"damage":4,"enemies":"Giant Head","floor":47,"turns":6},{"damage":17,"enemies":"Time Eater","floor":50,"turns":10}],"seed_played":"-5372952926139621174","potions_obtained":[{"floor":6,"key":"Energy Potion"},{"floor":8,"key":"AttackPotion"},{"floor":14,"key":"SteroidPotion"},{"floor":17,"key":"Swift Potion"},{"floor":18,"key":"Explosive Potion"},{"floor":23,"key":"SpeedPotion"},{"floor":25,"key":"Energy Potion"},{"floor":28,"key":"SkillPotion"},{"floor":35,"key":"SpeedPotion"},{"floor":37,"key":"SteroidPotion"},{"floor":40,"key":"Ancient Potion"},{"floor":47,"key":"Block Potion"}],"is_trial":false,"path_per_floor":["M","M","M","M","$","E","R","E","T","?","?","E","M","E","R","B",null,"M","M","T","?","$","E","R","E","T","E","M","R","E","$","R","B",null,"M","M","M","$","?","E","M","M","T","R","E","R","E","?","R","B"],"character_chosen":"IRONCLAD","items_purchased":["Calipers","HandDrill","Happy Flower","Clash"],"campfire_rested":1,"item_purchase_floors":[5,22,22,38],"current_hp_per_floor":[72,70,72,72,72,49,49,24,24,48,48,45,53,40,40,22,83,53,53,53,53,53,40,40,37,37,40,49,49,60,60,60,22,89,86,93,82,82,70,29,36,45,55,55,66,66,72,72,105,94],"gold":0,"neow_bonus":"TWO_FIFTY_GOLD","is_prod":false,"is_daily":false,"chose_seed":false,"campfire_upgraded":7,"win_rate":0,"timestamp":1532047088,"path_taken":["M","M","M","M","$","E","R","E","T","?","?","E","M","E","R","BOSS","M","M","?","?","$","E","R","E","T","E","M","R","E","$","R","BOSS","M","M","M","$","?","E","M","M","T","R","E","R","E","?","R","BOSS"],"build_version":"2018-07-12","purchased_purges":0,"victory":true,"max_hp_per_floor":[72,72,72,72,72,72,72,72,72,72,72,72,75,78,78,78,83,83,86,86,86,86,86,86,89,89,89,89,89,89,89,89,89,89,89,93,93,93,93,93,93,93,103,103,107,107,111,111,111,111],"card_choices":[{"not_picked":["True Grit","Armaments"],"picked":"Spot Weakness","floor":1},{"not_picked":["Entrench","Flex"],"picked":"Battle Trance","floor":2},{"not_picked":["Searing Blow","Whirlwind"],"picked":"Clash","floor":3},{"not_picked":["Sword Boomerang","Headbutt"],"picked":"Anger","floor":4},{"not_picked":["Ghostly Armor","Second Wind"],"picked":"Disarm","floor":6},{"not_picked":["Carnage","Warcry"],"picked":"Clothesline","floor":8},{"not_picked":["Ghostly Armor","Seeing Red"],"picked":"Feed","floor":12},{"not_picked":["Rage","Uppercut"],"picked":"Anger","floor":13},{"not_picked":["Flex","Intimidate"],"picked":"Heavy Blade","floor":14},{"not_picked":["Barricade","Brutality"],"picked":"Offering","floor":16},{"not_picked":["Perfected Strike","Warcry"],"picked":"Disarm","floor":17},{"not_picked":["Fire Breathing","Twin Strike+1"],"picked":"Clash+1","floor":18},{"not_picked":["Warcry+1","Dual Wield"],"picked":"Infernal Blade","floor":19},{"not_picked":["Juggernaut","Burning Pact"],"picked":"Armaments+1","floor":23},{"not_picked":["Armaments","Blood for Blood"],"picked":"Warcry","floor":25},{"not_picked":["Wild Strike","Hemokinesis","Twin Strike"],"picked":"SKIP","floor":27},{"not_picked":["Berserk","Entrench"],"picked":"Clash+1","floor":28},{"not_picked":["Metallicize","Headbutt"],"picked":"Twin Strike+1","floor":30},{"not_picked":["Double Tap","Juggernaut"],"picked":"Limit Break","floor":33},{"not_picked":["Wild Strike+1"],"picked":"SKIP","floor":35},{"not_picked":[],"picked":"Iron Wave+1","floor":36},{"not_picked":[],"picked":"Shrug It Off","floor":37},{"not_picked":["Wild Strike"],"picked":"SKIP","floor":40},{"not_picked":["Hemokinesis+1"],"picked":"SKIP","floor":41},{"not_picked":[],"picked":"Sword Boomerang","floor":42},{"not_picked":[],"picked":"Perfected Strike+1","floor":45},{"not_picked":[],"picked":"Dropkick+1","floor":47}],"player_experience":193277,"relics_obtained":[{"floor":6,"key":"Du-Vu Doll"},{"floor":8,"key":"Art of War"},{"floor":9,"key":"Boot"},{"floor":12,"key":"Juzu Bracelet"},{"floor":14,"key":"Torii"},{"floor":20,"key":"Centennial Puzzle"},{"floor":23,"key":"Red Skull"},{"floor":25,"key":"Meat on the Bone"},{"floor":26,"key":"Peace Pipe"},{"floor":27,"key":"Kunai"},{"floor":30,"key":"Incense Burner"},{"floor":40,"key":"Whetstone"},{"floor":43,"key":"Pear"},{"floor":45,"key":"War Paint"},{"floor":47,"key":"Pen Nib"}],"event_choices":[{"event_name":"Big Fish","player_choice":"Banana","floor":10,"damage_taken":0},{"event_name":"Living Wall","player_choice":"Grow","floor":11,"damage_taken":0},{"event_name":"Drug Dealer","player_choice":"Got JAXXED","floor":21,"damage_taken":0},{"event_name":"Winding Halls","player_choice":"Embrace Madness","floor":39,"damage_taken":0},{"event_name":"Tomb of Lord Red Mask","player_choice":"Paid","floor":48,"damage_taken":0}],"boss_relics":[{"not_picked":["Snecko Eye","Velvet Choker"],"picked":"Tiny House"},{"not_picked":["Philosopher\u0027s Stone","Runic Dome"],"picked":"Busted Crown"}],"items_purged_floors":[],"is_endless":false,"potions_floor_spawned":[6,8,14,18,23,25,28,35,37,40,47],"ascension_level":3}