{"gold_per_floor":[116,136,154,154,229,229,239,83,83,93,93,93,93,106,106,179,179,191,207,221,146,61,61],"floor_reached":23,"playtime":721,"items_purged":["Strike_R"],"score":302,"play_id":"4cfb1c0d-02d3-4d0d-9794-a0ed1ab76767","local_time":"20190704202817","is_ascension_mode":true,"campfire_choices":[{"data":"Pommel Strike","floor":6,"key":"SMITH"},{"data":"Limit Break","floor":11,"key":"SMITH"},{"floor":13,"key":"REST"},{"floor":15,"key":"REST"}],"neow_cost":"NONE","seed_source_timestamp":142695408957754,"circlet_count":0,"master_deck":["AscendersBane","Strike_R","Strike_R","Strike_R","Defend_R","Defend_R","Defend_R","Defend_R","Bash","Panacea","Pommel Strike+1","Clothesline","Spot Weakness","Sword Boomerang","Limit Break+1","Exhume","Havoc","Reaper","Disarm","Heavy Blade"],"relics":["Burning Blood","Pantograph","PreservedInsect","Velvet Choker","The Courier"],"potions_floor_usage":[10,14,18,23],"damage_taken":[{"damage":0,"enemies":"2 Louse","floor":1,"turns":3},{"damage":0,"enemies":"Small Slimes","floor":2,"turns":3},{"damage":0,"enemies":"Cultist","floor":3,"turns":3},{"damage":10,"enemies":"Blue Slaver","floor":7,"turns":4},{"damage":34,"enemies":"Large Slime","floor":10,"turns":5},{"damage":28,"enemies":"Lots of Slimes","floor":14,"turns":4},{"damage":47,"enemies":"The Guardian","floor":16,"turns":10},{"damage":26,"enemies":"Shell Parasite","floor":18,"turns":6},{"damage":47,"enemies":"2 Thieves","floor":19,"turns":5},{"damage":26,"enemies":"Snake Plant","floor":20,"turns":4},{"damage":13,"enemies":"Slavers","floor":23,"turns":1}],"seed_played":"-4202330553818303091","potions_obtained":[{"floor":1,"key":"LiquidBronze"},{"floor":3,"key":"BloodPotion"},{"floor":14,"key":"Dexterity Potion"},{"floor":16,"key":"Weak Potion"}],"is_trial":false,"path_per_floor":["M","M","M","?","?","R","M","$","T","M","R","?","R","M","R","B",null,"M","M","M","?","?","E"],"character_chosen":"IRONCLAD","items_purchased":["Limit Break"],"campfire_rested":2,"item_purchase_floors":[8],"current_hp_per_floor":[78,80,80,62,51,51,47,47,47,39,39,39,63,41,65,39,70,63,30,10,10,10,0],"gold":61,"neow_bonus":"RANDOM_COLORLESS","is_prod":false,"is_daily":false,"chose_seed":false,"campfire_upgraded":2,"win_rate":0,"timestamp":1562286497,"path_taken":["M","M","M","?","?","R","M","$","T","M","R","?","R","M","R","BOSS","M","M","M","?","?","E"],"build_version":"2019-07-01","purchased_purges":1,"victory":false,"max_hp_per_floor":[80,80,80,80,80,80,80,80,80,80,80,80,80,80,80,80,80,80,80,80,80,80,80],"card_choices":[{"not_picked":["Armaments","Wild Strike"],"picked":"Pommel Strike","floor":1},{"not_picked":["Body Slam","Heavy Blade"],"picked":"Clothesline","floor":2},{"not_picked":["Corruption","Flex"],"picked":"Spot Weakness","floor":3},{"not_picked":["Havoc","Bloodletting"],"picked":"Sword Boomerang","floor":7},{"not_picked":["Flex","Combust"],"picked":"Exhume","floor":10},{"not_picked":["Flex","Clothesline"],"picked":"Havoc","floor":14},{"not_picked":["Immolate","Brutality"],"picked":"Reaper","floor":16},{"not_picked":["Intimidate","Combust","Cleave"],"picked":"SKIP","floor":18},{"not_picked":["Twin Strike","Spot Weakness"],"picked":"Disarm","floor":19},{"not_picked":["Thunderclap","Iron Wave"],"picked":"Heavy Blade","floor":20}],"player_experience":440484,"relics_obtained":[{"floor":9,"key":"PreservedInsect"}],"event_choices":[{"damage_healed":0,"gold_gain":0,"player_choice":"Success","damage_taken":18,"relics_obtained":["Pantograph"],"max_hp_gain":0,"max_hp_loss":0,"event_name":"Scrap Ooze","floor":4,"gold_loss":0},{"damage_healed":0,"gold_gain":75,"player_choice":"Gather Gold","damage_taken":11,"max_hp_gain":0,"max_hp_loss":0,"event_name":"World of Goop","floor":5,"gold_loss":0},{"damage_healed":0,"gold_gain":0,"player_choice":"Ignored","damage_taken":0,"max_hp_gain":0,"max_hp_loss":0,"event_name":"Liars Game","floor":12,"gold_loss":0},{"cards_removed":["Strike_R"],"damage_healed":0,"gold_gain":0,"player_choice":"Gave Gold","damage_taken":0,"max_hp_gain":0,"max_hp_loss":0,"event_name":"Beggar","floor":21,"gold_loss":75},{"damage_healed":0,"gold_gain":0,"player_choice":"Obtained Relic","damage_taken":0,"relics_obtained":["The Courier"],"max_hp_gain":0,"max_hp_loss":0,"event_name":"Addict","floor":22,"gold_loss":85}],"is_beta":false,"boss_relics":[{"not_picked":["Black Star","Ectoplasm"],"picked":"Velvet Choker"}],"items_purged_floors":[8],"is_endless":false,"potions_floor_spawned":[1,3,14,16],"killed_by":"Slavers","ascension_level":13}