{"gold_per_floor":[214,228,243,8,20,20,54,54,54,86,105,67,67,80,80,80],"floor_reached":16,"playtime":757,"items_purged":[],"score":190,"play_id":"987e10a4-6006-466e-9cba-2c573bca216d","local_time":"20190707080838","is_ascension_mode":true,"campfire_choices":[{"data":"Shrug It Off","floor":6,"key":"SMITH"},{"data":"Uppercut","floor":8,"key":"SMITH"},{"floor":15,"key":"REST"}],"neow_cost":"NONE","seed_source_timestamp":177902034857,"circlet_count":0,"master_deck":["AscendersBane","Strike_R","Strike_R","Strike_R","Strike_R","Strike_R","Defend_R","Defend_R","Defend_R","Defend_R","Bash","Twin Strike","Sever Soul","Shrug It Off+1","Feel No Pain","Uppercut+1","Ghostly Armor","Pummel","Inflame","Pummel"],"relics":["Burning Blood","Chemical X","Omamori","Gremlin Horn","Bottled Flame"],"potions_floor_usage":[16],"damage_taken":[{"damage":9,"enemies":"Cultist","floor":1,"turns":5},{"damage":10,"enemies":"Small Slimes","floor":2,"turns":3},{"damage":14,"enemies":"Jaw Worm","floor":3,"turns":3},{"damage":8,"enemies":"2 Fungi Beasts","floor":5,"turns":5},{"damage":18,"enemies":"3 Sentries","floor":7,"turns":11},{"damage":27,"enemies":"Lagavulin","floor":10,"turns":7},{"damage":3,"enemies":"Looter","floor":11,"turns":3},{"damage":0,"enemies":"3 Louse","floor":14,"turns":3},{"damage":51,"enemies":"Hexaghost","floor":16,"turns":9}],"seed_played":"3604518709556484451","potions_obtained":[{"floor":5,"key":"Poison Potion"},{"floor":7,"key":"SpeedPotion"},{"floor":14,"key":"Dexterity Potion"}],"is_trial":false,"path_per_floor":["M","M","M","$","M","R","E","R","T","E","M","$","?","M","R","B"],"character_chosen":"IRONCLAD","items_purchased":["Feel No Pain","Chemical X","Inflame"],"campfire_rested":1,"item_purchase_floors":[4,4,12],"current_hp_per_floor":[65,61,53,53,51,51,39,39,39,18,21,21,21,27,49,0],"gold":80,"neow_bonus":"HUNDRED_GOLD","is_prod":false,"is_daily":false,"chose_seed":false,"campfire_upgraded":2,"win_rate":0,"timestamp":1562501318,"path_taken":["M","M","M","$","M","R","E","R","T","E","M","?","?","M","R","BOSS"],"build_version":"2019-07-05","purchased_purges":0,"victory":false,"max_hp_per_floor":[75,75,75,75,75,75,75,75,75,75,75,75,75,75,75,75],"card_choices":[{"not_picked":["Sword Boomerang","Iron Wave"],"picked":"Twin Strike","floor":1},{"not_picked":["Thunderclap","Havoc"],"picked":"Sever Soul","floor":2},{"not_picked":["Seeing Red","Corruption"],"picked":"Shrug It Off","floor":3},{"not_picked":["Havoc","Perfected Strike","Blood for Blood"],"picked":"SKIP","floor":5},{"not_picked":["Anger","Second Wind"],"picked":"Uppercut","floor":7},{"not_picked":["Heavy Blade","Wild Strike"],"picked":"Ghostly Armor","floor":10},{"not_picked":["Twin Strike","Headbutt"],"picked":"Pummel","floor":11},{"not_picked":["Heavy Blade","Sword Boomerang"],"picked":"Pummel","floor":14}],"player_experience":458529,"relics_obtained":[{"floor":7,"key":"Omamori"},{"floor":9,"key":"Gremlin Horn"},{"floor":10,"key":"Bottled Flame"}],"event_choices":[{"damage_healed":0,"gold_gain":0,"player_choice":"Bought 0 Potions","damage_taken":0,"max_hp_gain":0,"max_hp_loss":0,"event_name":"The Woman in Blue","floor":13,"gold_loss":0}],"is_beta":false,"boss_relics":[],"items_purged_floors":[],"is_endless":false,"potions_floor_spawned":[5,7,10,14],"killed_by":"Hexaghost","ascension_level":14}