{"gold_per_floor":[119,21,33,46,59,59,89,101,138,150,162,215,227,275,287,299],"floor_reached":16,"playtime":549,"items_purged":[],"score":236,"play_id":"5163254f-9d5c-4cf5-92f6-ab83064a26ab","local_time":"20181101212449","is_ascension_mode":true,"campfire_choices":[{"data":"Bash","floor":6,"key":"SMITH"},{"data":"Feel No Pain","floor":8,"key":"SMITH"},{"data":"Inflame","floor":10,"key":"SMITH"},{"data":"Uppercut","floor":15,"key":"SMITH"}],"neow_cost":"NONE","seed_source_timestamp":1214352880947907,"circlet_count":0,"master_deck":["AscendersBane","Strike_R","Strike_R","Strike_R","Strike_R","Strike_R","Defend_R","Defend_R","Defend_R","Defend_R","Bash+1","Wild Strike","Shrug It Off","Combust","Shrug It Off","Inflame+1","Feel No Pain+1","Reckless Charge","Uppercut+1"],"relics":["Burning Blood","MawBank","Strawberry","Golden Idol","Oddly Smooth Stone","Happy Flower"],"potions_floor_usage":[12],"damage_taken":[{"damage":0,"enemies":"2 Louse","floor":1,"turns":5},{"damage":13,"enemies":"Small Slimes","floor":3,"turns":4},{"damage":5,"enemies":"Jaw Worm","floor":4,"turns":3},{"damage":12,"enemies":"Looter","floor":5,"turns":4},{"damage":31,"enemies":"Gremlin Nob","floor":7,"turns":4},{"damage":27,"enemies":"Lagavulin","floor":12,"turns":6},{"damage":18,"enemies":"3 Sentries","floor":14,"turns":12},{"damage":26,"enemies":"Hexaghost","floor":16,"turns":7}],"seed_played":"-3834602672135740917","potions_obtained":[{"floor":3,"key":"LiquidBronze"},{"floor":14,"key":"FearPotion"}],"is_trial":false,"path_per_floor":["M","$","M","M","M","R","E","R","T","R","?","E","?","E","R","B"],"character_chosen":"IRONCLAD","items_purchased":["Shrug It Off","Combust"],"campfire_rested":0,"item_purchase_floors":[2,2],"current_hp_per_floor":[81,81,74,75,69,69,44,44,51,51,51,30,30,18,18,0],"gold":299,"neow_bonus":"TEN_PERCENT_HP_BONUS","is_prod":false,"is_daily":false,"chose_seed":false,"campfire_upgraded":4,"win_rate":0,"timestamp":1541121889,"path_taken":["M","$","M","M","M","R","E","R","T","R","?","E","?","E","R","BOSS"],"build_version":"2018-11-01","purchased_purges":0,"victory":false,"max_hp_per_floor":[82,82,82,82,82,82,82,82,89,89,81,81,81,81,81,81],"card_choices":[{"not_picked":["Headbutt","Intimidate"],"picked":"Wild Strike","floor":1},{"not_picked":["Armaments","Rupture"],"picked":"Shrug It Off","floor":3},{"not_picked":["Headbutt","Carnage"],"picked":"Inflame","floor":4},{"not_picked":["Cleave","Dual Wield"],"picked":"Feel No Pain","floor":5},{"not_picked":["Clash","Perfected Strike"],"picked":"Reckless Charge","floor":7},{"not_picked":["Warcry","Sever Soul"],"picked":"Uppercut","floor":12},{"not_picked":["Perfected Strike","Fire Breathing","Sentinel"],"picked":"SKIP","floor":14}],"player_experience":1036563,"relics_obtained":[{"floor":7,"key":"MawBank"},{"floor":9,"key":"Strawberry"},{"floor":12,"key":"Oddly Smooth Stone"},{"floor":14,"key":"Happy Flower"}],"event_choices":[{"damage_healed":0,"gold_gain":0,"player_choice":"Lose Max HP","damage_taken":0,"relics_obtained":["Golden Idol"],"max_hp_gain":0,"max_hp_loss":8,"event_name":"Golden Idol","floor":11,"gold_loss":0},{"damage_healed":0,"gold_gain":0,"player_choice":"Ignored","damage_taken":0,"max_hp_gain":0,"max_hp_loss":0,"event_name":"Shining Light","floor":13,"gold_loss":0}],"is_beta":false,"boss_relics":[],"items_purged_floors":[],"is_endless":false,"potions_floor_spawned":[3,14],"killed_by":"Hexaghost","ascension_level":20}