{"gold_per_floor":[112,112,122,122,47,47,60,103,175,175,191,207,225,225,225,345,345,360,355,355,111,132,167,167,167,215,215,240,240,260,275,275,275],"floor_reached":33,"playtime":1333,"items_purged":["Bash","Regret"],"score":323,"play_id":"063035ad-720e-4ac3-a7a1-e2f5b8db832e","local_time":"20190722214940","is_ascension_mode":true,"campfire_choices":[{"data":"Anger","floor":6,"key":"SMITH"},{"data":"Body Slam","floor":15,"key":"SMITH"},{"floor":24,"key":"REST"},{"floor":29,"key":"REST"},{"floor":32,"key":"REST"}],"neow_cost":"TEN_PERCENT_HP_LOSS","seed_source_timestamp":105198560727115,"circlet_count":0,"master_deck":["Strike_R","Strike_R","Strike_R","Strike_R","Strike_R","Defend_R","Defend_R","Uppercut+1","Anger+1","Clash","Power Through","Body Slam+1","Parasite","Headbutt","Intimidate","Exhume","Shockwave","Iron Wave+1","Cleave","Twin Strike+1","Headbutt+1","Sword Boomerang+1"],"relics":["Black Blood","Golden Idol","Pen Nib","Blue Candle","Self Forming Clay","Red Skull","Smiling Mask","Anchor","Bag of Marbles"],"potions_floor_usage":[22,23,23,33,33,33,33,33],"damage_taken":[{"damage":0,"enemies":"Small Slimes","floor":1,"turns":2},{"damage":0,"enemies":"Cultist","floor":3,"turns":2},{"damage":4,"enemies":"Jaw Worm","floor":7,"turns":2},{"damage":13,"enemies":"Gremlin Nob","floor":8,"turns":4},{"damage":7,"enemies":"Large Slime","floor":11,"turns":4},{"damage":7,"enemies":"Looter","floor":12,"turns":2},{"damage":10,"enemies":"Blue Slaver","floor":13,"turns":2},{"damage":26,"enemies":"Hexaghost","floor":16,"turns":8},{"damage":26,"enemies":"3 Byrds","floor":18,"turns":7},{"damage":19,"enemies":"2 Thieves","floor":19,"turns":4},{"damage":23,"enemies":"Shelled Parasite and Fungi","floor":22,"turns":6},{"damage":41,"enemies":"Book of Stabbing","floor":23,"turns":6},{"damage":11,"enemies":"3 Cultists","floor":28,"turns":5},{"damage":8,"enemies":"Snake Plant","floor":30,"turns":3},{"damage":22,"enemies":"Snecko","floor":31,"turns":5},{"damage":91,"enemies":"Collector","floor":33,"turns":8}],"seed_played":"-3830035035276667356","potions_obtained":[{"floor":3,"key":"Weak Potion"},{"floor":16,"key":"Energy Potion"},{"floor":22,"key":"Explosive Potion"},{"floor":27,"key":"EntropicBrew"},{"floor":27,"key":"SteroidPotion"},{"floor":27,"key":"Block Potion"},{"floor":31,"key":"Energy Potion"}],"is_trial":false,"path_per_floor":["M","?","M","?","$","R","M","E","T","?","M","M","M","?","R","B",null,"M","M","?","$","M","E","R","T","T","?","M","R","M","M","R","B"],"character_chosen":"IRONCLAD","items_purchased":["Red Skull"],"campfire_rested":3,"item_purchase_floors":[21],"current_hp_per_floor":[72,72,72,54,54,54,56,49,49,67,66,65,61,61,61,41,72,56,47,71,71,58,27,48,48,48,48,47,68,70,58,72,0],"gold":275,"neow_bonus":"TRANSFORM_TWO_CARDS","is_prod":false,"is_daily":false,"chose_seed":false,"campfire_upgraded":2,"win_rate":0,"timestamp":1563824980,"path_taken":["M","?","?","?","$","R","M","E","T","?","M","M","M","?","R","BOSS","M","M","?","$","M","E","R","?","T","?","M","R","M","M","R","BOSS"],"build_version":"2019-07-17","purchased_purges":2,"victory":false,"max_hp_per_floor":[72,72,72,72,72,72,72,72,72,72,72,72,72,72,72,72,72,72,72,72,72,72,72,72,72,72,72,72,72,72,72,72,72],"card_choices":[{"not_picked":["Iron Wave","Evolve","Heavy Blade"],"picked":"SKIP","floor":1},{"not_picked":["Burning Pact","Thunderclap"],"picked":"Clash","floor":3},{"not_picked":["Perfected Strike","True Grit"],"picked":"Power Through","floor":7},{"not_picked":["Corruption","Perfected Strike"],"picked":"Body Slam","floor":8},{"not_picked":["Dark Embrace","Armaments"],"picked":"Headbutt","floor":11},{"not_picked":["Clothesline","Fire Breathing","Iron Wave"],"picked":"SKIP","floor":12},{"not_picked":["Corruption","Havoc"],"picked":"Intimidate","floor":13},{"not_picked":["Brutality","Impervious"],"picked":"Exhume","floor":16},{"not_picked":["Rupture","Second Wind"],"picked":"Shockwave","floor":18},{"not_picked":["Sword Boomerang","Warcry"],"picked":"Iron Wave+1","floor":19},{"not_picked":["Headbutt","Warcry+1"],"picked":"Cleave","floor":22},{"not_picked":["Wild Strike","Sword Boomerang"],"picked":"Twin Strike+1","floor":23},{"not_picked":["Intimidate","Warcry+1"],"picked":"Headbutt+1","floor":28},{"not_picked":["Fiend Fire","Heavy Blade"],"picked":"Sword Boomerang+1","floor":30},{"not_picked":["Twin Strike","Sever Soul","Anger"],"picked":"SKIP","floor":31}],"player_experience":284726,"relics_obtained":[{"floor":8,"key":"Pen Nib"},{"floor":9,"key":"Blue Candle"},{"floor":23,"key":"Smiling Mask"},{"floor":25,"key":"Anchor"},{"floor":26,"key":"Bag of Marbles"}],"event_choices":[{"damage_healed":0,"gold_gain":0,"player_choice":"Upgraded","damage_taken":0,"max_hp_gain":0,"max_hp_loss":0,"event_name":"Upgrade Shrine","floor":2,"gold_loss":0,"cards_upgraded":["Uppercut"]},{"damage_healed":0,"gold_gain":0,"player_choice":"Take Damage","damage_taken":18,"relics_obtained":["Golden Idol"],"max_hp_gain":0,"max_hp_loss":0,"event_name":"Golden Idol","floor":4,"gold_loss":0},{"damage_healed":18,"gold_gain":0,"player_choice":"Healed and dodged fight","damage_taken":0,"max_hp_gain":0,"max_hp_loss":0,"event_name":"Mushrooms","floor":10,"gold_loss":0,"cards_obtained":["Parasite"]},{"damage_healed":0,"gold_gain":0,"player_choice":"Box","damage_taken":0,"relics_obtained":["Self Forming Clay"],"max_hp_gain":0,"max_hp_loss":0,"event_name":"Big Fish","floor":14,"gold_loss":0,"cards_obtained":["Regret"]},{"damage_healed":24,"gold_gain":0,"player_choice":"Heal","damage_taken":0,"max_hp_gain":0,"max_hp_loss":0,"event_name":"The Library","floor":20,"gold_loss":0},{"damage_healed":0,"gold_gain":0,"player_choice":"Got Potions","damage_taken":0,"max_hp_gain":0,"max_hp_loss":0,"event_name":"Lab","floor":27,"gold_loss":0}],"is_beta":false,"boss_relics":[{"not_picked":["Coffee Dripper","Fusion Hammer"],"picked":"Black Blood"}],"items_purged_floors":[5,21],"is_endless":false,"potions_floor_spawned":[3,16,22,28,31],"killed_by":"Collector","ascension_level":4}