{"gold_per_floor":[209,209,222,239,117,117,142,156,156,156,172,172,206,223,223,326,326,345,172,172,187,202,202,202,202,202,231,231,231,250,260,260,364,364,364,378,395,415,239,239,239,239,239,239,254,254,265,283,283,283],"floor_reached":51,"playtime":2591,"items_purged":["Strike_R","Strike_R","Strike_R"],"score":731,"play_id":"e675af29-f325-4eed-bf22-b669ba15c876","local_time":"20180814234142","is_ascension_mode":false,"campfire_choices":[{"data":"True Grit","floor":6,"key":"SMITH"},{"data":"Feed","floor":10,"key":"SMITH"},{"data":"Hemokinesis","floor":12,"key":"SMITH"},{"data":"Metallicize","floor":15,"key":"SMITH"},{"data":"Armaments","floor":23,"key":"SMITH"},{"data":"Inflame","floor":25,"key":"SMITH"},{"data":"Double Tap","floor":29,"key":"SMITH"},{"data":"Disarm","floor":32,"key":"SMITH"},{"floor":40,"key":"REST"},{"data":"Demon Form","floor":44,"key":"SMITH"},{"data":"Disarm","floor":46,"key":"SMITH"},{"floor":49,"key":"REST"}],"neow_cost":"NONE","seed_source_timestamp":252352099919038,"circlet_count":0,"master_deck":["Strike_R","Defend_R","Defend_R","Defend_R","Defend_R","Bash","True Grit+1","Metallicize+1","Pommel Strike","Clothesline","Feed+1","Hemokinesis+1","Clash","Clash","Double Tap+1","Metallicize+1","Disarm+1","Inflame+1","Armaments+1","Battle Trance","Spot Weakness","Clash","Demon Form+1","Pommel Strike","Disarm+1","Rage+1","Writhe","Armaments+1","Shockwave+1"],"special_seed":0,"relics":["Burning Blood"],"potions_floor_usage":[8,16,33,35,37,38,50,50,50],"damage_taken":[{"damage":5,"enemies":"2 Louse","floor":1,"turns":3},{"damage":6,"enemies":"Cultist","floor":3,"turns":4},{"damage":2,"enemies":"Small Slimes","floor":4,"turns":5},{"damage":15,"enemies":"3 Sentries","floor":7,"turns":14},{"damage":3,"enemies":"Blue Slaver","floor":8,"turns":3},{"damage":3,"enemies":"Looter","floor":11,"turns":4},{"damage":20,"enemies":"Gremlin Nob","floor":13,"turns":4},{"damage":3,"enemies":"3 Louse","floor":14,"turns":5},{"damage":38,"enemies":"Hexaghost","floor":16,"turns":11},{"damage":10,"enemies":"2 Thieves","floor":18,"turns":4},{"damage":7,"enemies":"Shell Parasite","floor":21,"turns":8},{"damage":14,"enemies":"Snecko","floor":22,"turns":7},{"damage":25,"enemies":"Book of Stabbing","floor":27,"turns":9},{"damage":7,"enemies":"Centurion and Healer","floor":30,"turns":7},{"damage":10,"enemies":"3 Cultists","floor":31,"turns":7},{"damage":28,"enemies":"Champ","floor":33,"turns":9},{"damage":26,"enemies":"3 Darklings","floor":35,"turns":5},{"damage":20,"enemies":"Orb Walker","floor":36,"turns":5},{"damage":25,"enemies":"Transient","floor":37,"turns":5},{"damage":32,"enemies":"Flame Bruiser 2 Orb","floor":38,"turns":20},{"damage":17,"enemies":"Maw","floor":45,"turns":10},{"damage":28,"enemies":"3 Darklings","floor":47,"turns":7},{"damage":54,"enemies":"4 Shapes","floor":48,"turns":6},{"damage":66,"enemies":"Time Eater","floor":50,"turns":13}],"seed_played":"950256164663580829","potions_obtained":[{"floor":3,"key":"Energy Potion"},{"floor":7,"key":"FearPotion"},{"floor":11,"key":"SmokeBomb"},{"floor":16,"key":"SpeedPotion"},{"floor":27,"key":"SpeedPotion"},{"floor":30,"key":"PowerPotion"},{"floor":36,"key":"AttackPotion"},{"floor":37,"key":"AttackPotion"},{"floor":38,"key":"SkillPotion"}],"is_trial":false,"path_per_floor":["M","?","M","M","$","R","E","M","T","R","M","R","E","M","R","B",null,"M","$","?","M","M","R","?","R","T","E","?","R","M","M","R","B",null,"M","M","M","M","$","R","?","?","T","R","M","R","M","M","R","B"],"character_chosen":"IRONCLAD","items_purchased":["Pommel Strike","Disarm","AttackPotion"],"campfire_rested":2,"item_purchase_floors":[5,19,39],"current_hp_per_floor":[80,80,80,80,80,80,71,74,74,74,81,81,71,78,78,50,96,96,96,96,99,95,95,95,95,95,80,80,80,79,75,75,53,112,92,78,59,37,37,71,71,100,100,100,93,93,75,31,69,9],"gold":283,"neow_bonus":"HUNDRED_GOLD","is_prod":false,"is_daily":false,"chose_seed":false,"campfire_upgraded":10,"win_rate":0,"timestamp":1534304502,"path_taken":["M","?","M","M","$","R","E","M","T","R","M","R","E","M","R","BOSS","M","$","?","M","M","R","?","R","T","E","?","R","M","M","R","BOSS","M","?","M","M","$","R","?","?","T","R","M","R","M","M","R","BOSS"],"build_version":"2018-08-09","purchased_purges":3,"victory":true,"max_hp_per_floor":[80,80,80,80,80,80,80,80,80,80,84,84,88,92,92,96,96,100,100,100,104,108,108,108,108,108,112,112,112,112,112,112,112,112,112,112,112,116,116,116,116,116,116,116,120,120,124,128,128,128],"card_choices":[{"not_picked":["Thunderclap","Reckless Charge"],"picked":"True Grit","floor":1},{"not_picked":["Wild Strike","Clothesline"],"picked":"Metallicize","floor":3},{"not_picked":["Havoc","Corruption","Iron Wave"],"picked":"SKIP","floor":4},{"not_picked":["Rage","Shockwave"],"picked":"Clothesline","floor":7},{"not_picked":["Body Slam","Headbutt"],"picked":"Feed","floor":8},{"not_picked":["Ghostly Armor","Warcry"],"picked":"Hemokinesis","floor":11},{"not_picked":["Sentinel","Perfected Strike"],"picked":"Clash","floor":13},{"not_picked":["Wild Strike","Twin Strike"],"picked":"Clash","floor":14},{"not_picked":["Feed","Fiend Fire"],"picked":"Double Tap","floor":16},{"not_picked":["Sword Boomerang+1","Rupture"],"picked":"Metallicize+1","floor":18},{"not_picked":["Cleave+1","Sword Boomerang"],"picked":"Inflame","floor":21},{"not_picked":["Heavy Blade","Clothesline"],"picked":"Armaments","floor":22},{"not_picked":["Clash","Sword Boomerang"],"picked":"Battle Trance","floor":27},{"not_picked":["Infernal Blade","Headbutt"],"picked":"Spot Weakness","floor":30},{"not_picked":["Hemokinesis","Uppercut"],"picked":"Clash","floor":31},{"not_picked":["Immolate","Brutality"],"picked":"Demon Form","floor":33},{"not_picked":["Thunderclap+1","Iron Wave+1"],"picked":"Pommel Strike","floor":36},{"not_picked":["Pummel+1","Corruption"],"picked":"Disarm","floor":37},{"not_picked":["Pummel+1","Wild Strike"],"picked":"Rage+1","floor":38},{"not_picked":["Iron Wave","Pommel Strike+1"],"picked":"Armaments+1","floor":45},{"not_picked":["Infernal Blade","Shrug It Off"],"picked":"Shockwave+1","floor":47},{"not_picked":["Iron Wave","Heavy Blade","Reckless Charge+1"],"picked":"SKIP","floor":48}],"player_experience":508021,"relics_obtained":[],"event_choices":[{"event_name":"Bonfire Elementals","player_choice":"BASIC","floor":2,"damage_taken":0},{"event_name":"Ghosts","player_choice":"Ignored","floor":20,"damage_taken":0},{"event_name":"The Mausoleum","player_choice":"No","floor":24,"damage_taken":0},{"event_name":"Addict","player_choice":"Ignored","floor":28,"damage_taken":0},{"event_name":"Mysterious Sphere","player_choice":"Ignore","floor":41,"damage_taken":0},{"event_name":"Winding Halls","player_choice":"Writhe","floor":42,"damage_taken":0}],"is_beta":false,"boss_relics":[{"not_picked":[]},{"not_picked":["Orrery","Runic Pyramid","Fusion Hammer"]}],"items_purged_floors":[5,19,39],"is_endless":false,"potions_floor_spawned":[3,7,11,16,27,30,31,36,37,38],"ascension_level":0}