{"gold_per_floor":[217,227,239,37,48,75,75,105,105,105,135,135,35,75,75,198,198,219,219,240,36,55,55,95,95,95,95,114,148,148,71,71,71],"floor_reached":33,"playtime":1970,"items_purged":["Strike_R","Strike_R"],"score":481,"play_id":"e062d3d8-6a19-49c4-a95c-e6a410f7904e","local_time":"20180731193358","is_ascension_mode":true,"campfire_choices":[{"data":"Searing Blow","floor":7,"key":"SMITH"},{"data":"Searing Blow+1","floor":10,"key":"SMITH"},{"data":"Searing Blow+2","floor":15,"key":"SMITH"},{"data":"Searing Blow+3","floor":23,"key":"SMITH"},{"data":"Searing Blow+4","floor":25,"key":"SMITH"},{"data":"Searing Blow+5","floor":32,"key":"SMITH"}],"neow_cost":"NONE","seed_source_timestamp":73234593499001,"circlet_count":0,"master_deck":["Strike_R+1","Strike_R+1","Strike_R+1","Defend_R+1","Defend_R+1","Defend_R+1","Defend_R+1","Bash","True Grit","Searing Blow+6","Warcry","Shrug It Off","Uppercut","Shrug It Off","Cleave","Exhume","Fiend Fire","Feed","Hemokinesis","Battle Trance+1","Shrug It Off","Clothesline","Headbutt","Ghostly","Ghostly","Ghostly","Ghostly","Ghostly","Feel No Pain+1","Warcry+1","Rupture+1"],"relics":["Burning Blood","Mercury Hourglass","Centennial Puzzle","Strawberry","Singing Bowl","Golden Idol","Pear","Coffee Dripper","Regal Pillow","Happy Flower","Frozen Egg 2","Anchor","Nilry\u0027s Codex"],"potions_floor_usage":[6,8,16,18,20,22,24,29],"damage_taken":[{"damage":6,"enemies":"Jaw Worm","floor":1,"turns":5},{"damage":12,"enemies":"2 Louse","floor":2,"turns":3},{"damage":7,"enemies":"Small Slimes","floor":3,"turns":4},{"damage":7,"enemies":"Red Slaver","floor":5,"turns":7},{"damage":21,"enemies":"3 Sentries","floor":6,"turns":14},{"damage":24,"enemies":"Lagavulin","floor":8,"turns":7},{"damage":9,"enemies":"3 Sentries","floor":14,"turns":5},{"damage":10,"enemies":"Slime Boss","floor":16,"turns":7},{"damage":10,"enemies":"2 Thieves","floor":18,"turns":4},{"damage":18,"enemies":"3 Byrds","floor":20,"turns":4},{"damage":6,"enemies":"Snake Plant","floor":22,"turns":3},{"damage":32,"enemies":"Book of Stabbing","floor":24,"turns":6},{"damage":9,"enemies":"Chosen and Byrds","floor":28,"turns":4},{"damage":3,"enemies":"Gremlin Leader","floor":29,"turns":9},{"damage":33,"enemies":"Automaton","floor":33,"turns":8}],"seed_played":"-973218321109000927","potions_obtained":[{"floor":1,"key":"Weak Potion"},{"floor":5,"key":"Swift Potion"},{"floor":14,"key":"SkillPotion"},{"floor":16,"key":"EssenceOfSteel"},{"floor":18,"key":"FearPotion"},{"floor":20,"key":"Fruit Juice"},{"floor":22,"key":"EssenceOfSteel"},{"floor":24,"key":"Dexterity Potion"}],"is_trial":false,"path_per_floor":["M","M","M","$","M","E","R","E","T","R","?","?","$","E","R","B",null,"M","?","M","$","M","R","E","R","T","?","M","E","?","$","R"],"character_chosen":"IRONCLAD","items_purchased":["Shrug It Off","Uppercut","Shrug It Off","Regal Pillow","Rupture+1"],"campfire_rested":0,"item_purchase_floors":[4,4,21,21,31],"current_hp_per_floor":[72,66,65,65,64,49,49,31,38,38,38,38,38,45,45,41,79,78,78,69,69,74,74,48,48,48,48,45,48,32,32,32,0],"gold":71,"neow_bonus":"HUNDRED_GOLD","is_prod":false,"is_daily":false,"chose_seed":false,"campfire_upgraded":6,"win_rate":0,"timestamp":1533080038,"path_taken":["M","M","M","$","M","E","R","E","T","R","?","?","?","E","R","BOSS","M","?","M","$","M","R","E","R","T","?","M","E","?","$","R","BOSS"],"build_version":"2018-07-26","purchased_purges":2,"victory":false,"max_hp_per_floor":[80,80,80,80,80,80,80,80,87,87,87,81,81,91,91,91,91,94,94,97,97,102,102,102,102,102,51,51,51,51,51,51,51],"card_choices":[{"not_picked":["Iron Wave","Thunderclap"],"picked":"True Grit","floor":1},{"not_picked":["Uppercut","Body Slam"],"picked":"Searing Blow","floor":2},{"not_picked":["Ghostly Armor","Shockwave"],"picked":"Warcry","floor":3},{"not_picked":["Body Slam","Rage"],"picked":"Shrug It Off","floor":5},{"not_picked":["Sword Boomerang","Wild Strike"],"picked":"Cleave","floor":6},{"not_picked":["Searing Blow","Burning Pact"],"picked":"Exhume","floor":8},{"not_picked":["Heavy Blade","Pummel"],"picked":"Fiend Fire","floor":14},{"not_picked":["Immolate","Barricade"],"picked":"Feed","floor":16},{"not_picked":["Body Slam","Perfected Strike"],"picked":"Hemokinesis","floor":18},{"not_picked":["Sword Boomerang","Brutality"],"picked":"Battle Trance+1","floor":20},{"not_picked":["Entrench","Thunderclap"],"picked":"Clothesline","floor":22},{"not_picked":["Armaments","Disarm"],"picked":"Headbutt","floor":24},{"not_picked":["Warcry","True Grit"],"picked":"Feel No Pain+1","floor":28},{"not_picked":["Bloodletting+1","Sword Boomerang+1"],"picked":"Warcry+1","floor":29}],"player_experience":409451,"relics_obtained":[{"floor":6,"key":"Mercury Hourglass"},{"floor":8,"key":"Centennial Puzzle"},{"floor":9,"key":"Strawberry"},{"floor":14,"key":"Pear"},{"floor":24,"key":"Happy Flower"},{"floor":26,"key":"Frozen Egg 2"},{"floor":29,"key":"Anchor"},{"floor":30,"key":"Nilry\u0027s Codex"}],"event_choices":[{"event_name":"Dead Adventurer","player_choice":"Searched \u00272\u0027 times","floor":11,"damage_taken":0},{"event_name":"Golden Idol","player_choice":"Lose Max HP","floor":12,"damage_taken":0},{"event_name":"Back to Basics","player_choice":"Simplicity","floor":19,"damage_taken":0},{"event_name":"Ghosts","player_choice":"Became a Ghost","floor":27,"damage_taken":0},{"event_name":"Cursed Tome","player_choice":"Obtained Book","floor":30,"damage_taken":0}],"is_beta":false,"boss_relics":[{"not_picked":["Eternal Feather","Philosopher\u0027s Stone"],"picked":"Coffee Dripper"}],"items_purged_floors":[4,13],"is_endless":false,"potions_floor_spawned":[1,5,14,16,18,20,22,24],"killed_by":"Automaton","ascension_level":8}