{"gold_per_floor":[209,209,227,245,261,290,302,302,349,48,81,81,31,51,51,155,155,172,172,28,43,53,81,81,93,93,113,148,148,181,135,135,135],"floor_reached":33,"playtime":1383,"items_purged":["Strike_R+1"],"score":392,"play_id":"ece885e8-da28-463a-b293-947ca5bc0d48","local_time":"20180820220743","is_ascension_mode":false,"campfire_choices":[{"data":"True Grit","floor":15,"key":"SMITH"},{"data":"Body Slam","floor":29,"key":"SMITH"},{"data":"Anger","floor":32,"key":"SMITH"}],"neow_cost":"NONE","seed_source_timestamp":31543322169708,"circlet_count":0,"master_deck":["Strike_R+1","Strike_R+1","Strike_R+1","Defend_R+1","Defend_R+1","Defend_R+1","Defend_R+1","Bash","True Grit+1","Clash","Anger+1","Body Slam+1","Perfected Strike","Thunderclap","Twin Strike","Shrug It Off","Warcry+1","Twin Strike","Warcry","Headbutt+1","Pommel Strike","Clash","Perfected Strike","Body Slam+1","Twin Strike"],"relics":["Burning Blood","Boot","Question Card","Anchor","Potion Belt","Juzu Bracelet","Bronze Scales","Black Star","Oddly Smooth Stone","Blood Vial","Ornamental Fan","Peace Pipe","Turnip","Vajra","Orichalcum"],"potions_floor_usage":[7,11,16,16,21,25,28,28,28],"damage_taken":[{"damage":6,"enemies":"Jaw Worm","floor":1,"turns":4},{"damage":0,"enemies":"Small Slimes","floor":3,"turns":3},{"damage":4,"enemies":"Cultist","floor":4,"turns":4},{"damage":2,"enemies":"Blue Slaver","floor":5,"turns":4},{"damage":32,"enemies":"Lagavulin","floor":6,"turns":8},{"damage":0,"enemies":"Lots of Slimes","floor":7,"turns":2},{"damage":22,"enemies":"Gremlin Nob","floor":11,"turns":4},{"damage":16,"enemies":"Exordium Thugs","floor":14,"turns":5},{"damage":0,"enemies":"Slime Boss","floor":16,"turns":5},{"damage":0,"enemies":"Chosen","floor":18,"turns":3},{"damage":12,"enemies":"Spheric Guardian","floor":21,"turns":4},{"damage":5,"enemies":"Snake Plant","floor":22,"turns":3},{"damage":41,"enemies":"Slavers","floor":23,"turns":7},{"damage":15,"enemies":"Chosen and Byrds","floor":25,"turns":6},{"damage":0,"enemies":"Shelled Parasite and Fungi","floor":27,"turns":4},{"damage":0,"enemies":"Gremlin Leader","floor":28,"turns":3},{"damage":16,"enemies":"Book of Stabbing","floor":30,"turns":5},{"damage":48,"enemies":"Automaton","floor":33,"turns":8}],"seed_played":"3801860635490843809","potions_obtained":[{"floor":5,"key":"Explosive Potion"},{"floor":7,"key":"PowerPotion"},{"floor":11,"key":"Ancient Potion"},{"floor":12,"key":"Ancient Potion"},{"floor":12,"key":"FearPotion"},{"floor":12,"key":"Strength Potion"},{"floor":16,"key":"Swift Potion"},{"floor":22,"key":"GamblersBrew"},{"floor":23,"key":"Strength Potion"},{"floor":25,"key":"AttackPotion"},{"floor":27,"key":"EssenceOfSteel"}],"is_trial":false,"path_per_floor":["M","?","M","M","M","E","M","?","T","$","E","?","?","M","R","B",null,"M","?","$","M","M","E","?","M","T","M","E","R","E","$","R"],"character_chosen":"IRONCLAD","items_purchased":["Potion Belt","Juzu Bracelet","Twin Strike","Warcry","Twin Strike"],"campfire_rested":0,"item_purchase_floors":[10,10,20,20,31],"current_hp_per_floor":[80,77,80,80,80,54,60,60,60,60,44,44,44,34,34,40,80,80,80,80,74,75,40,40,33,33,41,49,49,41,41,41,0],"gold":135,"neow_bonus":"HUNDRED_GOLD","is_prod":false,"is_daily":false,"chose_seed":false,"campfire_upgraded":3,"win_rate":0,"timestamp":1534817263,"path_taken":["M","?","M","M","?","E","M","?","T","$","E","?","?","M","R","BOSS","M","?","$","M","M","E","?","M","T","M","E","R","E","$","R","BOSS"],"build_version":"2018-08-16","purchased_purges":1,"victory":false,"max_hp_per_floor":[80,80,80,80,80,80,80,80,80,80,80,80,80,80,80,80,80,80,80,80,80,80,80,80,80,80,80,80,80,80,80,80,80],"card_choices":[{"not_picked":["Sword Boomerang","Wild Strike"],"picked":"True Grit","floor":1},{"not_picked":["Second Wind","Offering"],"picked":"Clash","floor":3},{"not_picked":["Twin Strike","Iron Wave"],"picked":"Anger","floor":4},{"not_picked":["Iron Wave","Anger"],"picked":"Body Slam","floor":5},{"not_picked":["Barricade","Headbutt"],"picked":"Perfected Strike","floor":6},{"not_picked":["Uppercut","Warcry","Hemokinesis"],"picked":"Thunderclap","floor":7},{"not_picked":["Iron Wave","Flex","Entrench"],"picked":"Twin Strike","floor":11},{"not_picked":["Corruption","Clothesline","Twin Strike"],"picked":"Shrug It Off","floor":14},{"not_picked":["Cleave","Searing Blow","Thunderclap"],"picked":"Warcry+1","floor":18},{"not_picked":["Shockwave","Twin Strike","Rupture"],"picked":"Headbutt+1","floor":21},{"not_picked":["Power Through","Infernal Blade","Heavy Blade","Reaper"],"picked":"SKIP","floor":22},{"not_picked":["Armaments","Body Slam","Disarm+1"],"picked":"Pommel Strike","floor":23},{"not_picked":["Power Through","Second Wind","Dual Wield"],"picked":"Clash","floor":25},{"not_picked":["Power Through","Havoc","Sword Boomerang","Rampage"],"picked":"SKIP","floor":27},{"not_picked":["Evolve","Berserk","Bloodletting"],"picked":"Perfected Strike","floor":28},{"not_picked":["Combust+1","Flex","Spot Weakness+1"],"picked":"Body Slam+1","floor":30}],"player_experience":521962,"relics_obtained":[{"floor":6,"key":"Question Card"},{"floor":9,"key":"Anchor"},{"floor":11,"key":"Bronze Scales"},{"floor":23,"key":"Oddly Smooth Stone"},{"floor":23,"key":"Blood Vial"},{"floor":26,"key":"Ornamental Fan"},{"floor":28,"key":"Peace Pipe"},{"floor":28,"key":"Turnip"},{"floor":30,"key":"Vajra"},{"floor":30,"key":"Orichalcum"}],"event_choices":[{"event_name":"Scrap Ooze","player_choice":"success","floor":2,"damage_taken":3},{"event_name":"Upgrade Shrine","player_choice":"Upgraded","floor":8,"damage_taken":0},{"event_name":"The Lab","player_choice":"Got Potions","floor":12,"damage_taken":0},{"event_name":"The Cleric","player_choice":"Card Removal","floor":13,"damage_taken":0},{"event_name":"Back to Basics","player_choice":"Simplicity","floor":19,"damage_taken":0},{"event_name":"Vampires","player_choice":"Ignored","floor":24,"damage_taken":0}],"is_beta":false,"boss_relics":[{"not_picked":["Runic Dome","Calling Bell"],"picked":"Black Star"}],"items_purged_floors":[20],"is_endless":false,"potions_floor_spawned":[5,7,11,16,22,23,25,27],"killed_by":"Automaton","ascension_level":0}