{"gold_per_floor":[115,135,154,170,189,189,221,199,225,225,4,20,34,64,64,167,167,179,199,199,122,122,148,148,183,183,197,197,207,207,224,224,224],"floor_reached":33,"playtime":2233,"items_purged":[],"score":299,"play_id":"fa4746ba-c7c1-4113-91d9-019d52c7bd6d","local_time":"20180714122140","is_ascension_mode":false,"campfire_choices":[{"data":"Fire Breathing","floor":6,"key":"SMITH"},{"floor":10,"key":"REST"},{"floor":15,"key":"REST"},{"floor":24,"key":"REST"},{"data":"Inflame","floor":30,"key":"SMITH"},{"data":"Inflame","floor":32,"key":"SMITH"}],"neow_cost":"","seed_source_timestamp":232932651181211,"circlet_count":0,"master_deck":["Strike_R","Strike_R","Strike_R","Strike_R","Strike_R","Defend_R","Defend_R","Defend_R","Defend_R+1","Bash","Inflame+1","Fire Breathing+1","Anger","Body Slam","Twin Strike","Headbutt","Headbutt","Anger","Inflame+1","Double Tap","Perfected Strike","Twin Strike","Intimidate","Limit Break+1","Whirlwind+1","Intimidate+1","J.A.X.","Seeing Red","Pommel Strike+1","Dropkick","Cleave","Metallicize","Corruption+1","Warcry"],"relics":["Burning Blood","Dream Catcher","Strawberry","Omamori","Orichalcum","Busted Crown","War Paint","Dodecahedron","Shuriken"],"potions_floor_usage":[4,5,14,14,23,23,29],"damage_taken":[{"damage":1,"enemies":"Cultist","floor":1,"turns":3},{"damage":5,"enemies":"Small Slimes","floor":2,"turns":3},{"damage":0,"enemies":"2 Louse","floor":3,"turns":3},{"damage":7,"enemies":"Blue Slaver","floor":4,"turns":4},{"damage":22,"enemies":"Looter","floor":5,"turns":4},{"damage":25,"enemies":"Gremlin Nob","floor":7,"turns":4},{"damage":17,"enemies":"3 Louse","floor":12,"turns":3},{"damage":34,"enemies":"Exordium Thugs","floor":13,"turns":5},{"damage":31,"enemies":"Lagavulin","floor":14,"turns":4},{"damage":30,"enemies":"Hexaghost","floor":16,"turns":8},{"damage":10,"enemies":"Shell Parasite","floor":18,"turns":3},{"damage":14,"enemies":"Spheric Guardian","floor":19,"turns":4},{"damage":14,"enemies":"Book of Stabbing","floor":23,"turns":4},{"damage":27,"enemies":"Slavers","floor":25,"turns":6},{"damage":18,"enemies":"Snake Plant","floor":27,"turns":3},{"damage":15,"enemies":"Sentry and Sphere","floor":29,"turns":4},{"damage":0,"enemies":"Cultist and Chosen","floor":31,"turns":3},{"damage":71,"enemies":"Collector","floor":33,"turns":6}],"seed_played":"2894363143067150443","potions_obtained":[{"floor":1,"key":"Swift Potion"},{"floor":2,"key":"SneckoOil"},{"floor":7,"key":"LiquidBronze"},{"floor":13,"key":"LiquidBronze"},{"floor":16,"key":"Block Potion"},{"floor":18,"key":"Weak Potion"},{"floor":25,"key":"SmokeBomb"},{"floor":27,"key":"Swift Potion"},{"floor":29,"key":"Fire Potion"}],"is_trial":false,"path_per_floor":["M","M","M","M","M","R","E","$","T","R","$","M","M","E","R","B",null,"M","M","$","?","?","E","R","E","T","M","?","M","R","M","R"],"character_chosen":"IRONCLAD","items_purchased":["Headbutt","Omamori","Inflame"],"campfire_rested":3,"item_purchase_floors":[8,11,11],"current_hp_per_floor":[80,80,80,79,63,63,44,44,51,77,77,66,38,13,39,15,87,83,75,75,75,75,67,87,66,66,54,54,45,45,51,51,0],"gold":224,"neow_bonus":"","is_prod":false,"is_daily":false,"chose_seed":false,"campfire_upgraded":3,"win_rate":0,"timestamp":1531585300,"path_taken":["M","?","M","M","M","R","E","$","T","R","$","M","M","E","R","BOSS","M","M","?","?","?","E","R","E","T","M","?","M","R","M","R","BOSS"],"build_version":"2018-07-12","purchased_purges":0,"victory":false,"max_hp_per_floor":[80,80,80,80,80,80,80,80,87,87,87,87,87,87,87,87,87,87,87,87,87,87,87,87,87,87,87,87,87,87,87,87,87],"card_choices":[{"not_picked":["Armaments","Heavy Blade"],"picked":"Inflame","floor":1},{"not_picked":["Sword Boomerang","Flex"],"picked":"Fire Breathing","floor":2},{"not_picked":["Headbutt","Iron Wave"],"picked":"Anger","floor":3},{"not_picked":["Sword Boomerang","Feel No Pain"],"picked":"Body Slam","floor":4},{"not_picked":["Clothesline","True Grit"],"picked":"Twin Strike","floor":5},{"not_picked":["True Grit","Burning Pact"],"picked":"Headbutt","floor":7},{"not_picked":["Ghostly Armor","Armaments"],"picked":"Anger","floor":10},{"not_picked":["Pommel Strike","Power Through"],"picked":"Double Tap","floor":12},{"not_picked":["Clothesline","Combust"],"picked":"Perfected Strike","floor":13},{"not_picked":["Anger","Pummel"],"picked":"Twin Strike","floor":14},{"not_picked":["Sever Soul","Headbutt"],"picked":"Intimidate","floor":15},{"not_picked":["Brutality","Dark Embrace"],"picked":"Limit Break","floor":16},{"not_picked":[],"picked":"Whirlwind+1","floor":18},{"not_picked":[],"picked":"Intimidate","floor":19},{"not_picked":[],"picked":"Pommel Strike+1","floor":23},{"not_picked":[],"picked":"Dropkick","floor":24},{"not_picked":[],"picked":"Cleave","floor":25},{"not_picked":[],"picked":"Metallicize","floor":27},{"not_picked":[],"picked":"Corruption+1","floor":29},{"not_picked":[],"picked":"Warcry","floor":31}],"player_experience":52600,"relics_obtained":[{"floor":7,"key":"Dream Catcher"},{"floor":9,"key":"Strawberry"},{"floor":14,"key":"Orichalcum"},{"floor":23,"key":"War Paint"},{"floor":25,"key":"Dodecahedron"},{"floor":26,"key":"Shuriken"}],"event_choices":[{"event_name":"Drug Dealer","player_choice":"Got JAXXED","floor":21,"damage_taken":0},{"event_name":"The Library","player_choice":"Read","floor":22,"damage_taken":0},{"event_name":"Upgrade Shrine","player_choice":"Upgraded","floor":28,"damage_taken":0}],"boss_relics":[{"not_picked":["Tiny House","Coffee Dripper"],"picked":"Busted Crown"}],"items_purged_floors":[],"is_endless":false,"potions_floor_spawned":[1,2,7,13,16,18,25,27,29],"killed_by":"Collector","ascension_level":0}