{"gold_per_floor":[119,135,60,76,91,91,52,377,455,455,485,485],"floor_reached":12,"playtime":419,"items_purged":["Strike_B"],"score":176,"play_id":"33b36ff6-4478-4eda-aec1-3d2a72ff0b06","local_time":"20181129121102","is_ascension_mode":true,"campfire_choices":[{"data":"Zap","floor":6,"key":"SMITH"},{"data":"Defragment","floor":10,"key":"SMITH"}],"neow_cost":"CURSE","seed_source_timestamp":342763180060892,"circlet_count":0,"master_deck":["AscendersBane","Strike_B","Strike_B","Strike_B","Defend_B","Defend_B","Defend_B","Defend_B","Zap+1","Dualcast","Clumsy","FTL","Coolheaded","Go for the Eyes","Doom and Gloom","Defragment+1","Sweeping Beam","Auto Shields"],"relics":["Cracked Core","Girya","Old Coin","Letter Opener","Ancient Tea Set"],"potions_floor_usage":[4,11],"damage_taken":[{"damage":1,"enemies":"Cultist","floor":1,"turns":4},{"damage":1,"enemies":"2 Louse","floor":2,"turns":3},{"damage":15,"enemies":"Small Slimes","floor":4,"turns":4},{"damage":14,"enemies":"2 Fungi Beasts","floor":5,"turns":5},{"damage":2,"enemies":"Lagavulin","floor":8,"turns":6},{"damage":30,"enemies":"Gremlin Nob","floor":11,"turns":4},{"damage":6,"enemies":"Exordium Thugs","floor":12,"turns":1}],"seed_played":"-1238545076133987233","potions_obtained":[{"floor":2,"key":"SkillPotion"},{"floor":5,"key":"SpeedPotion"},{"floor":8,"key":"GamblersBrew"}],"is_trial":false,"path_per_floor":["M","M","$","M","M","R","$","E","T","R","E","M"],"character_chosen":"DEFECT","items_purchased":["Defragment"],"campfire_rested":0,"item_purchase_floors":[7],"current_hp_per_floor":[63,62,62,47,33,33,33,31,31,31,1,0],"gold":485,"neow_bonus":"ONE_RARE_RELIC","is_prod":false,"is_daily":false,"chose_seed":false,"campfire_upgraded":2,"win_rate":0,"timestamp":1543511462,"path_taken":["M","M","?","M","M","R","$","E","T","R","E","M"],"build_version":"2018-11-15","purchased_purges":1,"victory":false,"max_hp_per_floor":[71,71,71,71,71,71,71,71,71,71,71,71],"card_choices":[{"not_picked":["Recycle","Gash"],"picked":"FTL","floor":1},{"not_picked":["Skim","Fusion"],"picked":"Coolheaded","floor":2},{"not_picked":["Redo","Conserve Battery"],"picked":"Go for the Eyes","floor":4},{"not_picked":["Hologram","Redo"],"picked":"Doom and Gloom","floor":5},{"not_picked":["Streamline","Rebound"],"picked":"Sweeping Beam","floor":8},{"not_picked":["Coolheaded","Blizzard"],"picked":"Auto Shields","floor":11}],"player_experience":1194089,"relics_obtained":[{"floor":8,"key":"Old Coin"},{"floor":9,"key":"Letter Opener"},{"floor":11,"key":"Ancient Tea Set"}],"event_choices":[],"is_beta":false,"boss_relics":[],"items_purged_floors":[3],"is_endless":false,"potions_floor_spawned":[2,5,8],"killed_by":"Exordium Thugs","ascension_level":20}