{"gold_per_floor":[114,389,82,96,57,82,93,93,120,120,131,162,175,209,209,281,281,293,243,117,137,156,191,191,223,223,236,251,251,251,283,283,362,362,373,30,45,65,78,78,104,104,104,114,114,45,76,76,76,76,76,76,26,57,57],"floor_reached":56,"playtime":3427,"items_purged":["Regret","Strike_R","Strike_R"],"score":2199,"play_id":"35c040c1-cd0d-4b53-bd9a-f7f0db6b0827","local_time":"20190718013622","is_ascension_mode":true,"campfire_choices":[{"data":"Bash","floor":8,"key":"SMITH"},{"data":"True Grit","floor":10,"key":"SMITH"},{"data":"Disarm","floor":15,"key":"SMITH"},{"data":"Armaments","floor":24,"key":"SMITH"},{"data":"Feel No Pain","floor":29,"key":"SMITH"},{"data":"Evolve","floor":32,"key":"SMITH"},{"floor":40,"key":"RECALL"},{"data":"Armaments","floor":42,"key":"SMITH"},{"data":"Offering","floor":49,"key":"SMITH"},{"floor":52,"key":"REST"}],"neow_cost":"NONE","seed_source_timestamp":16062083924220,"circlet_count":0,"master_deck":["AscendersBane","Strike_R+1","Strike_R","Defend_R","Defend_R+1","Defend_R+1","Defend_R","Bash+1","Spot Weakness+1","Corruption","True Grit+1","Carnage","Feel No Pain+1","Offering+1","Anger","Shockwave","Offering","Disarm+1","Shrug It Off","Reaper","Armaments+1","Spot Weakness+1","Shrug It Off","Sentinel","Exhume","Writhe","Evolve+1","Fiend Fire","Armaments+1","True Grit","Armaments+1","Immolate","Havoc","Shrug It Off","Corruption","Fiend Fire","Infernal Blade+1","Burning Pact","Corruption","Flame Barrier","Offering","Headbutt+1"],"relics":["Burning Blood","NeowsBlessing","War Paint","Blood Vial","Bronze Scales","Blue Candle","Art of War","Mark of Pain","Happy Flower","Du-Vu Doll","Sundial","Ornamental Fan","Dead Branch","Orrery","Centennial Puzzle","DollysMirror","Juzu Bracelet","Smiling Mask","Bag of Marbles","Orichalcum"],"potions_floor_usage":[11,13,16,23,47],"damage_taken":[{"damage":0,"enemies":"2 Louse","floor":1,"turns":1},{"damage":0,"enemies":"Cultist","floor":4,"turns":1},{"damage":0,"enemies":"Gremlin Nob","floor":6,"turns":1},{"damage":0,"enemies":"Small Slimes","floor":7,"turns":3},{"damage":16,"enemies":"Exordium Thugs","floor":11,"turns":5},{"damage":28,"enemies":"Lagavulin","floor":12,"turns":7},{"damage":0,"enemies":"Red Slaver","floor":13,"turns":2},{"damage":21,"enemies":"3 Sentries","floor":14,"turns":6},{"damage":3,"enemies":"The Guardian","floor":16,"turns":11},{"damage":18,"enemies":"Chosen","floor":18,"turns":6},{"damage":7,"enemies":"Shell Parasite","floor":21,"turns":7},{"damage":12,"enemies":"Cultist and Chosen","floor":22,"turns":4},{"damage":35,"enemies":"Slavers","floor":23,"turns":7},{"damage":30,"enemies":"Gremlin Leader","floor":25,"turns":6},{"damage":21,"enemies":"Shelled Parasite and Fungi","floor":27,"turns":5},{"damage":24,"enemies":"Centurion and Healer","floor":28,"turns":7},{"damage":10,"enemies":"Book of Stabbing","floor":31,"turns":6},{"damage":6,"enemies":"Champ","floor":33,"turns":7},{"damage":12,"enemies":"Orb Walker","floor":35,"turns":2},{"damage":19,"enemies":"3 Shapes","floor":37,"turns":5},{"damage":23,"enemies":"Transient","floor":38,"turns":5},{"damage":1,"enemies":"4 Shapes","floor":39,"turns":3},{"damage":38,"enemies":"Nemesis","floor":41,"turns":5},{"damage":1,"enemies":"Jaw Worm Horde","floor":44,"turns":2},{"damage":42,"enemies":"Reptomancer","floor":47,"turns":7},{"damage":68,"enemies":"Time Eater","floor":50,"turns":5},{"damage":7,"enemies":"Shield and Spear","floor":54,"turns":2},{"damage":15,"enemies":"The Heart","floor":55,"turns":4}],"seed_played":"-5457623702069047749","potions_obtained":[{"floor":6,"key":"Block Potion"},{"floor":11,"key":"FearPotion"},{"floor":12,"key":"AttackPotion"},{"floor":13,"key":"SpeedPotion"},{"floor":16,"key":"Poison Potion"},{"floor":22,"key":"SteroidPotion"},{"floor":23,"key":"Energy Potion"},{"floor":35,"key":"AttackPotion"},{"floor":38,"key":"Weak Potion"},{"floor":47,"key":"SteroidPotion"}],"is_trial":false,"path_per_floor":["M","?","$","M","$","E","M","R","T","R","M","E","M","E","R","B",null,"M","?","$","M","M","E","R","E","T","M","M","R","?","E","R","B",null,"M","$","M","M","M","R","E","R","T","M","?","$","E","?","R","B",null,"R","$","E","B",null],"character_chosen":"IRONCLAD","items_purchased":["Corruption","True Grit","War Paint","Feel No Pain","Armaments","Centennial Puzzle","DollysMirror","Flame Barrier"],"campfire_rested":1,"item_purchase_floors":[3,3,3,5,20,36,36,46],"current_hp_per_floor":[74,74,74,75,75,75,75,75,75,75,65,45,53,40,40,45,68,64,64,64,71,75,62,62,58,58,69,68,68,68,75,75,75,75,75,75,75,75,75,75,75,75,75,75,75,75,68,68,68,8,58,75,75,75,66],"gold":57,"neow_bonus":"THREE_ENEMY_KILL","is_prod":false,"is_daily":false,"chose_seed":false,"campfire_upgraded":8,"win_rate":0,"timestamp":1563428182,"path_taken":["M","?","?","M","$","E","?","R","T","R","M","E","M","E","R","BOSS","M","?","$","M","M","E","R","E","T","M","?","R","?","E","R","BOSS","M","$","M","M","M","R","E","R","T","M","?","?","E","?","R","BOSS","R","$","E","BOSS"],"build_version":"2019-07-17","purchased_purges":3,"victory":true,"max_hp_per_floor":[75,75,75,75,75,75,75,75,75,75,75,75,75,75,75,75,75,75,75,75,75,75,75,75,75,75,75,75,75,75,75,75,75,75,75,75,75,75,75,75,75,75,75,75,75,75,75,75,75,75,75,75,75,75,75],"card_choices":[{"not_picked":["Body Slam","Headbutt"],"picked":"Spot Weakness","floor":1},{"not_picked":["Clash","Heavy Blade"],"picked":"Carnage","floor":4},{"not_picked":["Whirlwind","Twin Strike"],"picked":"Offering","floor":6},{"not_picked":["Sword Boomerang","Warcry"],"picked":"Anger","floor":7},{"not_picked":["Rage","Shrug It Off"],"picked":"Shockwave","floor":11},{"not_picked":["Dropkick","Clash"],"picked":"Offering","floor":12},{"not_picked":["Body Slam","Sword Boomerang"],"picked":"Disarm","floor":13},{"not_picked":["Sword Boomerang","Demon Form"],"picked":"Shrug It Off","floor":14},{"not_picked":["Immolate","Feed"],"picked":"Reaper","floor":16},{"not_picked":["Sword Boomerang","Heavy Blade","Infernal Blade"],"picked":"SKIP","floor":18},{"not_picked":["Twin Strike","Rage"],"picked":"Spot Weakness+1","floor":21},{"not_picked":["Rampage","Wild Strike"],"picked":"Shrug It Off","floor":22},{"not_picked":["Wild Strike","Flex"],"picked":"Sentinel","floor":23},{"not_picked":["Juggernaut","Berserk"],"picked":"Exhume","floor":25},{"not_picked":["Pommel Strike","Flex","Wild Strike"],"picked":"SKIP","floor":27},{"not_picked":["Iron Wave","Wild Strike","Twin Strike"],"picked":"SKIP","floor":28},{"not_picked":["Pummel","Immolate"],"picked":"Evolve","floor":31},{"not_picked":["Limit Break","Immolate"],"picked":"Fiend Fire","floor":33},{"not_picked":["Thunderclap","Cleave"],"picked":"Armaments","floor":34},{"not_picked":["Uppercut","Twin Strike"],"picked":"True Grit","floor":34},{"not_picked":["Combust","Thunderclap"],"picked":"Armaments+1","floor":34},{"not_picked":["Whirlwind","Wild Strike+1"],"picked":"Immolate","floor":34},{"not_picked":["Anger+1","Wild Strike"],"picked":"Havoc","floor":34},{"not_picked":["Wild Strike+1","Armaments"],"picked":"Shrug It Off","floor":35},{"not_picked":["Twin Strike","Body Slam"],"picked":"Fiend Fire","floor":37},{"not_picked":["Clothesline","Cleave+1"],"picked":"Infernal Blade+1","floor":38},{"not_picked":["Cleave","Hemokinesis","Warcry"],"picked":"SKIP","floor":39},{"not_picked":["Warcry","Body Slam+1"],"picked":"Burning Pact","floor":41},{"not_picked":["Sword Boomerang","Wild Strike"],"picked":"Corruption","floor":44},{"not_picked":["Power Through","Thunderclap+1"],"picked":"Offering","floor":47},{"not_picked":["Second Wind","Brutality"],"picked":"Headbutt+1","floor":54}],"player_experience":1514874,"relics_obtained":[{"floor":6,"key":"Blood Vial"},{"floor":9,"key":"Bronze Scales"},{"floor":12,"key":"Blue Candle"},{"floor":14,"key":"Art of War"},{"floor":23,"key":"Happy Flower"},{"floor":25,"key":"Du-Vu Doll"},{"floor":26,"key":"Sundial"},{"floor":31,"key":"Dead Branch"},{"floor":41,"key":"Juzu Bracelet"},{"floor":47,"key":"Smiling Mask"},{"floor":54,"key":"Orichalcum"}],"event_choices":[{"damage_healed":0,"gold_gain":275,"player_choice":"Desecrate","damage_taken":0,"max_hp_gain":0,"max_hp_loss":0,"event_name":"Golden Shrine","floor":2,"gold_loss":0,"cards_obtained":["Regret"]},{"damage_healed":0,"gold_gain":0,"player_choice":"Upgraded Two","damage_taken":0,"max_hp_gain":0,"max_hp_loss":0,"event_name":"Designer","floor":19,"gold_loss":50,"cards_upgraded":["Strike_R","Defend_R"]},{"damage_healed":0,"gold_gain":0,"player_choice":"Opened","damage_taken":0,"relics_obtained":["Ornamental Fan"],"max_hp_gain":0,"max_hp_loss":0,"event_name":"The Mausoleum","floor":30,"gold_loss":0,"cards_obtained":["Writhe"]},{"cards_removed":["Strike_R"],"damage_healed":0,"gold_gain":0,"player_choice":"Offered Basic","damage_taken":0,"max_hp_gain":0,"max_hp_loss":0,"event_name":"Bonfire Elementals","floor":45,"gold_loss":0},{"damage_healed":0,"gold_gain":0,"player_choice":"Gave Potion","damage_taken":0,"relics_obtained":["Bag of Marbles"],"max_hp_gain":0,"max_hp_loss":0,"event_name":"WeMeetAgain","floor":48,"gold_loss":0}],"is_beta":false,"boss_relics":[{"not_picked":["Runic Dome","White Beast Statue"],"picked":"Mark of Pain"},{"not_picked":["Philosopher\u0027s Stone","Busted Crown"],"picked":"Orrery"}],"items_purged_floors":[3,20,53],"is_endless":false,"potions_floor_spawned":[6,11,12,13,14,16,22,23,35,38,41,47],"ascension_level":15}