{"gold_per_floor":[111,111,111,127,143,143,169,186,186,204,216,227,246,262,262,363,363,382,401,415,425,443,443,460,460,487,507,525,554,554,589,589,589],"floor_reached":33,"playtime":2239,"items_purged":[],"score":374,"play_id":"f64d96b1-7c11-4fa3-828d-b38916b60ab5","local_time":"20180624212258","is_ascension_mode":false,"campfire_choices":[{"data":"Searing Blow","floor":6,"key":"SMITH"},{"data":"Searing Blow+1","floor":15,"key":"SMITH"},{"data":"Searing Blow+2","floor":23,"key":"SMITH"},{"data":"Searing Blow+3","floor":25,"key":"SMITH"},{"data":"Searing Blow+4","floor":30,"key":"SMITH"},{"floor":32,"key":"REST"}],"neow_cost":"TEN_PERCENT_HP_LOSS","seed_source_timestamp":625208934307191,"circlet_count":0,"master_deck":["Strike_R","Strike_R","Strike_R","Strike_R","Strike_R","Defend_R","Defend_R","Defend_R","Defend_R","Bash","Offering+1","Searing Blow+5","Anger","Rage","Pommel Strike","Anger","Flex","Sword Boomerang+1","Clash+1","Perfected Strike+1","Perfected Strike+1","Reaper+1","Carnage+1","Rampage+1","Thunderclap+1","Headbutt+1","Clash+1","Seeing Red","Anger+1","Clash+1","Anger+1","Dual Wield+1"],"relics":["Burning Blood","Meat on the Bone","Molten Egg 2","Eternal Feather","Pen Nib","Mummified Hand","Bag of Marbles"],"potions_floor_usage":[7,11,16,22,22,22,24,28,31],"damage_taken":[{"damage":4,"enemies":"Cultist","floor":1,"turns":2},{"damage":4,"enemies":"Small Slimes","floor":4,"turns":2},{"damage":4,"enemies":"2 Louse","floor":5,"turns":2},{"damage":28,"enemies":"Lagavulin","floor":7,"turns":4},{"damage":12,"enemies":"Gremlin Gang","floor":8,"turns":3},{"damage":8,"enemies":"3 Louse","floor":10,"turns":3},{"damage":18,"enemies":"Lots of Slimes","floor":11,"turns":4},{"damage":0,"enemies":"2 Fungi Beasts","floor":12,"turns":2},{"damage":5,"enemies":"Looter","floor":13,"turns":2},{"damage":16,"enemies":"Exordium Thugs","floor":14,"turns":2},{"damage":0,"enemies":"Slime Boss","floor":16,"turns":3},{"damage":24,"enemies":"2 Thieves","floor":18,"turns":3},{"damage":4,"enemies":"Spheric Guardian","floor":19,"turns":3},{"damage":6,"enemies":"3 Cultists","floor":20,"turns":4},{"damage":34,"enemies":"Centurion and Healer","floor":21,"turns":4},{"damage":27,"enemies":"Cultist and Chosen","floor":22,"turns":5},{"damage":28,"enemies":"Sentry and Sphere","floor":24,"turns":5},{"damage":15,"enemies":"Snecko","floor":27,"turns":4},{"damage":0,"enemies":"Cultist and Chosen","floor":28,"turns":4},{"damage":39,"enemies":"Book of Stabbing","floor":29,"turns":4},{"damage":23,"enemies":"Slavers","floor":31,"turns":4},{"damage":78,"enemies":"Champ","floor":33,"turns":6}],"seed_played":"-5206858087441986277","potions_obtained":[{"floor":1,"key":"PowerPotion"},{"floor":4,"key":"Energy Potion"},{"floor":13,"key":"SteroidPotion"},{"floor":16,"key":"Strength Potion"},{"floor":18,"key":"SteroidPotion"},{"floor":21,"key":"SteroidPotion"},{"floor":22,"key":"Poison Potion"},{"floor":27,"key":"Poison Potion"},{"floor":28,"key":"Explosive Potion"}],"is_trial":false,"path_per_floor":["M","?","?","M","M","R","E","M","T","M","M","M","M","M","R","B",null,"M","M","M","M","M","R","M","R","T","M","M","E","R","E","R"],"character_chosen":"IRONCLAD","items_purchased":[],"campfire_rested":1,"item_purchase_floors":[],"current_hp_per_floor":[72,72,72,72,72,72,50,44,44,54,54,60,61,51,51,57,72,57,64,64,53,53,63,53,63,63,59,65,49,61,44,72,0],"gold":589,"neow_bonus":"THREE_RARE_CARDS","is_prod":false,"is_daily":false,"chose_seed":false,"campfire_upgraded":5,"win_rate":0.0,"timestamp":1529889778,"path_taken":["M","?","?","M","M","R","E","M","T","M","M","?","M","M","R","BOSS","M","M","M","M","M","R","M","R","T","M","M","E","R","E","R","BOSS"],"build_version":"2018-06-21v2","purchased_purges":0,"victory":false,"max_hp_per_floor":[72,72,72,72,72,72,72,72,72,72,72,72,72,72,72,72,72,72,72,72,72,72,72,72,72,72,72,72,72,72,72,72,72],"card_choices":[{"not_picked":["Juggernaut","Brutality"],"picked":"Offering","floor":0},{"not_picked":["Second Wind","Sword Boomerang"],"picked":"Searing Blow","floor":1},{"not_picked":["Clash","Body Slam"],"picked":"Anger","floor":4},{"not_picked":["Armaments","Clothesline"],"picked":"Rage","floor":5},{"not_picked":["Power Through","Combust"],"picked":"Pommel Strike","floor":7},{"not_picked":["Rupture","Iron Wave"],"picked":"Anger","floor":8},{"not_picked":["Seeing Red","Burning Pact"],"picked":"Flex","floor":10},{"not_picked":["Seeing Red","Second Wind"],"picked":"Sword Boomerang+1","floor":11},{"not_picked":["Barricade","Shockwave"],"picked":"Clash+1","floor":12},{"not_picked":["True Grit","Carnage+1"],"picked":"Perfected Strike+1","floor":13},{"not_picked":["Entrench","Disarm"],"picked":"Perfected Strike+1","floor":14},{"not_picked":["Brutality","Impervious"],"picked":"Reaper+1","floor":16},{"not_picked":["Clothesline+1","Shrug It Off"],"picked":"Carnage+1","floor":18},{"not_picked":["Shrug It Off","Dual Wield"],"picked":"Rampage+1","floor":19},{"not_picked":["Body Slam+1","Headbutt+1"],"picked":"Thunderclap+1","floor":20},{"not_picked":["Intimidate+1","Burning Pact+1"],"picked":"Headbutt+1","floor":21},{"not_picked":["Twin Strike+1","Intimidate+1"],"picked":"Clash+1","floor":22},{"not_picked":["Clothesline+1","Metallicize"],"picked":"Seeing Red","floor":24},{"not_picked":["Bloodletting","Heavy Blade+1"],"picked":"Anger+1","floor":27},{"not_picked":["Clothesline+1","Reckless Charge+1"],"picked":"Clash+1","floor":28},{"not_picked":["Cleave+1","Juggernaut"],"picked":"Anger+1","floor":29},{"not_picked":["Thunderclap+1","Corruption"],"picked":"Dual Wield+1","floor":31}],"player_experience":26620,"relics_obtained":[{"floor":7,"key":"Meat on the Bone"},{"floor":9,"key":"Molten Egg 2"},{"floor":26,"key":"Pen Nib"},{"floor":29,"key":"Mummified Hand"},{"floor":31,"key":"Bag of Marbles"}],"event_choices":[{"event_name":"Accursed Blacksmith","player_choice":"Forge","floor":2,"damage_taken":0},{"event_name":"Fountain of Cleansing","player_choice":"Removed Curse","floor":3,"damage_taken":0}],"boss_relics":[{"not_picked":["Cursed Key","Busted Crown"],"picked":"Eternal Feather"}],"items_purged_floors":[],"is_endless":false,"potions_floor_spawned":[1,4,13,16,18,21,22,27,28],"killed_by":"Champ","ascension_level":0}