{"gold_per_floor":[117,131,150,165,165,165,194,213,213,178,178,189,189,202,202,302,302,302],"floor_reached":18,"playtime":1190,"items_purged":[],"score":164,"play_id":"f21aa71d-6d86-4e8a-a723-5b58937e4635","local_time":"20190708183816","is_ascension_mode":false,"campfire_choices":[{"floor":6.0,"key":"REST"},{"floor":11.0,"key":"REST"},{"floor":15.0,"key":"REST"}],"neow_cost":"NONE","seed_source_timestamp":0,"circlet_count":0,"master_deck":["Strike_G","Strike_G","Strike_G","Strike_G","Strike_G","Defend_G","Defend_G","Defend_G","Defend_G","Defend_G","Survivor","Neutralize","Poisoned Stab","Poisoned Stab","Cloak And Dagger","Infinite Blades","Flying Knee","Phantasmal Killer","Poisoned Stab","Cloak And Dagger"],"special_seed":0,"relics":["Ring of the Snake","Torii","Lantern","Snecko Eye"],"potions_floor_usage":[],"damage_taken":[{"damage":1.0,"enemies":"Jaw Worm","floor":1.0,"turns":5.0},{"damage":12.0,"enemies":"Small Slimes","floor":2.0,"turns":4.0},{"damage":0.0,"enemies":"Cultist","floor":3.0,"turns":3.0},{"damage":13.0,"enemies":"3 Louse","floor":4.0,"turns":3.0},{"damage":29.0,"enemies":"Gremlin Nob","floor":7.0,"turns":5.0},{"damage":28.0,"enemies":"Exordium Wildlife","floor":8.0,"turns":5.0},{"damage":1.0,"enemies":"Large Slime","floor":12.0,"turns":7.0},{"damage":1.0,"enemies":"Blue Slaver","floor":14.0,"turns":4.0},{"damage":43.0,"enemies":"The Guardian","floor":16.0,"turns":12.0},{"damage":0,"enemies":"Spheric Guardian","floor":18,"turns":2}],"seed_played":"-2099114163431757305","potions_obtained":[{"floor":1.0,"key":"PowerPotion"},{"floor":3.0,"key":"Regen Potion"},{"floor":7.0,"key":"Regen Potion"},{"floor":14.0,"key":"Fruit Juice"},{"floor":16.0,"key":"GhostInAJar"}],"is_trial":false,"path_per_floor":["M","M","M","M","?","R","E","M","T","?","R","M","?","M","R","B",null,"M"],"character_chosen":"THE_SILENT","items_purchased":[],"campfire_rested":3,"item_purchase_floors":[],"current_hp_per_floor":[76,64,64,51,51,74,45,17,17,36,59,58,58,57,77,39,82,82],"gold":302,"neow_bonus":"TEN_PERCENT_HP_BONUS","is_prod":false,"is_daily":false,"chose_seed":false,"campfire_upgraded":0,"win_rate":0.0,"timestamp":1562629096,"path_taken":["M","M","M","M","?","R","E","M","T","?","R","M","?","M","R","BOSS","M"],"build_version":"2019-07-05","purchased_purges":0,"victory":false,"max_hp_per_floor":[77,77,77,77,77,77,77,77,77,77,77,77,77,77,77,82,82,82],"card_choices":[{"not_picked":["Blur","Endless Agony"],"picked":"Poisoned Stab","floor":1.0},{"not_picked":["Prepared","Escape Plan"],"picked":"Poisoned Stab","floor":2.0},{"not_picked":["Dagger Spray","Flying Knee"],"picked":"Cloak And Dagger","floor":3.0},{"not_picked":["Well Laid Plans","PiercingWail"],"picked":"Infinite Blades","floor":4.0},{"not_picked":["All Out Attack","Calculated Gamble"],"picked":"Flying Knee","floor":7.0},{"not_picked":["Dagger Throw","Prepared"],"picked":"Phantasmal Killer","floor":8.0},{"not_picked":["Flying Knee","Dagger Spray"],"picked":"Poisoned Stab","floor":12.0},{"not_picked":["Prepared","Heel Hook"],"picked":"Cloak And Dagger","floor":14.0}],"player_experience":58546,"relics_obtained":[{"floor":7.0,"key":"Torii"},{"floor":9.0,"key":"Lantern"}],"event_choices":[{"damage_healed":0.0,"max_hp_gain":0.0,"max_hp_loss":0.0,"gold_gain":0.0,"event_name":"Golden Idol","player_choice":"Ignored","floor":5.0,"gold_loss":0.0,"damage_taken":0.0},{"damage_healed":19.0,"max_hp_gain":0.0,"max_hp_loss":0.0,"gold_gain":0.0,"event_name":"The Cleric","player_choice":"Healed","floor":10.0,"gold_loss":35.0,"damage_taken":0.0},{"damage_healed":0.0,"max_hp_gain":0.0,"max_hp_loss":0.0,"gold_gain":0.0,"event_name":"Liars Game","player_choice":"Ignored","floor":13.0,"gold_loss":0.0,"damage_taken":0.0}],"is_beta":false,"boss_relics":[{"not_picked":["Coffee Dripper","Sozu"],"picked":"Snecko Eye"}],"items_purged_floors":[],"is_endless":false,"potions_floor_spawned":[1,3,7,8,14,16],"killed_by":"Spheric Guardian","ascension_level":0}