{"gold_per_floor":[110,61,61,136,153,153,179,179,206,218,218,218,33,51,51,155,155,172,28,43,56,67,67],"floor_reached":23,"playtime":1366,"items_purged":[],"score":201,"play_id":"747c8f04-fbc3-40af-80e4-52a276d8a864","local_time":"20190709145821","is_ascension_mode":true,"campfire_choices":[{"floor":6,"key":"REST"},{"data":"Bash","floor":8,"key":"SMITH"},{"data":"Anger","floor":12,"key":"SMITH"},{"data":"Rage","floor":15,"key":"SMITH"}],"neow_cost":"NONE","seed_source_timestamp":297130276910023,"circlet_count":0,"master_deck":["Strike_R","Strike_R","Strike_R","Strike_R","Strike_R","Defend_R","Defend_R","Defend_R","Defend_R","Bash+1","Anger+1","Spot Weakness","Body Slam+1","Anger+1","Rage+1","Blood for Blood+1","Barricade","Rampage+1","Heavy Blade+1","Shrug It Off","Sword Boomerang+1","Twin Strike+1","Cleave+1","Demon Form"],"relics":["Burning Blood","Unceasing Top","Molten Egg 2","Vajra","Ancient Tea Set","Bag of Marbles","Orrery","Blood Vial"],"potions_floor_usage":[7,21,21],"damage_taken":[{"damage":3,"enemies":"Jaw Worm","floor":1,"turns":4},{"damage":10,"enemies":"2 Louse","floor":5,"turns":3},{"damage":21,"enemies":"Lagavulin","floor":7,"turns":5},{"damage":0,"enemies":"Small Slimes","floor":10,"turns":3},{"damage":0,"enemies":"3 Louse","floor":14,"turns":1},{"damage":6,"enemies":"Slime Boss","floor":16,"turns":7},{"damage":23,"enemies":"3 Byrds","floor":18,"turns":6},{"damage":5,"enemies":"Shell Parasite","floor":20,"turns":3},{"damage":42,"enemies":"Snecko","floor":21,"turns":6},{"damage":18,"enemies":"Snake Plant","floor":22,"turns":3},{"damage":52,"enemies":"Gremlin Leader","floor":23,"turns":4}],"seed_played":"2303494400306442575","potions_obtained":[{"floor":1,"key":"Strength Potion"},{"floor":18,"key":"Regen Potion"},{"floor":20,"key":"Dexterity Potion"}],"is_trial":false,"path_per_floor":["M","$","?","?","M","R","E","R","T","M","?","R","$","M","R","B",null,"M","$","M","M","M","E"],"character_chosen":"IRONCLAD","items_purchased":["Anger","Bag of Marbles","Rage","Blood Vial"],"campfire_rested":1,"item_purchase_floors":[2,13,13,19],"current_hp_per_floor":[88,88,55,44,40,66,51,51,51,57,57,57,57,63,63,63,88,71,71,74,54,44,0],"gold":67,"neow_bonus":"TEN_PERCENT_HP_BONUS","is_prod":false,"is_daily":false,"chose_seed":false,"campfire_upgraded":3,"win_rate":0,"timestamp":1562709501,"path_taken":["M","$","?","?","M","R","E","R","T","M","?","R","$","M","R","BOSS","M","$","M","M","M","E"],"build_version":"2019-07-05","purchased_purges":0,"victory":false,"max_hp_per_floor":[88,88,88,88,88,88,88,88,88,88,88,88,88,88,88,88,88,88,88,88,88,88,88],"card_choices":[{"not_picked":["Hemokinesis","Clash","True Grit"],"picked":"SKIP","floor":1},{"not_picked":["Evolve","Shrug It Off"],"picked":"Spot Weakness","floor":5},{"not_picked":["Perfected Strike","Havoc"],"picked":"Body Slam","floor":7},{"not_picked":["True Grit","Headbutt+1"],"picked":"Anger+1","floor":10},{"not_picked":["Infernal Blade","Wild Strike+1"],"picked":"Blood for Blood+1","floor":14},{"not_picked":["Bludgeon+1","Immolate+1"],"picked":"Barricade","floor":16},{"not_picked":["Feel No Pain","Disarm"],"picked":"Rampage+1","floor":17},{"not_picked":["Carnage+1","Spot Weakness"],"picked":"Heavy Blade+1","floor":17},{"not_picked":["Shockwave","True Grit"],"picked":"Shrug It Off","floor":17},{"not_picked":["Bloodletting","Havoc"],"picked":"Sword Boomerang+1","floor":17},{"not_picked":["Headbutt+1","Rage"],"picked":"Twin Strike+1","floor":17},{"not_picked":["Heavy Blade+1","True Grit","Barricade"],"picked":"SKIP","floor":18},{"not_picked":["Sword Boomerang+1","Warcry"],"picked":"Cleave+1","floor":20},{"not_picked":["Thunderclap+1","Perfected Strike+1","Rampage+1"],"picked":"SKIP","floor":21},{"not_picked":["Pummel+1","Corruption"],"picked":"Demon Form","floor":22}],"player_experience":239518,"relics_obtained":[{"floor":7,"key":"Molten Egg 2"},{"floor":9,"key":"Vajra"}],"event_choices":[{"damage_healed":0,"gold_gain":0,"player_choice":"Success","damage_taken":33,"relics_obtained":["Unceasing Top"],"max_hp_gain":0,"max_hp_loss":0,"event_name":"Scrap Ooze","floor":3,"gold_loss":0},{"damage_healed":0,"gold_gain":75,"player_choice":"Gather Gold","damage_taken":11,"max_hp_gain":0,"max_hp_loss":0,"event_name":"World of Goop","floor":4,"gold_loss":0},{"damage_healed":0,"gold_gain":0,"player_choice":"Searched \u00271\u0027 times","damage_taken":0,"relics_obtained":["Ancient Tea Set"],"max_hp_gain":0,"max_hp_loss":0,"event_name":"Dead Adventurer","floor":11,"gold_loss":0}],"is_beta":false,"boss_relics":[{"not_picked":["Sozu","Mark of Pain"],"picked":"Orrery"}],"items_purged_floors":[],"is_endless":false,"potions_floor_spawned":[1,18,20],"killed_by":"Gremlin Leader","ascension_level":1}