{"gold_per_floor":[111,129,30,30,54,87,87,130,154,193,216,260,260,275,275,275],"floor_reached":16,"playtime":895,"items_purged":["Normality"],"score":195,"play_id":"64062627-c13d-4774-aa40-47578ef16b9f","local_time":"20190512204531","is_ascension_mode":true,"campfire_choices":[{"floor":7,"key":"REST"},{"floor":13,"key":"REST"},{"data":"Reinforced Body","floor":15,"key":"SMITH"}],"neow_cost":"CURSE","seed_source_timestamp":25126078187387,"circlet_count":0,"master_deck":["AscendersBane","Strike_B","Strike_B","Defend_B","Defend_B","Defend_B","Defend_B","Zap","Dualcast","Electrodynamics","Reinforced Body+1","Tempest","Genetic Algorithm","Leap","Beam Cell","Hologram","Self Repair","Conserve Battery","Leap"],"relics":["Cracked Core","Golden Idol","Bag of Preparation","Orichalcum","Oddly Smooth Stone","Lantern","Girya"],"potions_floor_usage":[6,6,12],"damage_taken":[{"damage":12,"enemies":"Small Slimes","floor":1,"turns":3},{"damage":4,"enemies":"2 Louse","floor":2,"turns":3},{"damage":1,"enemies":"Jaw Worm","floor":5,"turns":4},{"damage":13,"enemies":"3 Sentries","floor":6,"turns":4},{"damage":33,"enemies":"Gremlin Nob","floor":8,"turns":6},{"damage":12,"enemies":"Lagavulin","floor":10,"turns":8},{"damage":0,"enemies":"Blue Slaver","floor":11,"turns":3},{"damage":18,"enemies":"Gremlin Nob","floor":12,"turns":4},{"damage":0,"enemies":"Lots of Slimes","floor":14,"turns":3},{"damage":36,"enemies":"The Guardian","floor":16,"turns":13}],"seed_played":"8442148879145483369","potions_obtained":[{"floor":2,"key":"LiquidBronze"},{"floor":5,"key":"Fire Potion"},{"floor":11,"key":"Poison Potion"},{"floor":12,"key":"SpeedPotion"}],"is_trial":false,"path_per_floor":["M","M","$","?","M","E","R","E","T","E","M","E","R","M","R","B"],"character_chosen":"DEFECT","items_purchased":["Leap"],"campfire_rested":2,"item_purchase_floors":[3],"current_hp_per_floor":[56,52,52,52,51,38,58,25,25,13,20,9,29,36,36,0],"gold":275,"neow_bonus":"TRANSFORM_TWO_CARDS","is_prod":false,"is_daily":false,"chose_seed":false,"campfire_upgraded":1,"win_rate":0,"timestamp":1557708331,"path_taken":["M","M","$","?","M","E","R","E","T","E","M","E","R","M","R","BOSS"],"build_version":"2019-01-23","purchased_purges":1,"victory":false,"max_hp_per_floor":[75,75,75,69,69,69,69,69,69,69,69,69,69,69,69,69],"card_choices":[{"not_picked":["Streamline","Blizzard"],"picked":"Tempest","floor":1},{"not_picked":["Barrage","Fusion"],"picked":"Genetic Algorithm","floor":2},{"not_picked":["Sweeping Beam","Aggregate"],"picked":"Beam Cell","floor":5},{"not_picked":["Darkness","Conserve Battery"],"picked":"Hologram","floor":6},{"not_picked":["Undo","Compile Driver","Redo"],"picked":"SKIP","floor":8},{"not_picked":["Storm","Streamline"],"picked":"Self Repair","floor":10},{"not_picked":["Skim","Rip and Tear"],"picked":"Conserve Battery","floor":11},{"not_picked":["Multi-Cast","Barrage"],"picked":"Leap","floor":12},{"not_picked":["Aggregate","Beam Cell","Go for the Eyes"],"picked":"SKIP","floor":14}],"player_experience":309638,"relics_obtained":[{"floor":6,"key":"Bag of Preparation"},{"floor":8,"key":"Orichalcum"},{"floor":9,"key":"Oddly Smooth Stone"},{"floor":10,"key":"Lantern"},{"floor":12,"key":"Girya"}],"event_choices":[{"damage_healed":0,"gold_gain":0,"player_choice":"Lose Max HP","damage_taken":0,"relics_obtained":["Golden Idol"],"max_hp_gain":0,"max_hp_loss":6,"event_name":"Golden Idol","floor":4,"gold_loss":0}],"is_beta":false,"boss_relics":[],"items_purged_floors":[3],"is_endless":false,"potions_floor_spawned":[2,5,11,12],"killed_by":"The Guardian","ascension_level":10}