{"gold_per_floor":[219,219,238,163,88,88,102,102,128,146,180,180,207,207,207,300,300,325,325,345,46,46,46,75,75,99,128,128,40,72,40,40,119,119,137,153,166,166,185,213,213,241,241,272,287,305,305,322,322,322,322],"floor_reached":51,"playtime":2696,"items_purged":["Strike_B","Defend_B"],"score":1852,"play_id":"dba7eb9c-45c0-4f18-ba6d-a2db84f21388","local_time":"20190117211232","is_ascension_mode":true,"campfire_choices":[{"data":"Zap","floor":6,"key":"SMITH"},{"data":"Coolheaded","floor":12,"key":"SMITH"},{"data":"Streamline","floor":15,"key":"SMITH"},{"data":"Chaos","floor":23,"key":"SMITH"},{"data":"Biased Cognition","floor":25,"key":"SMITH"},{"floor":28,"key":"REST"},{"data":"Defragment","floor":32,"key":"SMITH"},{"floor":41,"key":"REST"},{"floor":47,"key":"RECALL"},{"data":"Echo Form","floor":49,"key":"SMITH"}],"neow_cost":"NONE","seed_source_timestamp":107515582835070,"circlet_count":0,"master_deck":["AscendersBane","Defend_B","Defend_B","Defend_B","Zap+1","Dualcast+1","Ball Lightning","Leap","Glacier+1","Streamline+1","Coolheaded+1","Cold Snap","Electrodynamics","Chaos+1","Biased Cognition+1","Turbo","Defragment+1","Seek","Coolheaded+1","Compile Driver","Hologram","Echo Form+1","Storm","BootSequence+1","Loop","Electrodynamics","Static Discharge","Chill"],"relics":["Cracked Core","Regal Pillow","The Courier","War Paint","Runic Pyramid","Nloth\u0027s Gift","Membership Card","Bag of Marbles","Prayer Wheel","Art of War","Unceasing Top","ClockworkSouvenir","Ice Cream","Sozu","Smiling Mask","Mango","Centennial Puzzle"],"potions_floor_usage":[20,30,51],"damage_taken":[{"damage":2,"enemies":"Jaw Worm","floor":1,"turns":4},{"damage":0,"enemies":"2 Louse","floor":3,"turns":2},{"damage":0,"enemies":"Cultist","floor":7,"turns":3},{"damage":8,"enemies":"Blue Slaver","floor":10,"turns":3},{"damage":6,"enemies":"Lagavulin","floor":11,"turns":8},{"damage":8,"enemies":"3 Sentries","floor":13,"turns":10},{"damage":0,"enemies":"The Guardian","floor":16,"turns":12},{"damage":0,"enemies":"Chosen","floor":18,"turns":3},{"damage":9,"enemies":"Shell Parasite","floor":20,"turns":5},{"damage":18,"enemies":"Book of Stabbing","floor":24,"turns":6},{"damage":10,"enemies":"Gremlin Leader","floor":27,"turns":6},{"damage":0,"enemies":"Slavers","floor":30,"turns":3},{"damage":0,"enemies":"Automaton","floor":33,"turns":9},{"damage":4,"enemies":"Orb Walker","floor":35,"turns":3},{"damage":8,"enemies":"3 Shapes","floor":36,"turns":4},{"damage":13,"enemies":"Sphere and 2 Shapes","floor":37,"turns":4},{"damage":9,"enemies":"4 Shapes","floor":39,"turns":2},{"damage":0,"enemies":"Nemesis","floor":40,"turns":7},{"damage":0,"enemies":"Giant Head","floor":42,"turns":8},{"damage":13,"enemies":"Reptomancer","floor":44,"turns":5},{"damage":0,"enemies":"Jaw Worm Horde","floor":45,"turns":2},{"damage":0,"enemies":"3 Darklings","floor":46,"turns":4},{"damage":0,"enemies":"Sphere and 2 Shapes","floor":48,"turns":3},{"damage":48,"enemies":"Donu and Deca","floor":50,"turns":8},{"damage":27,"enemies":"Time Eater","floor":51,"turns":5}],"seed_played":"2829162878143162483","potions_obtained":[{"floor":3,"key":"Swift Potion"},{"floor":10,"key":"Swift Potion"},{"floor":18,"key":"AttackPotion"},{"floor":33,"key":"Block Potion"}],"is_trial":false,"path_per_floor":["M","?","M","?","$","R","M","?","T","M","E","R","E","?","R","B",null,"M","?","M","$","?","R","E","R","T","E","R","$","E","$","R","B",null,"M","M","M","?","M","E","R","E","T","E","M","M","R","M","R","B","B"],"character_chosen":"DEFECT","items_purchased":["Membership Card","Bag of Marbles","ClockworkSouvenir","Defragment"],"campfire_rested":2,"item_purchase_floors":[21,21,29,31],"current_hp_per_floor":[62,62,62,62,62,62,62,62,62,54,48,48,40,40,40,40,58,58,58,49,49,49,49,31,31,31,21,55,55,55,55,55,55,62,58,50,37,37,28,28,62,76,76,63,63,63,63,63,63,15,0],"gold":322,"neow_bonus":"HUNDRED_GOLD","is_prod":false,"is_daily":false,"chose_seed":false,"campfire_upgraded":7,"win_rate":0,"timestamp":1547777552,"path_taken":["M","?","M","?","$","R","M","?","T","?","E","R","E","?","R","BOSS","M","?","?","$","?","R","E","R","T","E","R","$","E","?","R","BOSS","M","M","?","?","?","E","R","E","T","E","M","M","R","M","R","BOSS","BOSS"],"build_version":"2019-01-17","purchased_purges":2,"victory":false,"max_hp_per_floor":[71,71,71,71,71,71,71,71,71,71,71,71,71,64,64,64,64,64,64,64,64,64,64,64,64,64,64,64,64,64,64,64,64,64,64,64,64,64,64,64,64,78,78,78,78,78,78,78,78,78,78],"card_choices":[{"not_picked":["Coolheaded","Go for the Eyes"],"picked":"Ball Lightning","floor":1},{"not_picked":["Steam","BootSequence"],"picked":"Leap","floor":3},{"not_picked":["Beam Cell","Stack","Lockon"],"picked":"SKIP","floor":7},{"not_picked":["Coolheaded","Go for the Eyes"],"picked":"Streamline","floor":10},{"not_picked":["Rebound","Force Field"],"picked":"Coolheaded","floor":11},{"not_picked":["Beam Cell","Darkness"],"picked":"Cold Snap","floor":13},{"not_picked":["Machine Learning","Rainbow"],"picked":"Electrodynamics","floor":16},{"not_picked":["Chaos","Capacitor","Genetic Algorithm"],"picked":"SKIP","floor":18},{"not_picked":["Melter","Conserve Battery"],"picked":"Chaos","floor":20},{"not_picked":["Reprogram","Beam Cell"],"picked":"Biased Cognition","floor":24},{"not_picked":["Reboot","Sweeping Beam+1"],"picked":"Turbo","floor":27},{"not_picked":["Rebound","All For One","Barrage"],"picked":"SKIP","floor":30},{"not_picked":["All For One","Core Surge"],"picked":"Seek","floor":33},{"not_picked":["Turbo","Barrage+1"],"picked":"Coolheaded+1","floor":35},{"not_picked":["Conserve Battery","Rip and Tear"],"picked":"Compile Driver","floor":35},{"not_picked":["Conserve Battery","Skim+1"],"picked":"Hologram","floor":36},{"not_picked":["Scrape","BootSequence"],"picked":"Echo Form","floor":36},{"not_picked":["Rebound","Cold Snap"],"picked":"Storm","floor":37},{"not_picked":["Beam Cell+1","Gash"],"picked":"BootSequence+1","floor":37},{"not_picked":["Barrage+1","Ball Lightning","Scrape+1"],"picked":"SKIP","floor":39},{"not_picked":["Beam Cell","Thunder Strike","Stack+1"],"picked":"SKIP","floor":39},{"not_picked":["All For One","Barrage"],"picked":"Loop","floor":40},{"not_picked":["Steam","Beam Cell"],"picked":"Electrodynamics","floor":42},{"not_picked":["Coolheaded","Redo"],"picked":"Static Discharge","floor":44},{"not_picked":["Compile Driver","Go for the Eyes","Stack"],"picked":"SKIP","floor":45},{"not_picked":["Rip and Tear","Streamline","Compile Driver"],"picked":"SKIP","floor":45},{"not_picked":["Stack","Streamline","Rebound+1"],"picked":"SKIP","floor":46},{"not_picked":["Go for the Eyes","Sweeping Beam","Barrage"],"picked":"SKIP","floor":46},{"not_picked":["Beam Cell","Streamline"],"picked":"Chill","floor":48},{"not_picked":["Ball Lightning","Beam Cell+1","Fission"],"picked":"SKIP","floor":48}],"player_experience":1324356,"relics_obtained":[{"floor":9,"key":"Regal Pillow"},{"floor":11,"key":"The Courier"},{"floor":13,"key":"War Paint"},{"floor":24,"key":"Prayer Wheel"},{"floor":26,"key":"Art of War"},{"floor":27,"key":"Unceasing Top"},{"floor":30,"key":"Ice Cream"},{"floor":40,"key":"Smiling Mask"},{"floor":42,"key":"Mango"},{"floor":44,"key":"Centennial Puzzle"}],"event_choices":[{"cards_removed":["Strike_B"],"damage_healed":0,"gold_gain":0,"player_choice":"Forget","damage_taken":0,"max_hp_gain":0,"max_hp_loss":0,"event_name":"Living Wall","floor":2,"gold_loss":0},{"cards_removed":["Strike_B"],"damage_healed":0,"gold_gain":0,"player_choice":"Card Removal","damage_taken":0,"max_hp_gain":0,"max_hp_loss":0,"event_name":"The Cleric","floor":4,"gold_loss":75},{"damage_healed":0,"gold_gain":0,"cards_transformed":["Strike_B"],"player_choice":"Transformed","damage_taken":0,"max_hp_gain":0,"max_hp_loss":0,"event_name":"Transmorgrifier","floor":8,"gold_loss":0,"cards_obtained":["Glacier"]},{"damage_healed":0,"gold_gain":0,"player_choice":"Lose Max HP","damage_taken":0,"relics_obtained":["Golden Idol"],"max_hp_gain":0,"max_hp_loss":7,"event_name":"Golden Idol","floor":14,"gold_loss":0},{"damage_healed":0,"gold_gain":0,"player_choice":"Traded Relic","damage_taken":0,"relics_obtained":["Nloth\u0027s Gift"],"max_hp_gain":0,"max_hp_loss":0,"event_name":"N\u0027loth","floor":19,"relics_lost":["Golden Idol"],"gold_loss":0},{"damage_healed":0,"gold_gain":0,"player_choice":"0 cards matched","damage_taken":0,"max_hp_gain":0,"max_hp_loss":0,"event_name":"Match and Keep!","floor":38,"gold_loss":0,"cards_obtained":[]}],"is_beta":false,"boss_relics":[{"not_picked":["Tiny House","Busted Crown"],"picked":"Runic Pyramid"},{"not_picked":["Pandora\u0027s Box","Empty Cage"],"picked":"Sozu"}],"items_purged_floors":[5,21],"is_endless":false,"potions_floor_spawned":[3,10,13,18,33,35,37,39,44],"killed_by":"Time Eater","ascension_level":20}