{"gold_per_floor":[114,128,203,218,218,252,252,285,285,285],"floor_reached":10,"playtime":268,"items_purged":[],"score":152,"play_id":"0efa456d-493f-4001-8bda-2399a3fbe35f","local_time":"20181029170050","is_ascension_mode":true,"campfire_choices":[{"data":"Bash","floor":7,"key":"SMITH"}],"neow_cost":"NONE","seed_source_timestamp":939564652903108,"circlet_count":0,"master_deck":["Strike_R","Strike_R","Strike_R","Strike_R","Strike_R","Defend_R","Defend_R","Defend_R","Defend_R","Bash+1","AscendersBane","Anger","Thunderclap","Warcry","Flame Barrier"],"relics":["Burning Blood","NeowsBlessing","Art of War","Mango","Darkstone Periapt"],"potions_floor_usage":[6,6],"damage_taken":[{"damage":0,"enemies":"Cultist","floor":1,"turns":1},{"damage":0,"enemies":"Small Slimes","floor":2,"turns":1},{"damage":0,"enemies":"2 Louse","floor":4,"turns":1},{"damage":8,"enemies":"Gremlin Nob","floor":6,"turns":3},{"damage":45,"enemies":"3 Sentries","floor":8,"turns":11},{"damage":56,"enemies":"Gremlin Nob","floor":10,"turns":4}],"seed_played":"4808656725440956","potions_obtained":[{"floor":1,"key":"SpeedPotion"},{"floor":2,"key":"LiquidBronze"},{"floor":5,"key":"FearPotion"},{"floor":5,"key":"Poison Potion"}],"is_trial":false,"path_per_floor":["M","M","?","M","?","E","R","E","T"],"character_chosen":"IRONCLAD","items_purchased":[],"campfire_rested":0,"item_purchase_floors":[],"current_hp_per_floor":[74,75,64,70,70,68,68,43,43,0],"gold":285,"neow_bonus":"THREE_ENEMY_KILL","is_prod":false,"is_daily":false,"chose_seed":false,"campfire_upgraded":1,"win_rate":0,"timestamp":1540846850,"path_taken":["M","?","?","M","?","E","R","E","T","E"],"build_version":"2018-10-25v2","purchased_purges":0,"victory":false,"max_hp_per_floor":[75,75,75,75,75,75,75,89,89,89],"card_choices":[{"not_picked":["Fire Breathing","Flex"],"picked":"Anger","floor":1},{"not_picked":["Twin Strike","Anger"],"picked":"Thunderclap","floor":2},{"not_picked":["Sentinel","Headbutt","Dual Wield"],"picked":"SKIP","floor":4},{"not_picked":["Twin Strike","Ghostly Armor"],"picked":"Warcry","floor":6},{"not_picked":["Pommel Strike","Headbutt"],"picked":"Flame Barrier","floor":8}],"player_experience":1004904,"relics_obtained":[{"floor":6,"key":"Art of War"},{"floor":8,"key":"Mango"},{"floor":9,"key":"Darkstone Periapt"}],"event_choices":[{"damage_healed":0,"gold_gain":75,"player_choice":"Gather Gold","damage_taken":11,"max_hp_gain":0,"max_hp_loss":0,"event_name":"World of Goop","floor":3,"gold_loss":0},{"damage_healed":0,"gold_gain":0,"player_choice":"Got Potions","damage_taken":0,"max_hp_gain":0,"max_hp_loss":0,"event_name":"The Lab","floor":5,"gold_loss":0}],"is_beta":false,"boss_relics":[],"items_purged_floors":[],"is_endless":false,"potions_floor_spawned":[1,2],"killed_by":"Gremlin Nob","ascension_level":20}