{"gold_per_floor":[115,130,230,246,263,263,282,42,42,55,66,84,99,27,27,131,131,150,160,6,6,22,22,49,49,349,349,376,18,29,40,40,40],"floor_reached":33,"playtime":2614,"items_purged":[],"score":283,"play_id":"73cf976f-6fd1-4df8-b6b1-9c7fdee9ca37","local_time":"20190705165747","is_ascension_mode":false,"campfire_choices":[{"floor":6,"key":"REST"},{"floor":15,"key":"REST"},{"floor":23,"key":"REST"},{"floor":25,"key":"REST"},{"floor":27,"key":"REST"},{"floor":32,"key":"REST"}],"neow_cost":"NONE","seed_source_timestamp":1130974880948025,"circlet_count":0,"master_deck":["Strike_B","Strike_B","Strike_B","Strike_B","Defend_B","Defend_B","Defend_B","Defend_B","Zap","Dualcast","Conserve Battery","Sweeping Beam","Beam Cell+1","Force Field","Fusion","Stack","Static Discharge","Melter+1","Chill","Defragment","Electrodynamics","Doom and Gloom+1","Self Repair","Loop","Stack+1","Defragment","Double Energy","Biased Cognition","All For One","Capacitor","Ball Lightning"],"relics":["Cracked Core","Mummified Hand","Mercury Hourglass","Inserter","Whetstone","Old Coin","Bottled Lightning","Regal Pillow"],"potions_floor_usage":[16,16,16,22,22,24,31,31,31],"damage_taken":[{"damage":7,"enemies":"Small Slimes","floor":1,"turns":3},{"damage":0,"enemies":"Cultist","floor":2,"turns":4},{"damage":0,"enemies":"2 Louse","floor":4,"turns":2},{"damage":10,"enemies":"Exordium Thugs","floor":5,"turns":4},{"damage":0,"enemies":"3 Louse","floor":7,"turns":2},{"damage":12,"enemies":"Large Slime","floor":10,"turns":5},{"damage":0,"enemies":"Looter","floor":11,"turns":5},{"damage":17,"enemies":"Gremlin Gang","floor":12,"turns":4},{"damage":4,"enemies":"Lots of Slimes","floor":13,"turns":2},{"damage":26,"enemies":"The Guardian","floor":16,"turns":11},{"damage":28,"enemies":"Chosen","floor":18,"turns":4},{"damage":12,"enemies":"3 Byrds","floor":19,"turns":4},{"damage":2,"enemies":"Snecko","floor":22,"turns":5},{"damage":52,"enemies":"Book of Stabbing","floor":24,"turns":4},{"damage":18,"enemies":"Gremlin Leader","floor":28,"turns":6},{"damage":24,"enemies":"Snake Plant","floor":30,"turns":4},{"damage":21,"enemies":"Centurion and Healer","floor":31,"turns":3},{"damage":85,"enemies":"Champ","floor":33,"turns":8}],"seed_played":"9170345380087596194","potions_obtained":[{"floor":1,"key":"Block Potion"},{"floor":4,"key":"Dexterity Potion"},{"floor":11,"key":"FearPotion"},{"floor":16,"key":"Strength Potion"},{"floor":19,"key":"SpeedPotion"},{"floor":22,"key":"LiquidBronze"},{"floor":28,"key":"Weak Potion"},{"floor":30,"key":"Explosive Potion"}],"is_trial":false,"path_per_floor":["M","M","?","M","M","R","M","$","T","M","M","M","M","$","R","B",null,"M","M","$","?","M","R","E","R","T","R","E","$","M","M","R","B"],"character_chosen":"DEFECT","items_purchased":["Mummified Hand","Defragment","Loop","Regen Potion","Biased Cognition","Regal Pillow","All For One"],"campfire_rested":6,"item_purchase_floors":[8,14,20,20,29,29,29],"current_hp_per_floor":[75,75,75,75,65,82,82,82,82,70,70,53,49,49,73,47,82,54,42,42,42,47,71,26,50,50,74,63,63,46,34,73,0],"gold":40,"neow_bonus":"TEN_PERCENT_HP_BONUS","is_prod":false,"is_daily":false,"chose_seed":false,"campfire_upgraded":0,"win_rate":0.0,"timestamp":1562371067,"path_taken":["M","M","?","M","?","R","M","$","T","M","M","M","M","?","R","BOSS","M","M","$","?","M","R","E","R","T","R","E","$","M","M","R","BOSS"],"build_version":"2019-07-05","purchased_purges":0,"victory":false,"max_hp_per_floor":[82,82,82,82,82,82,82,82,82,82,82,82,82,82,82,82,82,82,82,82,82,82,82,82,82,82,82,82,82,82,82,82,82],"card_choices":[{"not_picked":["Consume","Compile Driver"],"picked":"Conserve Battery","floor":1},{"not_picked":["Double Energy","Redo"],"picked":"Sweeping Beam","floor":2},{"not_picked":["Redo","Steam Power"],"picked":"Beam Cell","floor":4},{"not_picked":["Compile Driver","Leap"],"picked":"Force Field","floor":5},{"not_picked":["Consume","Coolheaded"],"picked":"Fusion","floor":7},{"not_picked":["Consume","Blizzard"],"picked":"Stack","floor":10},{"not_picked":["Reinforced Body","All For One"],"picked":"Static Discharge","floor":11},{"not_picked":["Compile Driver","Blizzard"],"picked":"Melter","floor":12},{"not_picked":["Streamline","Melter"],"picked":"Chill","floor":13},{"not_picked":["All For One","Buffer"],"picked":"Electrodynamics","floor":16},{"not_picked":["Hologram","Cold Snap"],"picked":"Doom and Gloom+1","floor":18},{"not_picked":["Cold Snap+1","Ball Lightning"],"picked":"Self Repair","floor":19},{"not_picked":["Hello World","Cold Snap"],"picked":"Stack+1","floor":22},{"not_picked":["Compile Driver","Aggregate"],"picked":"Defragment","floor":24},{"not_picked":["Leap","Melter"],"picked":"Double Energy","floor":28},{"not_picked":["Barrage","Consume"],"picked":"Capacitor","floor":30},{"not_picked":["Fusion","Redo"],"picked":"Ball Lightning","floor":31}],"player_experience":114403,"relics_obtained":[{"floor":9,"key":"Mercury Hourglass"},{"floor":24,"key":"Whetstone"},{"floor":26,"key":"Old Coin"},{"floor":28,"key":"Bottled Lightning"}],"event_choices":[{"damage_healed":0,"gold_gain":100,"player_choice":"Pray","damage_taken":0,"max_hp_gain":0,"max_hp_loss":0,"event_name":"Golden Shrine","floor":3,"gold_loss":0},{"damage_healed":0,"gold_gain":0,"player_choice":"Ignored","damage_taken":0,"max_hp_gain":0,"max_hp_loss":0,"event_name":"Purifier","floor":21,"gold_loss":0}],"is_beta":false,"boss_relics":[{"not_picked":["Philosopher\u0027s Stone","Busted Crown"],"picked":"Inserter"}],"items_purged_floors":[],"is_endless":false,"potions_floor_spawned":[1,4,11,16,19,22,28,30],"killed_by":"Champ","ascension_level":0}