{"gold_per_floor":[113,20,31,48,223,250,267,292,292,325,340,340,360,360,360,457,487,502,518,234,234,252,283,293,324,402,402,434,434,451,550,550,651,651,661,661,661,671,681,681,713,343,395,395,39,139,33,48,48,48],"floor_reached":51,"playtime":5006,"items_purged":["Writhe"],"score":755,"play_id":"c1af63fd-4045-4d82-ab23-91a49d1c7aad","local_time":"20180714134546","is_ascension_mode":false,"campfire_choices":[{"data":"Infernal Blade","floor":12,"key":"SMITH"},{"floor":15,"key":"REST"},{"floor":27,"key":"REST"},{"floor":29,"key":"REST"},{"floor":32,"key":"REST"},{"data":"Infernal Blade","floor":40,"key":"SMITH"},{"data":"Seeing Red","floor":44,"key":"SMITH"},{"data":"Limit Break","floor":49,"key":"SMITH"}],"neow_cost":"NONE","seed_source_timestamp":235181775953395,"circlet_count":0,"master_deck":["Strike_R+1","Strike_R","Strike_R","Strike_R","Defend_R","Defend_R+1","Defend_R","Bash","Rage","Flash of Steel","Headbutt","Metallicize","Shockwave","Intimidate+1","Rupture","Shrug It Off","Infernal Blade+1","Rampage","Limit Break+1","Infernal Blade+1","Combust","Clash","Burning Pact+1","Clash+1","Seeing Red+1","Battle Trance","Brutality","Infernal Blade+1","Battle Trance+1","Flex","Panacea","Anger+1"],"relics":["Burning Blood","Bag of Preparation","Mercury Hourglass","Question Card","War Paint","Tiny House","Shuriken","Regal Pillow","Mango","Omamori","Letter Opener","Self Forming Clay","Black Star","Matryoshka","Bag of Marbles","Pen Nib","Bottled Lightning","Red Skull","Oddly Smooth Stone","Lee\u0027s Waffle","Ancient Tea Set"],"potions_floor_usage":[8,8,16,22,23,33,33,41,41,50,50],"damage_taken":[{"damage":6,"enemies":"Jaw Worm","floor":1,"turns":4},{"damage":0,"enemies":"Small Slimes","floor":3,"turns":3},{"damage":0,"enemies":"2 Louse","floor":4,"turns":2},{"damage":34,"enemies":"Lagavulin","floor":6,"turns":9},{"damage":4,"enemies":"2 Fungi Beasts","floor":7,"turns":4},{"damage":17,"enemies":"3 Sentries","floor":8,"turns":10},{"damage":19,"enemies":"Gremlin Nob","floor":10,"turns":4},{"damage":10,"enemies":"Large Slime","floor":11,"turns":6},{"damage":0,"enemies":"Exordium Wildlife","floor":13,"turns":6},{"damage":18,"enemies":"Slime Boss","floor":16,"turns":11},{"damage":4,"enemies":"2 Thieves","floor":18,"turns":4},{"damage":0,"enemies":"3 Byrds","floor":19,"turns":4},{"damage":31,"enemies":"Snecko","floor":22,"turns":6},{"damage":42,"enemies":"Book of Stabbing","floor":23,"turns":6},{"damage":17,"enemies":"Centurion and Healer","floor":24,"turns":5},{"damage":27,"enemies":"Slavers","floor":25,"turns":3},{"damage":52,"enemies":"Gremlin Leader","floor":28,"turns":10},{"damage":19,"enemies":"Chosen and Byrds","floor":30,"turns":6},{"damage":30,"enemies":"Champ","floor":33,"turns":9},{"damage":5,"enemies":"Flame Bruiser 1 Orb","floor":35,"turns":4},{"damage":34,"enemies":"3 Shapes","floor":38,"turns":5},{"damage":19,"enemies":"Sphere and 2 Shapes","floor":39,"turns":4},{"damage":29,"enemies":"Nemesis","floor":41,"turns":7},{"damage":30,"enemies":"Transient","floor":48,"turns":5},{"damage":69,"enemies":"Awakened One","floor":50,"turns":8}],"seed_played":"-5710380836753440410","potions_obtained":[{"floor":3,"key":"BloodPotion"},{"floor":6,"key":"GamblersBrew"},{"floor":11,"key":"EssenceOfSteel"},{"floor":16,"key":"Block Potion"},{"floor":17,"key":"Regen Potion"},{"floor":22,"key":"Dexterity Potion"},{"floor":24,"key":"Explosive Potion"},{"floor":28,"key":"SkillPotion"},{"floor":33,"key":"SpeedPotion"},{"floor":39,"key":"Energy Potion"},{"floor":48,"key":"Weak Potion"}],"is_trial":false,"path_per_floor":["M","$","M","M","?","E","M","E","T","E","M","R","M","?","R","B",null,"M","M","$","?","M","E","M","E","T","R","E","R","M","?","R","B",null,"M","T","?","M","M","R","E","$","T","R","$","?","$","M","R","B"],"character_chosen":"IRONCLAD","items_purchased":["Flash of Steel","Shuriken","Clash","Bottled Lightning","Flex","Lee\u0027s Waffle","Ancient Tea Set","Panacea"],"campfire_rested":4,"item_purchase_floors":[2,20,20,42,42,45,45,47],"current_hp_per_floor":[80,80,80,80,80,52,54,51,51,38,34,34,40,33,57,45,85,85,85,85,85,74,52,41,20,20,64,18,62,49,49,93,69,99,99,99,99,71,58,58,35,35,35,35,106,106,106,82,82,19],"gold":48,"neow_bonus":"REMOVE_CARD","is_prod":false,"is_daily":false,"chose_seed":false,"campfire_upgraded":4,"win_rate":0,"timestamp":1531590346,"path_taken":["M","$","M","M","?","E","M","E","T","E","M","R","M","?","R","BOSS","M","M","$","?","M","E","M","E","T","R","E","R","M","?","R","BOSS","M","?","?","M","M","R","E","$","T","R","$","?","?","M","R","BOSS"],"build_version":"2018-07-12","purchased_purges":1,"victory":true,"max_hp_per_floor":[80,80,80,80,80,80,80,80,80,80,80,80,80,80,80,80,85,85,85,85,85,85,99,99,99,99,99,99,99,99,99,99,99,99,99,99,99,99,99,99,99,99,99,99,106,106,106,106,106,106],"card_choices":[{"not_picked":["Twin Strike","Sword Boomerang"],"picked":"Rage","floor":1},{"not_picked":["Armaments","Shockwave"],"picked":"Headbutt","floor":3},{"not_picked":["Uppercut","Corruption"],"picked":"Metallicize","floor":4},{"not_picked":["Pummel","Ghostly Armor"],"picked":"Shockwave","floor":6},{"not_picked":["Second Wind","Dual Wield"],"picked":"Intimidate","floor":7},{"not_picked":["Sever Soul","Heavy Blade"],"picked":"Rupture","floor":8},{"not_picked":["Carnage","Bludgeon","Reckless Charge"],"picked":"Shrug It Off","floor":10},{"not_picked":["Heavy Blade","Metallicize","Perfected Strike"],"picked":"Infernal Blade","floor":11},{"not_picked":["Pommel Strike","Carnage","Clothesline"],"picked":"Rampage","floor":13},{"not_picked":["Fiend Fire","Offering","Dark Embrace"],"picked":"Limit Break","floor":16},{"not_picked":["Sword Boomerang","Battle Trance+1","Headbutt"],"picked":"Infernal Blade+1","floor":18},{"not_picked":["Sword Boomerang","Fire Breathing","Heavy Blade"],"picked":"Combust","floor":19},{"not_picked":["Dark Embrace","Twin Strike+1","Searing Blow","True Grit"],"picked":"SKIP","floor":22},{"not_picked":["Berserk","Headbutt","Offering"],"picked":"Burning Pact+1","floor":23},{"not_picked":["Sword Boomerang","Dropkick","Combust"],"picked":"Clash+1","floor":24},{"not_picked":["Perfected Strike","Clash","Headbutt"],"picked":"Seeing Red","floor":25},{"not_picked":["Sword Boomerang+1","Armaments+1","Dropkick","Blood for Blood"],"picked":"SKIP","floor":28},{"not_picked":["Bludgeon","Cleave","Perfected Strike"],"picked":"Battle Trance","floor":30},{"not_picked":["Reaper","Impervious","Double Tap"],"picked":"Brutality","floor":33},{"not_picked":["Ghostly Armor","Whirlwind","Shrug It Off+1"],"picked":"Infernal Blade","floor":35},{"not_picked":["Carnage+1","True Grit+1","Feel No Pain+1"],"picked":"Battle Trance+1","floor":38},{"not_picked":["Metallicize+1","Twin Strike","Corruption","Iron Wave"],"picked":"SKIP","floor":39},{"not_picked":["Hemokinesis","Shockwave+1","Clothesline","Cleave+1"],"picked":"SKIP","floor":41},{"not_picked":["Entrench+1","Sever Soul+1","Armaments"],"picked":"Anger+1","floor":48}],"player_experience":54833,"relics_obtained":[{"floor":6,"key":"Bag of Preparation"},{"floor":8,"key":"Mercury Hourglass"},{"floor":9,"key":"Question Card"},{"floor":10,"key":"War Paint"},{"floor":23,"key":"Mango"},{"floor":25,"key":"Omamori"},{"floor":26,"key":"Letter Opener"},{"floor":28,"key":"Self Forming Clay"},{"floor":36,"key":"Matryoshka"},{"floor":41,"key":"Bag of Marbles"},{"floor":41,"key":"Pen Nib"},{"floor":43,"key":"Red Skull"},{"floor":43,"key":"Oddly Smooth Stone"}],"event_choices":[{"event_name":"Liars Game","player_choice":"agreed","floor":5,"damage_taken":0},{"event_name":"Golden Wing","player_choice":"Card Removal","floor":14,"damage_taken":0},{"event_name":"The Mausoleum","player_choice":"Yes","floor":21,"damage_taken":0},{"event_name":"Nest","player_choice":"Stole From Cult","floor":31,"damage_taken":0},{"event_name":"Falling","player_choice":"Removed Attack","floor":37,"damage_taken":0},{"event_name":"Golden Shrine","player_choice":"Pray","floor":46,"damage_taken":0}],"boss_relics":[{"not_picked":["White Beast Statue","Runic Dome"],"picked":"Tiny House"},{"not_picked":["Velvet Choker","Runic Cube"],"picked":"Black Star"}],"items_purged_floors":[42],"is_endless":false,"potions_floor_spawned":[3,6,11,16,22,24,28,33,39,48],"ascension_level":0}