{"gold_per_floor":[112,112,139,151,76,76,76,76,76,112,32,32,32,46,46,46],"floor_reached":16,"playtime":440,"items_purged":["Strike_G"],"score":192,"play_id":"a5351a53-dee0-4465-9fdf-a4cef22d1a1b","local_time":"20181116115323","is_ascension_mode":true,"campfire_choices":[{"data":"Neutralize","floor":6,"key":"SMITH"},{"data":"Deadly Poison","floor":8,"key":"SMITH"},{"floor":13,"key":"REST"},{"data":"Footwork","floor":15,"key":"SMITH"}],"neow_cost":"NONE","seed_source_timestamp":172681446315774,"circlet_count":0,"master_deck":["AscendersBane","Defend_G+1","Defend_G","Defend_G","Defend_G+1","Defend_G","Strike_G","Strike_G+1","Strike_G","Strike_G+1","Survivor","Neutralize+1","Deadly Poison+1","Dagger Spray","Leg Sweep","Footwork+1","Corpse Explosion"],"relics":["Ring of the Snake","Bag of Preparation","Golden Idol","Snake Skull","War Paint","Letter Opener"],"potions_floor_usage":[10,16],"damage_taken":[{"damage":1,"enemies":"Small Slimes","floor":1,"turns":4},{"damage":0,"enemies":"Jaw Worm","floor":4,"turns":5},{"damage":17,"enemies":"3 Sentries","floor":10,"turns":9},{"damage":0,"enemies":"Cultist","floor":14,"turns":3},{"damage":47,"enemies":"Slime Boss","floor":16,"turns":12}],"seed_played":"5637307857242330524","potions_obtained":[{"floor":1,"key":"Block Potion"},{"floor":10,"key":"Regen Potion"}],"is_trial":false,"path_per_floor":["M","?","T","M","$","R","?","R","T","E","$","?","R","M","R","B"],"character_chosen":"THE_SILENT","items_purchased":["Footwork"],"campfire_rested":1,"item_purchase_floors":[11],"current_hp_per_floor":[64,42,42,42,42,42,42,42,42,25,25,7,26,26,26,0],"gold":46,"neow_bonus":"TEN_PERCENT_HP_BONUS","is_prod":false,"is_daily":false,"chose_seed":false,"campfire_upgraded":3,"win_rate":0,"timestamp":1542387203,"path_taken":["M","?","?","M","$","R","?","R","T","E","$","?","R","M","R","BOSS"],"build_version":"2018-11-15","purchased_purges":1,"victory":false,"max_hp_per_floor":[72,72,72,72,72,72,65,65,65,65,65,65,65,65,65,65],"card_choices":[{"not_picked":["Escape Plan","Distraction"],"picked":"Deadly Poison","floor":1},{"not_picked":["Catalyst","Dodge and Roll"],"picked":"Dagger Spray","floor":4},{"not_picked":["Quick Slash","Bane"],"picked":"Leg Sweep","floor":10},{"not_picked":["Backflip","Outmaneuver"],"picked":"Corpse Explosion","floor":14}],"player_experience":1064696,"relics_obtained":[{"floor":3,"key":"Bag of Preparation"},{"floor":9,"key":"Snake Skull"},{"floor":10,"key":"War Paint"}],"event_choices":[{"damage_healed":0,"gold_gain":0,"player_choice":"Entered Light","damage_taken":22,"max_hp_gain":0,"max_hp_loss":0,"event_name":"Shining Light","floor":2,"gold_loss":0,"cards_upgraded":["Strike_G","Strike_G"]},{"damage_healed":0,"gold_gain":0,"player_choice":"Lose Max HP","damage_taken":0,"relics_obtained":["Golden Idol"],"max_hp_gain":0,"max_hp_loss":7,"event_name":"Golden Idol","floor":7,"gold_loss":0},{"damage_healed":0,"gold_gain":0,"player_choice":"Success","damage_taken":18,"relics_obtained":["Letter Opener"],"max_hp_gain":0,"max_hp_loss":0,"event_name":"Scrap Ooze","floor":12,"gold_loss":0}],"is_beta":false,"boss_relics":[],"items_purged_floors":[5],"is_endless":false,"potions_floor_spawned":[1,10],"killed_by":"Slime Boss","ascension_level":20}