{"gold_per_floor":[114,127,52,52,68,68,97,97,97,129,129,48,48,48,48,48],"floor_reached":16,"playtime":500,"items_purged":[],"score":212,"play_id":"59616388-ea2b-4500-aa53-679b79cbc091","local_time":"20190607011439","is_ascension_mode":true,"campfire_choices":[{"data":"Carnage","floor":6,"key":"SMITH"},{"data":"Bash","floor":8,"key":"SMITH"},{"data":"Disarm","floor":11,"key":"SMITH"},{"data":"True Grit","floor":15,"key":"SMITH"}],"neow_cost":"NONE","seed_source_timestamp":255997975160542,"circlet_count":0,"master_deck":["AscendersBane","Strike_R","Strike_R","Strike_R","Strike_R","Defend_R","Defend_R","Defend_R","Defend_R","Bash+1","Disarm+1","Carnage+1","True Grit+1","Brutality","Feed"],"relics":["Burning Blood","Pocketwatch","Matryoshka","Dream Catcher","Potion Belt","Gremlin Horn"],"potions_floor_usage":[7,10,10,16],"damage_taken":[{"damage":9,"enemies":"Jaw Worm","floor":1,"turns":4},{"damage":6,"enemies":"Cultist","floor":2,"turns":3},{"damage":17,"enemies":"Small Slimes","floor":5,"turns":6},{"damage":25,"enemies":"3 Sentries","floor":7,"turns":10},{"damage":27,"enemies":"Gremlin Nob","floor":10,"turns":4},{"damage":29,"enemies":"Hexaghost","floor":16,"turns":12}],"seed_played":"-2991360980931712250","potions_obtained":[{"floor":4,"key":"EntropicBrew"},{"floor":4,"key":"SpeedPotion"},{"floor":5,"key":"BloodPotion"},{"floor":7,"key":"Swift Potion"}],"is_trial":false,"path_per_floor":["M","M","?","?","M","R","E","R","T","E","R","$","T","$","R","B"],"character_chosen":"IRONCLAD","items_purchased":["Feed"],"campfire_rested":0,"item_purchase_floors":[12],"current_hp_per_floor":[72,72,72,72,61,61,50,50,50,29,29,29,29,29,29,0],"gold":48,"neow_bonus":"TEN_PERCENT_HP_BONUS","is_prod":false,"is_daily":false,"chose_seed":false,"campfire_upgraded":4,"win_rate":0,"timestamp":1559884479,"path_taken":["M","M","?","?","?","R","E","R","T","E","R","$","?","?","R","BOSS"],"build_version":"2019-01-23","purchased_purges":0,"victory":false,"max_hp_per_floor":[82,82,82,82,82,82,82,82,82,82,82,82,82,82,82,82],"card_choices":[{"not_picked":["Perfected Strike","Body Slam","Fire Breathing"],"picked":"SKIP","floor":1},{"not_picked":["Evolve","Intimidate"],"picked":"Disarm","floor":2},{"not_picked":["Flex","Second Wind"],"picked":"Carnage","floor":5},{"not_picked":["Rage","Anger"],"picked":"True Grit","floor":7},{"not_picked":["Heavy Blade","Thunderclap"],"picked":"Brutality","floor":10}],"player_experience":1459977,"relics_obtained":[{"floor":7,"key":"Pocketwatch"},{"floor":9,"key":"Matryoshka"},{"floor":10,"key":"Dream Catcher"},{"floor":13,"key":"Potion Belt"},{"floor":13,"key":"Gremlin Horn"}],"event_choices":[{"cards_removed":["Strike_R"],"damage_healed":0,"gold_gain":0,"player_choice":"Card Removal","damage_taken":0,"max_hp_gain":0,"max_hp_loss":0,"event_name":"The Cleric","floor":3,"gold_loss":75},{"damage_healed":0,"gold_gain":0,"player_choice":"Got Potions","damage_taken":0,"max_hp_gain":0,"max_hp_loss":0,"event_name":"Lab","floor":4,"gold_loss":0}],"is_beta":false,"boss_relics":[],"items_purged_floors":[],"is_endless":false,"potions_floor_spawned":[5,7],"killed_by":"Hexaghost","ascension_level":20}