{"gold_per_floor":[118,118,129,54,74,74,103,68,68,68,103,115,150,161,161,233,233,251,223,223,76,101,101,133,133,133,133,133,133,133,145,145,219,219,235,235,247,266,98,129,129,157,157,176,201,201,201,227,227,227],"floor_reached":50,"playtime":3485,"items_purged":["Strike_G"],"score":1238,"play_id":"25cab7ee-dade-4d80-a822-e50b500da83d","local_time":"20190208004428","is_ascension_mode":true,"campfire_choices":[{"data":"Neutralize","floor":6,"key":"SMITH"},{"data":"Footwork","floor":10,"key":"SMITH"},{"floor":15,"key":"REST"},{"floor":23,"key":"REST"},{"data":"Skewer","floor":25,"key":"SMITH"},{"data":"Footwork","floor":27,"key":"SMITH"},{"data":"Crippling Poison","floor":30,"key":"SMITH"},{"data":"Deadly Poison","floor":32,"key":"SMITH"},{"floor":41,"key":"REST"},{"floor":46,"key":"REST"},{"floor":49,"key":"RECALL"}],"neow_cost":"TEN_PERCENT_HP_LOSS","seed_source_timestamp":30220729621554,"circlet_count":0,"master_deck":["AscendersBane","Defend_G+1","Defend_G","Defend_G","Defend_G","Survivor","Neutralize+1","Footwork+1","Flying Knee","Crippling Poison+1","After Image","Deadly Poison+1","PiercingWail","After Image","Noxious Fumes+1","A Thousand Cuts+1","Infinite Blades+1","Deadly Poison+1","Backflip","Footwork+1","Finesse","Skewer+1","PiercingWail+1","Adrenaline","Cloak And Dagger","Cloak And Dagger","Backflip","Corpse Explosion","Calculated Gamble"],"relics":["Ring of the Snake","Ice Cream","Ninja Scroll","Shuriken","PreservedInsect","Blood Vial","Astrolabe","Red Mask","The Specimen","Letter Opener","Empty Cage","Oddly Smooth Stone","Regal Pillow","Frozen Egg 2","Pantograph","Orichalcum"],"potions_floor_usage":[16,22,40,50],"damage_taken":[{"damage":1,"enemies":"Cultist","floor":1,"turns":4},{"damage":0,"enemies":"2 Louse","floor":3,"turns":4},{"damage":0,"enemies":"Small Slimes","floor":5,"turns":5},{"damage":28,"enemies":"3 Sentries","floor":7,"turns":17},{"damage":4,"enemies":"Lagavulin","floor":11,"turns":6},{"damage":0,"enemies":"Blue Slaver","floor":12,"turns":4},{"damage":9,"enemies":"3 Sentries","floor":13,"turns":5},{"damage":1,"enemies":"Looter","floor":14,"turns":3},{"damage":31,"enemies":"Slime Boss","floor":16,"turns":17},{"damage":0,"enemies":"Chosen","floor":18,"turns":5},{"damage":17,"enemies":"2 Thieves","floor":19,"turns":4},{"damage":16,"enemies":"Masked Bandits","floor":22,"turns":5},{"damage":2,"enemies":"Gremlin Leader","floor":24,"turns":7},{"damage":10,"enemies":"3 Cultists","floor":31,"turns":5},{"damage":29,"enemies":"Collector","floor":33,"turns":9},{"damage":17,"enemies":"3 Darklings","floor":35,"turns":5},{"damage":4,"enemies":"3 Shapes","floor":37,"turns":8},{"damage":2,"enemies":"3 Darklings","floor":38,"turns":5},{"damage":3,"enemies":"Reptomancer","floor":40,"turns":5},{"damage":15,"enemies":"Giant Head","floor":42,"turns":8},{"damage":7,"enemies":"Jaw Worm Horde","floor":44,"turns":5},{"damage":27,"enemies":"Reptomancer","floor":45,"turns":5},{"damage":0,"enemies":"Giant Head","floor":48,"turns":9},{"damage":70,"enemies":"Time Eater","floor":50,"turns":7}],"seed_played":"-5745409684586922761","potions_obtained":[{"floor":3,"key":"Energy Potion"},{"floor":5,"key":"GhostInAJar"},{"floor":12,"key":"Strength Potion"},{"floor":16,"key":"GhostInAJar"},{"floor":22,"key":"Strength Potion"},{"floor":37,"key":"Explosive Potion"},{"floor":42,"key":"LiquidBronze"},{"floor":45,"key":"Dexterity Potion"}],"is_trial":false,"path_per_floor":["M","?","M","$","M","R","E","?","T","R","E","M","E","M","R","B",null,"M","M","?","$","?","R","E","R","T","R","?","$","R","M","R","B",null,"M","?","M","M","$","E","R","E","T","M","E","R","?","E","R","B"],"character_chosen":"THE_SILENT","items_purchased":["Footwork","Finesse","Oddly Smooth Stone"],"campfire_rested":4,"item_purchase_floors":[21,21,39],"current_hp_per_floor":[58,40,40,40,40,40,12,27,27,27,23,23,14,15,33,4,46,48,33,33,33,19,37,37,37,37,37,37,37,37,29,29,2,46,31,31,29,29,29,28,60,45,45,40,15,48,48,50,50,0],"gold":227,"neow_bonus":"ONE_RARE_RELIC","is_prod":false,"is_daily":false,"chose_seed":false,"campfire_upgraded":6,"win_rate":0,"timestamp":1549604668,"path_taken":["M","?","M","$","M","R","E","?","T","R","E","M","E","M","R","BOSS","M","M","?","$","?","R","E","R","T","R","?","?","R","?","R","BOSS","M","?","M","M","$","E","R","E","T","M","E","R","?","E","R","BOSS"],"build_version":"2019-01-23","purchased_purges":1,"victory":false,"max_hp_per_floor":[60,60,60,60,60,60,60,60,60,60,60,60,60,60,60,60,60,60,60,60,60,60,60,60,60,60,60,60,60,60,60,60,60,60,60,60,60,60,60,60,60,60,60,60,60,60,57,57,57,57],"card_choices":[{"not_picked":["Blade Dance","Expertise","Outmaneuver"],"picked":"SKIP","floor":1},{"not_picked":["Setup","Dagger Spray"],"picked":"Footwork","floor":3},{"not_picked":["Acrobatics","Dagger Throw"],"picked":"Flying Knee","floor":5},{"not_picked":["Underhanded Strike","Distraction"],"picked":"Crippling Poison","floor":7},{"not_picked":["Dagger Spray","Leg Sweep"],"picked":"After Image","floor":11},{"not_picked":["Prepared","Sucker Punch","Dagger Throw"],"picked":"SKIP","floor":12},{"not_picked":["Catalyst","Outmaneuver"],"picked":"Deadly Poison","floor":13},{"not_picked":["Expertise","Prepared"],"picked":"PiercingWail","floor":14},{"not_picked":["Grand Finale","Unload"],"picked":"After Image","floor":16},{"not_picked":["Deflect","PiercingWail"],"picked":"Deadly Poison+1","floor":18},{"not_picked":["Distraction","Bane"],"picked":"Backflip","floor":19},{"not_picked":["Tactician","Distraction+1"],"picked":"Skewer","floor":24},{"not_picked":["Outmaneuver","Deadly Poison"],"picked":"PiercingWail+1","floor":31},{"not_picked":["Die Die Die","Envenom"],"picked":"Adrenaline","floor":33},{"not_picked":["Underhanded Strike","Flechettes","Poisoned Stab+1"],"picked":"SKIP","floor":35},{"not_picked":["Prepared","Dagger Spray"],"picked":"Cloak And Dagger","floor":37},{"not_picked":["Eviscerate","Setup","Prepared"],"picked":"SKIP","floor":38},{"not_picked":["Expertise","Blade Dance"],"picked":"Cloak And Dagger","floor":40},{"not_picked":["Quick Slash","Deadly Poison"],"picked":"Backflip","floor":42},{"not_picked":["Poisoned Stab+1","Dagger Spray"],"picked":"Corpse Explosion","floor":44},{"not_picked":["Poisoned Stab","Skewer+1","Infinite Blades+1"],"picked":"SKIP","floor":45},{"not_picked":["Skewer","All Out Attack"],"picked":"Calculated Gamble","floor":48}],"player_experience":1362319,"relics_obtained":[{"floor":7,"key":"Ninja Scroll"},{"floor":9,"key":"Shuriken"},{"floor":11,"key":"PreservedInsect"},{"floor":13,"key":"Blood Vial"},{"floor":22,"key":"Red Mask"},{"floor":24,"key":"The Specimen"},{"floor":26,"key":"Letter Opener"},{"floor":40,"key":"Regal Pillow"},{"floor":42,"key":"Frozen Egg 2"},{"floor":45,"key":"Pantograph"},{"floor":48,"key":"Orichalcum"}],"event_choices":[{"damage_healed":0,"gold_gain":0,"player_choice":"Entered Light","damage_taken":18,"max_hp_gain":0,"max_hp_loss":0,"event_name":"Shining Light","floor":2,"gold_loss":0,"cards_upgraded":["Defend_G","Strike_G"]},{"damage_healed":15,"gold_gain":0,"player_choice":"Healed","damage_taken":0,"max_hp_gain":0,"max_hp_loss":0,"event_name":"The Cleric","floor":8,"gold_loss":35},{"damage_healed":0,"gold_gain":0,"cards_transformed":["Defend_G","Strike_G"],"player_choice":"Became Test Subject","damage_taken":0,"max_hp_gain":0,"max_hp_loss":0,"event_name":"Drug Dealer","floor":20,"gold_loss":0,"cards_obtained":["Bane","A Thousand Cuts"]},{"damage_healed":0,"gold_gain":0,"player_choice":"Fought Bandits","damage_taken":0,"max_hp_gain":0,"max_hp_loss":0,"event_name":"Masked Bandits","floor":22,"gold_loss":0},{"damage_healed":0,"gold_gain":0,"player_choice":"Ignored","damage_taken":0,"max_hp_gain":0,"max_hp_loss":0,"event_name":"Vampires","floor":28,"gold_loss":0},{"damage_healed":0,"gold_gain":0,"player_choice":"Ignored","damage_taken":0,"max_hp_gain":0,"max_hp_loss":0,"event_name":"Mysterious Sphere","floor":36,"gold_loss":0},{"damage_healed":0,"gold_gain":0,"player_choice":"Max HP","damage_taken":0,"max_hp_gain":0,"max_hp_loss":3,"event_name":"Winding Halls","floor":47,"gold_loss":0}],"is_beta":false,"boss_relics":[{"not_picked":["White Beast Statue","Runic Pyramid"],"picked":"Astrolabe"},{"not_picked":["Velvet Choker","Tiny House"],"picked":"Empty Cage"}],"items_purged_floors":[4],"is_endless":false,"potions_floor_spawned":[3,5,12,14,16,18,22,37,42,45],"killed_by":"Time Eater","ascension_level":20}