{"gold_per_floor":[110,110,35,35,45,45,59,71,98,98,110,110,122,155,155,259,259,274,67,86,86,106,106,106,68,68,85,102,121,121,140,140,244,244,254,268,65,78,90,90,90,90,90,14,14,14,31,43,43,43],"floor_reached":50,"playtime":2399,"items_purged":["Iron Wave"],"score":598,"play_id":"613551fb-6754-4c56-855c-156f0b92d825","local_time":"20190721232830","daily_mods":["Insanity","ControlledChaos","Night Terrors"],"is_ascension_mode":false,"campfire_choices":[{"data":"Armaments","floor":6,"key":"SMITH"},{"data":"Perfected Strike","floor":10,"key":"SMITH"},{"data":"Rage","floor":15,"key":"SMITH"},{"data":"Whirlwind","floor":23,"key":"SMITH"},{"floor":30,"key":"REST"},{"data":"Uppercut","floor":32,"key":"SMITH"},{"data":"Pummel","floor":40,"key":"SMITH"},{"data":"Corruption","floor":45,"key":"SMITH"},{"data":"Havoc","floor":49,"key":"SMITH"}],"neow_cost":"","seed_source_timestamp":0,"circlet_count":0,"master_deck":["Wild Strike+1","Headbutt+1","Rage+1","Body Slam+1","Flex+1","Cleave+1","Spot Weakness+1","Sword Boomerang+1","Disarm+1","Pummel+1","Seeing Red+1","Second Wind+1","Havoc+1","Body Slam+1","Uppercut+1","Headbutt+1","Sword Boomerang+1","Rupture+1","Body Slam+1","Pommel Strike+1","Rampage+1","Iron Wave+1","Headbutt+1","Battle Trance+1","Rage+1","Twin Strike+1","Inflame+1","Cleave+1","Disarm+1","Sever Soul+1","Flex+1","Sword Boomerang+1","Flex+1","Anger+1","Burning Pact+1","Armaments+1","Iron Wave+1","Ghostly Armor+1","Twin Strike+1","Clothesline+1","Anger+1","Second Wind+1","Body Slam+1","Perfected Strike+1","Thunderclap+1","Heavy Blade+1","Entrench+1","Body Slam+1","Cleave+1","Carnage+1","Juggernaut+1","Reaper+1","Whirlwind+1","Havoc+1","Inflame+1","Cleave+1","Flex+1","Battle Trance+1","Immolate+1","Flex+1","Battle Trance+1","Heavy Blade+1","Headbutt+1","Discovery+1","Corruption+1","Havoc+1","Thunderclap"],"relics":["Burning Blood","Frozen Eye","Letter Opener","Happy Flower","Prayer Wheel","Busted Crown","Medical Kit","MutagenicStrength","Bag of Marbles","Eternal Feather","Lee\u0027s Waffle","Mark of the Bloom","Bottled Flame"],"potions_floor_usage":[8,13,14,16,33,33,48,50,50],"damage_taken":[{"damage":0,"enemies":"Cultist","floor":1,"turns":2},{"damage":0,"enemies":"2 Louse","floor":5,"turns":1},{"damage":8,"enemies":"Jaw Worm","floor":7,"turns":2},{"damage":9,"enemies":"Exordium Wildlife","floor":8,"turns":3},{"damage":3,"enemies":"3 Louse","floor":11,"turns":2},{"damage":0,"enemies":"Exordium Thugs","floor":13,"turns":3},{"damage":13,"enemies":"Lagavulin","floor":14,"turns":3},{"damage":7,"enemies":"Slime Boss","floor":16,"turns":7},{"damage":15,"enemies":"Shell Parasite","floor":18,"turns":4},{"damage":14,"enemies":"Spheric Guardian","floor":20,"turns":4},{"damage":10,"enemies":"3 Cultists","floor":22,"turns":3},{"damage":21,"enemies":"Snake Plant","floor":27,"turns":3},{"damage":1,"enemies":"Cultist and Chosen","floor":28,"turns":4},{"damage":26,"enemies":"Snecko","floor":29,"turns":5},{"damage":0,"enemies":"3 Cultists","floor":31,"turns":1},{"damage":68,"enemies":"Collector","floor":33,"turns":9},{"damage":27,"enemies":"3 Darklings","floor":35,"turns":4},{"damage":2,"enemies":"3 Shapes","floor":36,"turns":1},{"damage":26,"enemies":"3 Darklings","floor":38,"turns":5},{"damage":38,"enemies":"Maw","floor":39,"turns":7},{"damage":0,"enemies":"Jaw Worm Horde","floor":47,"turns":1},{"damage":21,"enemies":"Writhing Mass","floor":48,"turns":3},{"damage":53,"enemies":"Donu and Deca","floor":50,"turns":3}],"seed_played":"1366343959681064867","potions_obtained":[{"floor":5,"key":"Poison Potion"},{"floor":7,"key":"Explosive Potion"},{"floor":8,"key":"BloodPotion"},{"floor":11,"key":"AttackPotion"},{"floor":14,"key":"AttackPotion"},{"floor":20,"key":"Regen Potion"},{"floor":22,"key":"EssenceOfSteel"},{"floor":39,"key":"Strength Potion"},{"floor":48,"key":"Strength Potion"}],"is_trial":true,"path_per_floor":["M","?","$","T","M","R","M","M","T","R","M","?","M","E","R","B",null,"M","$","M","?","M","R","?","$","T","M","M","M","R","M","R","B",null,"M","M","$","M","M","R","?","?","T","$","R","$","M","M","R","B"],"character_chosen":"IRONCLAD","items_purchased":["Medical Kit","Inflame","Lee\u0027s Waffle","Corruption"],"campfire_rested":1,"item_purchase_floors":[19,25,37,44],"current_hp_per_floor":[80,80,80,80,80,80,78,75,75,75,78,78,80,73,73,72,80,71,71,67,67,76,76,76,76,76,61,66,54,75,75,75,52,75,54,58,82,62,34,70,70,70,70,70,70,70,70,49,49,0],"gold":43,"neow_bonus":"","is_prod":false,"is_daily":false,"chose_seed":false,"campfire_upgraded":8,"win_rate":0,"timestamp":1563744510,"path_taken":["M","?","?","?","M","R","M","M","T","R","M","?","?","E","R","BOSS","M","$","M","?","M","R","?","$","T","M","?","?","R","M","R","BOSS","M","M","$","M","M","R","?","?","T","$","R","?","M","M","R","BOSS"],"build_version":"2019-07-17","purchased_purges":1,"victory":false,"max_hp_per_floor":[80,80,80,80,80,80,80,80,80,80,80,80,80,80,80,80,80,80,80,80,80,80,80,80,80,80,80,80,80,75,75,75,75,75,75,75,82,82,82,82,82,82,82,82,82,82,82,82,82,82],"card_choices":[{"not_picked":["Entrench","Infernal Blade","Feel No Pain"],"picked":"SKIP","floor":1},{"not_picked":["Perfected Strike","True Grit","Clothesline"],"picked":"SKIP","floor":5},{"not_picked":["Flex","Uppercut"],"picked":"Cleave","floor":7},{"not_picked":["Iron Wave","Thunderclap","Ghostly Armor"],"picked":"SKIP","floor":8},{"not_picked":["Infernal Blade","Thunderclap","Anger"],"picked":"SKIP","floor":11},{"not_picked":["Wild Strike","Clothesline"],"picked":"Carnage","floor":13},{"not_picked":["Entrench","Anger"],"picked":"Juggernaut","floor":14},{"not_picked":["Feed","Offering"],"picked":"Reaper","floor":16},{"not_picked":[],"picked":"Whirlwind","floor":18},{"not_picked":["Headbutt"],"picked":"SKIP","floor":18},{"not_picked":[],"picked":"Havoc","floor":20},{"not_picked":["Shrug It Off"],"picked":"SKIP","floor":20},{"not_picked":["Bloodletting"],"picked":"SKIP","floor":22},{"not_picked":["Fire Breathing+1"],"picked":"SKIP","floor":22},{"not_picked":["Hemokinesis"],"picked":"SKIP","floor":27},{"not_picked":["Second Wind"],"picked":"SKIP","floor":27},{"not_picked":[],"picked":"Cleave","floor":28},{"not_picked":["Armaments"],"picked":"SKIP","floor":28},{"not_picked":[],"picked":"Flex","floor":29},{"not_picked":[],"picked":"Battle Trance","floor":29},{"not_picked":["Clothesline+1"],"picked":"SKIP","floor":31},{"not_picked":["Heavy Blade+1"],"picked":"SKIP","floor":31},{"not_picked":[],"picked":"Immolate","floor":33},{"not_picked":[],"picked":"Flex","floor":35},{"not_picked":[],"picked":"Battle Trance+1","floor":35},{"not_picked":["Clash"],"picked":"SKIP","floor":36},{"not_picked":["Fire Breathing+1"],"picked":"SKIP","floor":36},{"not_picked":["Body Slam+1"],"picked":"SKIP","floor":38},{"not_picked":["Clothesline"],"picked":"SKIP","floor":38},{"not_picked":[],"picked":"Heavy Blade+1","floor":39},{"not_picked":[],"picked":"Headbutt+1","floor":39},{"not_picked":[],"picked":"Discovery","floor":41},{"not_picked":["Warcry+1"],"picked":"SKIP","floor":47},{"not_picked":["Sentinel"],"picked":"SKIP","floor":47},{"not_picked":[],"picked":"Havoc","floor":48},{"not_picked":[],"picked":"Thunderclap","floor":48}],"player_experience":275276,"relics_obtained":[{"floor":4,"key":"Letter Opener"},{"floor":9,"key":"Happy Flower"},{"floor":14,"key":"Prayer Wheel"},{"floor":26,"key":"Bag of Marbles"},{"floor":43,"key":"Bottled Flame"}],"event_choices":[{"damage_healed":0,"gold_gain":0,"player_choice":"Upgraded","damage_taken":0,"max_hp_gain":0,"max_hp_loss":0,"event_name":"Upgrade Shrine","floor":2,"gold_loss":0,"cards_upgraded":["Entrench"]},{"cards_removed":["True Grit"],"damage_healed":0,"gold_gain":0,"player_choice":"Forget","damage_taken":0,"max_hp_gain":0,"max_hp_loss":0,"event_name":"Living Wall","floor":12,"gold_loss":0},{"damage_healed":0,"gold_gain":0,"player_choice":"Inject Mutagens","damage_taken":0,"relics_obtained":["MutagenicStrength"],"max_hp_gain":0,"max_hp_loss":0,"event_name":"Drug Dealer","floor":21,"gold_loss":0},{"damage_healed":0,"gold_gain":0,"player_choice":"Ignored","damage_taken":0,"max_hp_gain":0,"max_hp_loss":0,"event_name":"Vampires","floor":24,"gold_loss":0},{"damage_healed":0,"gold_gain":0,"player_choice":"Memory 1","damage_taken":0,"max_hp_gain":0,"max_hp_loss":0,"event_name":"SensoryStone","floor":41,"gold_loss":0},{"damage_healed":0,"gold_gain":0,"player_choice":"Upgrade","damage_taken":0,"relics_obtained":["Mark of the Bloom"],"max_hp_gain":0,"max_hp_loss":0,"event_name":"MindBloom","floor":42,"gold_loss":0,"cards_upgraded":["Wild Strike","Headbutt","Body Slam","Flex","Cleave","Spot Weakness","Sword Boomerang","Disarm","Seeing Red","Second Wind","Havoc","Body Slam","Headbutt","Sword Boomerang","Rupture","Body Slam","Pommel Strike","Rampage","Iron Wave","Headbutt","Battle Trance","Rage","Twin Strike","Inflame","Cleave","Disarm","Sever Soul","Flex","Sword Boomerang","Flex","Anger","Burning Pact","Iron Wave","Ghostly Armor","Twin Strike","Clothesline","Anger","Second Wind","Body Slam","Thunderclap","Heavy Blade","Body Slam","Cleave","Carnage","Juggernaut","Reaper","Havoc","Inflame","Cleave","Flex","Battle Trance","Immolate","Flex","Discovery"]}],"is_beta":false,"boss_relics":[{"not_picked":["White Beast Statue","Philosopher\u0027s Stone"],"picked":"Busted Crown"},{"not_picked":["Cursed Key","Astrolabe"],"picked":"Eternal Feather"}],"items_purged_floors":[3],"is_endless":false,"potions_floor_spawned":[5,7,8,11,14,20,22,29,31,39,48],"killed_by":"Donu and Deca","ascension_level":0}