{"gold_per_floor":[110,110,127,141,156,156,46,46,72,85,105,105,135,145,145,245,245,235,335,235,250,125,125,143,155,206,216,216,216,315,325,325,325],"floor_reached":33,"playtime":2823,"items_purged":["Defend_B","Strike_B","Defend_B"],"score":277,"play_id":"e5df68ad-ed88-4645-b7a6-846592f8104b","local_time":"20190428191730","is_ascension_mode":true,"campfire_choices":[{"data":"Coolheaded","floor":6,"key":"SMITH"},{"data":"Defragment","floor":8,"key":"SMITH"},{"data":"Hologram","floor":12,"key":"SMITH"},{"data":"Machine Learning","floor":15,"key":"SMITH"},{"data":"Hologram","floor":23,"key":"SMITH"},{"floor":28,"key":"REST"},{"floor":32,"key":"REST"}],"neow_cost":"NONE","seed_source_timestamp":93934940877539,"circlet_count":0,"master_deck":["Strike_B+1","Strike_B","Strike_B+1","Defend_B","Defend_B","Zap","Dualcast","Coolheaded","Hologram+1","Coolheaded+1","Defragment+1","Hologram+1","Streamline","Machine Learning+1","Multi-Cast","Turbo+1","Turbo+1","Steam Power","BootSequence"],"relics":["FrozenCore","NeowsBlessing","Vajra","Bag of Preparation","Odd Mushroom","Whetstone"],"potions_floor_usage":[16,16,27,33],"damage_taken":[{"damage":0,"enemies":"Small Slimes","floor":1,"turns":1},{"damage":0,"enemies":"Cultist","floor":3,"turns":1},{"damage":0,"enemies":"2 Louse","floor":4,"turns":1},{"damage":0,"enemies":"Large Slime","floor":5,"turns":5},{"damage":2,"enemies":"2 Fungi Beasts","floor":10,"turns":4},{"damage":4,"enemies":"Blue Slaver","floor":11,"turns":4},{"damage":15,"enemies":"The Mushroom Lair","floor":13,"turns":7},{"damage":19,"enemies":"Exordium Wildlife","floor":14,"turns":5},{"damage":7,"enemies":"Slime Boss","floor":16,"turns":6},{"damage":24,"enemies":"2 Thieves","floor":18,"turns":5},{"damage":0,"enemies":"Shell Parasite","floor":21,"turns":6},{"damage":6,"enemies":"Centurion and Healer","floor":24,"turns":6},{"damage":24,"enemies":"Cultist and Chosen","floor":25,"turns":10},{"damage":8,"enemies":"Snecko","floor":27,"turns":4},{"damage":0,"enemies":"Centurion and Healer","floor":31,"turns":7},{"damage":49,"enemies":"Champ","floor":33,"turns":17}],"seed_played":"7153477256362110763","potions_obtained":[{"floor":4,"key":"SteroidPotion"},{"floor":5,"key":"Strength Potion"},{"floor":24,"key":"Dexterity Potion"},{"floor":25,"key":"AttackPotion"}],"is_trial":false,"path_per_floor":["M","?","M","M","M","R","$","R","T","M","M","R","?","M","R","B",null,"M","?","$","M","$","R","M","M","T","M","R","?","?","M","R","B"],"character_chosen":"DEFECT","items_purchased":["Defragment"],"campfire_rested":2,"item_purchase_floors":[7],"current_hp_per_floor":[75,75,75,75,75,75,75,75,75,73,69,69,54,35,35,28,75,51,51,51,51,51,51,45,21,21,13,35,21,21,21,45,0],"gold":325,"neow_bonus":"THREE_ENEMY_KILL","is_prod":false,"is_daily":false,"chose_seed":false,"campfire_upgraded":5,"win_rate":0,"timestamp":1556493450,"path_taken":["M","?","?","M","M","R","$","R","T","M","M","R","?","M","R","BOSS","M","?","$","M","$","R","?","M","T","M","R","?","?","M","R","BOSS"],"build_version":"2019-01-23","purchased_purges":3,"victory":false,"max_hp_per_floor":[75,75,75,75,75,75,75,75,75,75,75,75,75,75,75,75,75,75,75,75,75,75,75,75,75,75,75,75,80,80,80,80,80],"card_choices":[{"not_picked":["Loop","Steam"],"picked":"Coolheaded","floor":1},{"not_picked":["Cold Snap","Sweeping Beam"],"picked":"Hologram","floor":3},{"not_picked":["Go for the Eyes","Stack"],"picked":"Coolheaded","floor":4},{"not_picked":["Steam","Fusion","Compile Driver"],"picked":"SKIP","floor":5},{"not_picked":["Hello World","Consume"],"picked":"Hologram","floor":10},{"not_picked":["Darkness","Doom and Gloom"],"picked":"Streamline","floor":11},{"not_picked":["Steam Power","Stack"],"picked":"Machine Learning","floor":13},{"not_picked":["Sweeping Beam","Stack","Coolheaded"],"picked":"SKIP","floor":14},{"not_picked":["All For One","Fission"],"picked":"Multi-Cast","floor":16},{"not_picked":["White Noise","Sweeping Beam"],"picked":"Turbo+1","floor":18},{"not_picked":["Loop","Leap"],"picked":"Turbo+1","floor":21},{"not_picked":["Fusion","Barrage","Redo"],"picked":"SKIP","floor":24},{"not_picked":["Sweeping Beam","Coolheaded","Gash+1"],"picked":"SKIP","floor":25},{"not_picked":["Streamline","Go for the Eyes"],"picked":"Steam Power","floor":27},{"not_picked":["Electrodynamics","Sweeping Beam"],"picked":"BootSequence","floor":31}],"player_experience":198845,"relics_obtained":[{"floor":2,"key":"Vajra"},{"floor":9,"key":"Bag of Preparation"},{"floor":13,"key":"Odd Mushroom"},{"floor":26,"key":"Whetstone"}],"event_choices":[{"damage_healed":0,"gold_gain":0,"player_choice":"Relic","damage_taken":0,"max_hp_gain":0,"max_hp_loss":0,"event_name":"Wheel of Change","floor":2,"gold_loss":0},{"damage_healed":0,"gold_gain":0,"player_choice":"Fought Mushrooms","damage_taken":0,"max_hp_gain":0,"max_hp_loss":0,"event_name":"Mushrooms","floor":13,"gold_loss":0},{"damage_healed":0,"gold_gain":100,"player_choice":"Pray","damage_taken":0,"max_hp_gain":0,"max_hp_loss":0,"event_name":"Golden Shrine","floor":19,"gold_loss":0},{"damage_healed":0,"gold_gain":0,"player_choice":"Shed Blood","damage_taken":19,"max_hp_gain":5,"max_hp_loss":0,"event_name":"Forgotten Altar","floor":29,"gold_loss":0},{"damage_healed":0,"gold_gain":99,"player_choice":"Stole From Cult","damage_taken":0,"max_hp_gain":0,"max_hp_loss":0,"event_name":"Nest","floor":30,"gold_loss":0}],"is_beta":false,"boss_relics":[{"not_picked":["Orrery","Tiny House"],"picked":"FrozenCore"}],"items_purged_floors":[7,20,22],"is_endless":false,"potions_floor_spawned":[4,5,24,25],"killed_by":"Champ","ascension_level":3}