{"gold_per_floor":[109,126,137,137,154,154,180,17,17,17,17],"floor_reached":11,"playtime":381,"items_purged":["Strike_R"],"score":146,"play_id":"8e9c500b-efa1-47b5-80bf-94c7befab68b","local_time":"20190711184236","is_ascension_mode":true,"campfire_choices":[{"data":"Combust","floor":6,"key":"SMITH"},{"data":"Fiend Fire","floor":10,"key":"SMITH"}],"neow_cost":"NONE","seed_source_timestamp":175833391511133,"circlet_count":0,"master_deck":["AscendersBane","Strike_R","Strike_R","Strike_R","Defend_R","Defend_R","Defend_R","Defend_R","Bash","Cleave","Combust+1","Warcry","Fiend Fire+1","Inflame"],"relics":["Burning Blood","Meat on the Bone","Molten Egg 2"],"potions_floor_usage":[7,11],"damage_taken":[{"damage":11,"enemies":"Jaw Worm","floor":1,"turns":6},{"damage":3,"enemies":"Small Slimes","floor":2,"turns":3},{"damage":8,"enemies":"2 Louse","floor":3,"turns":2},{"damage":13,"enemies":"Looter","floor":5,"turns":3},{"damage":33,"enemies":"Gremlin Nob","floor":7,"turns":4},{"damage":23,"enemies":"3 Sentries","floor":11,"turns":4}],"seed_played":"-764131272288150254","potions_obtained":[{"floor":0,"key":"Explosive Potion"},{"floor":0,"key":"FearPotion"},{"floor":2,"key":"Swift Potion"},{"floor":7,"key":"Energy Potion"}],"is_trial":false,"path_per_floor":["M","M","M","?","M","R","E","$","T","R","E"],"character_chosen":"IRONCLAD","items_purchased":["Inflame"],"campfire_rested":0,"item_purchase_floors":[8],"current_hp_per_floor":[63,66,64,57,50,50,23,23,23,23,0],"gold":17,"neow_bonus":"THREE_SMALL_POTIONS","is_prod":false,"is_daily":false,"chose_seed":false,"campfire_upgraded":2,"win_rate":0,"timestamp":1562884956,"path_taken":["M","M","M","?","M","R","E","$","T","R","E"],"build_version":"2019-07-05","purchased_purges":1,"victory":false,"max_hp_per_floor":[75,75,75,75,75,75,75,75,75,75,75],"card_choices":[{"not_picked":["Iron Wave","Corruption"],"picked":"Cleave","floor":1},{"not_picked":["Havoc","Thunderclap"],"picked":"Combust","floor":2},{"not_picked":["Heavy Blade","Intimidate","Burning Pact"],"picked":"SKIP","floor":3},{"not_picked":["Heavy Blade","Iron Wave"],"picked":"Warcry","floor":5},{"not_picked":["Heavy Blade","Reckless Charge"],"picked":"Fiend Fire","floor":7}],"player_experience":1469029,"relics_obtained":[{"floor":7,"key":"Meat on the Bone"},{"floor":9,"key":"Molten Egg 2"}],"event_choices":[{"cards_removed":["Strike_R"],"damage_healed":0,"gold_gain":0,"player_choice":"Card Removal","damage_taken":7,"max_hp_gain":0,"max_hp_loss":0,"event_name":"Golden Wing","floor":4,"gold_loss":0}],"is_beta":false,"boss_relics":[],"items_purged_floors":[8],"is_endless":false,"potions_floor_spawned":[2,7],"killed_by":"3 Sentries","ascension_level":20}