{"gold_per_floor":[117,132,132,149,74,109,124,124,124,150,165,183,183,83,83,187,187,200,200,211,86,103,129,129,129,129,157,176,176,126,139,139,139],"floor_reached":33,"playtime":1204,"items_purged":["Defend_R","Strike_R","Defend_R","Strike_R"],"score":337,"play_id":"c7d52bb9-fdcc-471c-bf6b-d132fc526b8f","local_time":"20190624004456","is_ascension_mode":true,"campfire_choices":[{"data":"Bash","floor":8,"key":"SMITH"},{"floor":13,"key":"REST"},{"floor":15,"key":"REST"},{"floor":25,"key":"REST"},{"data":"Dropkick","floor":29,"key":"SMITH"},{"floor":32,"key":"REST"}],"neow_cost":"NONE","seed_source_timestamp":370273520387850,"circlet_count":0,"master_deck":["Strike_R","Defend_R","Defend_R","Bash+1","Dropkick+1","Inflame","Anger","Feed","Immolate"],"relics":["Burning Blood","Bird Faced Urn","Ginger","Mercury Hourglass","Mark of Pain","Art of War","Smiling Mask","Sundial"],"potions_floor_usage":[10,12,23,33,33],"damage_taken":[{"damage":0,"enemies":"2 Louse","floor":1,"turns":3},{"damage":9,"enemies":"Cultist","floor":2,"turns":4},{"damage":20,"enemies":"Small Slimes","floor":4,"turns":4},{"damage":27,"enemies":"Gremlin Nob","floor":6,"turns":4},{"damage":11,"enemies":"Blue Slaver","floor":7,"turns":5},{"damage":21,"enemies":"Lagavulin","floor":10,"turns":6},{"damage":16,"enemies":"3 Louse","floor":11,"turns":3},{"damage":3,"enemies":"Exordium Thugs","floor":12,"turns":3},{"damage":11,"enemies":"Slime Boss","floor":16,"turns":7},{"damage":26,"enemies":"Shell Parasite","floor":18,"turns":5},{"damage":0,"enemies":"Chosen","floor":20,"turns":3},{"damage":49,"enemies":"Shelled Parasite and Fungi","floor":22,"turns":5},{"damage":18,"enemies":"Gremlin Leader","floor":23,"turns":3},{"damage":25,"enemies":"Slavers","floor":27,"turns":4},{"damage":12,"enemies":"3 Cultists","floor":28,"turns":4},{"damage":32,"enemies":"Snake Plant","floor":31,"turns":3},{"damage":76,"enemies":"Collector","floor":33,"turns":6}],"seed_played":"-6740505087835845888","potions_obtained":[{"floor":2,"key":"PowerPotion"},{"floor":4,"key":"FairyPotion"},{"floor":10,"key":"EssenceOfSteel"},{"floor":16,"key":"Dexterity Potion"},{"floor":22,"key":"Poison Potion"},{"floor":23,"key":"SpeedPotion"},{"floor":27,"key":"Strength Potion"}],"is_trial":false,"path_per_floor":["M","M","?","M","$","E","M","R","T","E","M","M","R","$","R","B",null,"M","?","M","$","M","E","$","R","T","E","M","R","$","M","R","B"],"character_chosen":"IRONCLAD","items_purchased":[],"campfire_rested":4,"item_purchase_floors":[],"current_hp_per_floor":[88,85,85,71,71,50,47,47,47,36,28,33,59,59,85,82,88,70,70,78,78,37,30,30,57,57,43,42,42,42,18,47,0],"gold":139,"neow_bonus":"TEN_PERCENT_HP_BONUS","is_prod":false,"is_daily":false,"chose_seed":false,"campfire_upgraded":2,"win_rate":0,"timestamp":1561329896,"path_taken":["M","M","?","M","?","E","?","R","T","E","M","M","R","?","R","BOSS","M","?","M","$","?","E","$","R","T","E","M","R","$","M","R","BOSS"],"build_version":"2019-01-23","purchased_purges":4,"victory":false,"max_hp_per_floor":[88,88,88,88,88,88,88,88,88,88,88,88,88,88,88,88,88,88,88,88,88,88,91,91,91,91,94,97,97,97,97,97,97],"card_choices":[{"not_picked":["Clash","Heavy Blade"],"picked":"Dropkick","floor":1},{"not_picked":["Ghostly Armor","Hemokinesis"],"picked":"Inflame","floor":2},{"not_picked":["Headbutt","Clash","Armaments"],"picked":"SKIP","floor":4},{"not_picked":["Ghostly Armor","Clash","Sentinel"],"picked":"SKIP","floor":6},{"not_picked":["Armaments","Entrench","Havoc"],"picked":"SKIP","floor":7},{"not_picked":["Rupture","Sever Soul"],"picked":"Anger","floor":10},{"not_picked":["Entrench","Perfected Strike","Carnage"],"picked":"SKIP","floor":11},{"not_picked":["Anger","Wild Strike","Clash"],"picked":"SKIP","floor":12},{"not_picked":["Offering","Limit Break"],"picked":"Feed","floor":16},{"not_picked":["Whirlwind","Infernal Blade","Armaments+1"],"picked":"SKIP","floor":18},{"not_picked":["Pommel Strike","Cleave","Entrench+1"],"picked":"SKIP","floor":20},{"not_picked":["Havoc","Heavy Blade","Perfected Strike+1"],"picked":"SKIP","floor":22},{"not_picked":["Infernal Blade","Limit Break","Warcry"],"picked":"SKIP","floor":23},{"not_picked":["Headbutt","Rage+1","Clothesline"],"picked":"SKIP","floor":27},{"not_picked":["Anger","Fire Breathing","Cleave"],"picked":"SKIP","floor":28},{"not_picked":["Ghostly Armor","Power Through","Reckless Charge"],"picked":"SKIP","floor":31}],"player_experience":104271,"relics_obtained":[{"floor":6,"key":"Bird Faced Urn"},{"floor":9,"key":"Ginger"},{"floor":10,"key":"Mercury Hourglass"},{"floor":23,"key":"Art of War"},{"floor":26,"key":"Smiling Mask"},{"floor":27,"key":"Sundial"}],"event_choices":[{"cards_removed":["Strike_R"],"damage_healed":0,"gold_gain":0,"player_choice":"Purged","damage_taken":0,"max_hp_gain":0,"max_hp_loss":0,"event_name":"Purifier","floor":3,"gold_loss":0},{"damage_healed":0,"gold_gain":0,"cards_transformed":["Strike_R"],"player_choice":"Transformed","damage_taken":0,"max_hp_gain":0,"max_hp_loss":0,"event_name":"Transmorgrifier","floor":19,"gold_loss":0,"cards_obtained":["Immolate"]}],"is_beta":false,"boss_relics":[{"not_picked":["Philosopher\u0027s Stone","Astrolabe"],"picked":"Mark of Pain"}],"items_purged_floors":[5,14,21,30],"is_endless":false,"potions_floor_spawned":[2,4,10,16,22,23,27],"killed_by":"Collector","ascension_level":1}