{"gold_per_floor":[363,363,363,375,33,66,66,99,125,143,143,160,172,197,197,274,274,284,209,209,209,225,253,253,253],"floor_reached":25,"playtime":1063,"items_purged":["Strike_B"],"score":628,"play_id":"398086d3-012a-4c84-9999-eb42b1589b0b","local_time":"20181117141726","is_ascension_mode":true,"campfire_choices":[{"floor":7,"key":"REST"},{"data":"Defragment","floor":11,"key":"SMITH"},{"data":"Hyperbeam","floor":15,"key":"SMITH"},{"data":"Buffer","floor":24,"key":"SMITH"}],"neow_cost":"TEN_PERCENT_HP_LOSS","seed_source_timestamp":267104551364964,"circlet_count":0,"master_deck":["AscendersBane","Strike_B+1","Strike_B+1","Defend_B+1","Defend_B+1","Defend_B+1","Defend_B+1","Zap+1","Dualcast","Defragment+1","Ball Lightning","Self Repair","Sweeping Beam","FTL","Hyperbeam+1","Coolheaded","Hologram","Buffer+1","Ball Lightning","Compile Driver","Auto Shields+1"],"relics":["Cracked Core","Bag of Preparation","Mummified Hand","Prayer Wheel","Thread and Needle","Omamori","Bird Faced Urn","Black Star","Boot","Gremlin Horn","Cables"],"potions_floor_usage":[6,14,22,22,23],"damage_taken":[{"damage":3,"enemies":"Small Slimes","floor":1,"turns":3},{"damage":0,"enemies":"Cultist","floor":4,"turns":3},{"damage":49,"enemies":"Gremlin Nob","floor":6,"turns":5},{"damage":25,"enemies":"Lagavulin","floor":8,"turns":5},{"damage":0,"enemies":"Jaw Worm","floor":10,"turns":3},{"damage":0,"enemies":"3 Louse","floor":12,"turns":3},{"damage":5,"enemies":"Red Slaver","floor":13,"turns":2},{"damage":0,"enemies":"3 Sentries","floor":14,"turns":1},{"damage":0,"enemies":"Slime Boss","floor":16,"turns":6},{"damage":0,"enemies":"Spheric Guardian","floor":18,"turns":3},{"damage":6,"enemies":"2 Thieves","floor":22,"turns":4},{"damage":33,"enemies":"Gremlin Leader","floor":23,"turns":6},{"damage":50,"enemies":"Book of Stabbing","floor":25,"turns":5}],"seed_played":"3478783576184024060","potions_obtained":[{"floor":1,"key":"Ancient Potion"},{"floor":8,"key":"GamblersBrew"},{"floor":12,"key":"AttackPotion"},{"floor":13,"key":"Block Potion"},{"floor":14,"key":"SteroidPotion"},{"floor":22,"key":"Dexterity Potion"}],"is_trial":false,"path_per_floor":["M","?","?","M","$","E","R","E","T","M","R","M","M","E","R","B",null,"M","?","?","?","M","E","R","E"],"character_chosen":"DEFECT","items_purchased":["Mummified Hand"],"campfire_rested":1,"item_purchase_floors":[5],"current_hp_per_floor":[61,61,61,61,61,12,31,6,6,13,13,20,22,22,22,33,56,64,64,64,64,64,38,38,0],"gold":253,"neow_bonus":"TWO_FIFTY_GOLD","is_prod":false,"is_daily":false,"chose_seed":false,"campfire_upgraded":3,"win_rate":0,"timestamp":1542482246,"path_taken":["M","?","?","M","$","E","R","E","T","M","R","M","M","E","R","BOSS","M","?","?","?","M","E","R","E"],"build_version":"2018-11-15","purchased_purges":1,"victory":false,"max_hp_per_floor":[64,64,64,64,64,64,64,64,64,64,64,64,64,64,64,64,64,64,64,64,64,64,64,64,64],"card_choices":[{"not_picked":["Chaos","Reinforced Body"],"picked":"Genetic Algorithm","floor":1},{"not_picked":["Steam Power","Aggregate"],"picked":"Defragment","floor":4},{"not_picked":["Turbo","Sweeping Beam"],"picked":"Ball Lightning","floor":6},{"not_picked":["Beam Cell","Sunder"],"picked":"Self Repair","floor":8},{"not_picked":["Steam","Gash"],"picked":"Sweeping Beam","floor":10},{"not_picked":["Chaos","Sweeping Beam"],"picked":"FTL","floor":10},{"not_picked":["BootSequence","Leap"],"picked":"Hyperbeam","floor":12},{"not_picked":["BootSequence","Barrage","Fusion"],"picked":"SKIP","floor":12},{"not_picked":["BootSequence","Barrage","Fusion"],"picked":"SKIP","floor":12},{"not_picked":["Steam Power","Stack"],"picked":"Coolheaded","floor":13},{"not_picked":["Blizzard","Leap","Fusion"],"picked":"SKIP","floor":13},{"not_picked":["Redo","Chill"],"picked":"Hologram","floor":14},{"not_picked":["Fission","Rainbow"],"picked":"Buffer","floor":16},{"not_picked":["Turbo","Stack"],"picked":"Ball Lightning","floor":18},{"not_picked":["Leap","Skim","Consume"],"picked":"SKIP","floor":18},{"not_picked":["Scrape","Stack"],"picked":"Compile Driver","floor":22},{"not_picked":["Storm","Undo"],"picked":"Auto Shields+1","floor":22},{"not_picked":["Steam Power","Blizzard","Leap"],"picked":"SKIP","floor":23}],"player_experience":1090483,"relics_obtained":[{"floor":6,"key":"Prayer Wheel"},{"floor":8,"key":"Thread and Needle"},{"floor":9,"key":"Omamori"},{"floor":14,"key":"Bird Faced Urn"},{"floor":23,"key":"Gremlin Horn"},{"floor":23,"key":"Cables"}],"event_choices":[{"damage_healed":0,"gold_gain":0,"player_choice":"Grow","damage_taken":0,"max_hp_gain":0,"max_hp_loss":0,"event_name":"Living Wall","floor":2,"gold_loss":0,"cards_upgraded":["Zap"]},{"cards_removed":["Genetic Algorithm"],"damage_healed":0,"gold_gain":0,"player_choice":"Gave Card","damage_taken":0,"relics_obtained":["Bag of Preparation"],"max_hp_gain":0,"max_hp_loss":0,"event_name":"WeMeetAgain","floor":3,"gold_loss":0},{"cards_removed":["Strike_B"],"damage_healed":0,"gold_gain":0,"player_choice":"Gave Gold","damage_taken":0,"max_hp_gain":0,"max_hp_loss":0,"event_name":"Beggar","floor":19,"gold_loss":75},{"damage_healed":0,"gold_gain":0,"player_choice":"Simplicity","damage_taken":0,"max_hp_gain":0,"max_hp_loss":0,"event_name":"Back to Basics","floor":20,"gold_loss":0,"cards_upgraded":["Strike_B","Strike_B","Defend_B","Defend_B","Defend_B","Defend_B"]},{"damage_healed":0,"gold_gain":0,"player_choice":"Opened","damage_taken":0,"relics_obtained":["Boot"],"max_hp_gain":0,"max_hp_loss":0,"event_name":"The Mausoleum","floor":21,"gold_loss":0,"cards_obtained":["Writhe"]}],"is_beta":false,"boss_relics":[{"not_picked":["Sozu","White Beast Statue"],"picked":"Black Star"}],"items_purged_floors":[5],"is_endless":false,"potions_floor_spawned":[1,8,12,13,14,22],"killed_by":"Book of Stabbing","ascension_level":20}