{"gold_per_floor":[113,39,50,64,64,94,94,129,180,212,212,212,229,242,242,313,313,330,330,343,81,81,81],"floor_reached":23,"playtime":1491,"items_purged":["Parasite"],"score":355,"play_id":"a6fe0da8-96cc-474b-8089-25dc9bdfe35f","local_time":"20190713191010","is_ascension_mode":true,"campfire_choices":[{"floor":7.0,"key":"REST"},{"data":"Leg Sweep","floor":11.0,"key":"SMITH"},{"data":"Survivor","floor":15.0,"key":"SMITH"}],"neow_cost":"NONE","seed_source_timestamp":0,"circlet_count":0,"master_deck":["AscendersBane","Strike_G","Strike_G","Strike_G+1","Strike_G","Strike_G","Defend_G","Defend_G","Defend_G","Defend_G","Defend_G","Survivor+1","Neutralize","Backstab","Footwork+1","Dagger Throw","Leg Sweep+1","Doppelganger","Slice","Footwork"],"special_seed":0,"relics":["Ring of the Snake","Ancient Tea Set","Dodecahedron","Juzu Bracelet","Anchor","Centennial Puzzle","Busted Crown","Nilry\u0027s Codex","Bronze Scales"],"potions_floor_usage":[16],"damage_taken":[{"damage":0.0,"enemies":"Jaw Worm","floor":1.0,"turns":5.0},{"damage":3.0,"enemies":"Small Slimes","floor":3.0,"turns":4.0},{"damage":0.0,"enemies":"2 Louse","floor":4.0,"turns":2.0},{"damage":4.0,"enemies":"3 Sentries","floor":6.0,"turns":10.0},{"damage":13.0,"enemies":"Gremlin Nob","floor":8.0,"turns":5.0},{"damage":8.0,"enemies":"3 Sentries","floor":10.0,"turns":8.0},{"damage":0.0,"enemies":"Blue Slaver","floor":13.0,"turns":3.0},{"damage":0.0,"enemies":"Exordium Thugs","floor":14.0,"turns":7.0},{"damage":4,"enemies":"The Guardian","floor":16,"turns":24},{"damage":24,"enemies":"Spheric Guardian","floor":18,"turns":8},{"damage":11,"enemies":"3 Byrds","floor":20,"turns":7},{"damage":40,"enemies":"Gremlin Leader","floor":23,"turns":5}],"seed_played":"-2347240745939246255","potions_obtained":[{"floor":1.0,"key":"Explosive Potion"},{"floor":4.0,"key":"Energy Potion"},{"floor":6.0,"key":"Strength Potion"},{"floor":13.0,"key":"Energy Potion"},{"floor":20,"key":"Dexterity Potion"}],"is_trial":false,"path_per_floor":["M","$","M","M","?","E","R","E","T","E","R","?","M","M","R","B",null,"M","?","M","$","?","E"],"character_chosen":"THE_SILENT","items_purchased":["Footwork","Footwork","Bronze Scales"],"campfire_rested":1,"item_purchase_floors":[2,21,21],"current_hp_per_floor":[59,59,56,56,43,39,58,45,45,37,37,53,53,53,53,49,62,38,22,11,11,32,0],"gold":81,"neow_bonus":"RANDOM_COMMON_RELIC","is_prod":false,"is_daily":false,"chose_seed":false,"campfire_upgraded":2,"win_rate":0,"timestamp":1563059410,"path_taken":["M","$","M","M","?","E","R","E","T","E","R","?","M","M","R","BOSS","M","?","M","$","?","E"],"build_version":"2019-07-05","purchased_purges":1,"victory":false,"max_hp_per_floor":[66,66,66,66,66,66,66,66,66,66,66,66,66,66,66,66,66,66,66,66,63,63,63],"card_choices":[{"not_picked":["Slice","Distraction"],"picked":"Backstab","floor":1.0},{"not_picked":["Accuracy","Acrobatics","Bane"],"picked":"SKIP","floor":3.0},{"not_picked":["Slice","Dodge and Roll"],"picked":"Dagger Throw","floor":4.0},{"not_picked":["Crippling Poison","Acrobatics","Burst"],"picked":"SKIP","floor":6.0},{"not_picked":["Crippling Poison","Acrobatics","Burst"],"picked":"SKIP","floor":6.0},{"not_picked":["Cloak And Dagger","Storm of Steel","Catalyst"],"picked":"SKIP","floor":8.0},{"not_picked":["Crippling Poison","Masterful Stab"],"picked":"Leg Sweep","floor":10.0},{"not_picked":["Prepared","Poisoned Stab","Dagger Throw"],"picked":"SKIP","floor":13.0},{"not_picked":["Blade Dance","Outmaneuver","Deadly Poison"],"picked":"SKIP","floor":14.0},{"not_picked":["Wraith Form v2","Venomology"],"picked":"Doppelganger","floor":16},{"not_picked":[],"picked":"Slice","floor":18},{"not_picked":["Poisoned Stab"],"picked":"SKIP","floor":20}],"player_experience":522537,"relics_obtained":[{"floor":6.0,"key":"Dodecahedron"},{"floor":8.0,"key":"Juzu Bracelet"},{"floor":9.0,"key":"Anchor"},{"floor":10.0,"key":"Centennial Puzzle"},{"floor":19,"key":"Nilry\u0027s Codex"}],"event_choices":[{"damage_healed":0.0,"max_hp_gain":0.0,"max_hp_loss":0.0,"gold_gain":0.0,"event_name":"Shining Light","player_choice":"Entered Light","floor":5.0,"gold_loss":0.0,"damage_taken":13.0,"cards_upgraded":["Footwork","Strike_G"]},{"damage_healed":16.0,"max_hp_gain":0.0,"max_hp_loss":0.0,"gold_gain":0.0,"event_name":"Mushrooms","player_choice":"Healed and dodged fight","floor":12.0,"gold_loss":0.0,"damage_taken":0.0,"cards_obtained":["Parasite"]},{"damage_healed":0,"gold_gain":0,"player_choice":"Obtained Book","damage_taken":16,"max_hp_gain":0,"max_hp_loss":0,"event_name":"Cursed Tome","floor":19,"gold_loss":0},{"damage_healed":21,"gold_gain":0,"player_choice":"Heal","damage_taken":0,"max_hp_gain":0,"max_hp_loss":0,"event_name":"The Library","floor":22,"gold_loss":0}],"is_beta":false,"boss_relics":[{"not_picked":["Ectoplasm","Coffee Dripper"],"picked":"Busted Crown"}],"items_purged_floors":[21],"is_endless":false,"potions_floor_spawned":[1,4,6,13,20],"killed_by":"Gremlin Leader","ascension_level":14}