{"gold_per_floor":[111,128,143,153,165,165,184,184,211,242,253,253,21,56,68,154,166,189,217,12,26,2,20,20],"floor_reached":24,"playtime":993,"items_purged":["Strike_B"],"score":424,"play_id":"181c511a-1ca0-49b4-8dab-9740af88c8d0","local_time":"20190713233039","is_ascension_mode":true,"campfire_choices":[{"data":"Hyperbeam","floor":6,"key":"SMITH"},{"data":"Sweeping Beam","floor":8,"key":"SMITH"},{"floor":12,"key":"REST"},{"data":"Buffer","floor":15,"key":"SMITH"}],"neow_cost":"PERCENT_DAMAGE","seed_source_timestamp":365311309746409,"circlet_count":0,"master_deck":["AscendersBane","Strike_B","Strike_B","Strike_B","Defend_B","Defend_B","Defend_B","Defend_B","Zap","Dualcast","Hyperbeam+1","Sweeping Beam+1","Cold Snap","BootSequence","Leap","White Noise","Go for the Eyes","Compile Driver","Buffer+1","Seek","Go for the Eyes+1","Capacitor","Seek","Coolheaded"],"relics":["Cracked Core","Happy Flower","Pocketwatch","Orichalcum","MawBank","Fusion Hammer","DollysMirror"],"potions_floor_usage":[10,24,24],"damage_taken":[{"damage":1,"enemies":"Cultist","floor":1,"turns":3},{"damage":7,"enemies":"Jaw Worm","floor":2,"turns":3},{"damage":13,"enemies":"Small Slimes","floor":3,"turns":3},{"damage":7,"enemies":"Exordium Wildlife","floor":4,"turns":3},{"damage":0,"enemies":"2 Fungi Beasts","floor":5,"turns":2},{"damage":0,"enemies":"Blue Slaver","floor":7,"turns":2},{"damage":5,"enemies":"Lagavulin","floor":10,"turns":4},{"damage":0,"enemies":"Gremlin Gang","floor":11,"turns":1},{"damage":2,"enemies":"Gremlin Nob","floor":14,"turns":3},{"damage":30,"enemies":"Slime Boss","floor":16,"turns":10},{"damage":7,"enemies":"2 Thieves","floor":18,"turns":2},{"damage":0,"enemies":"Chosen","floor":19,"turns":4},{"damage":13,"enemies":"Snake Plant","floor":21,"turns":6},{"damage":28,"enemies":"Shelled Parasite and Fungi","floor":23,"turns":5},{"damage":10,"enemies":"Book of Stabbing","floor":24,"turns":5}],"seed_played":"5193126446881062310","potions_obtained":[{"floor":3,"key":"FearPotion"},{"floor":5,"key":"Fire Potion"},{"floor":11,"key":"Swift Potion"}],"is_trial":false,"path_per_floor":["M","M","M","M","M","R","M","R","T","E","M","R","$","E","R","B",null,"M","M","$","M","$","M","E"],"character_chosen":"DEFECT","items_purchased":["Orichalcum","DollysMirror","Coolheaded"],"campfire_rested":1,"item_purchase_floors":[13,20,22],"current_hp_per_floor":[45,38,25,18,18,18,18,18,18,13,13,34,34,32,32,2,54,47,47,47,34,34,6,0],"gold":20,"neow_bonus":"THREE_RARE_CARDS","is_prod":false,"is_daily":false,"chose_seed":false,"campfire_upgraded":3,"win_rate":0,"timestamp":1563075039,"path_taken":["M","M","?","M","M","R","M","R","T","E","M","R","$","E","R","BOSS","M","M","?","?","?","M","E"],"build_version":"2019-07-05","purchased_purges":1,"victory":false,"max_hp_per_floor":[71,71,71,71,71,71,71,71,71,71,71,71,71,71,71,71,71,71,71,71,71,71,71,71],"card_choices":[{"not_picked":["Creative AI","Seek"],"picked":"Hyperbeam","floor":0},{"not_picked":["Static Discharge","White Noise"],"picked":"Sweeping Beam","floor":1},{"not_picked":["Streamline","Sweeping Beam"],"picked":"Cold Snap","floor":2},{"not_picked":["Aggregate","Stack"],"picked":"BootSequence","floor":3},{"not_picked":["Cold Snap","Reprogram"],"picked":"Leap","floor":4},{"not_picked":["Gash","Ball Lightning"],"picked":"White Noise","floor":5},{"not_picked":["BootSequence","Reboot"],"picked":"Go for the Eyes","floor":7},{"not_picked":["Steam Power","Reprogram","Storm"],"picked":"SKIP","floor":10},{"not_picked":["Streamline","Stack"],"picked":"Compile Driver","floor":11},{"not_picked":["Aggregate","Core Surge"],"picked":"Buffer","floor":14},{"not_picked":["Meteor Strike","Machine Learning"],"picked":"Seek","floor":16},{"not_picked":["Melter","Hello World"],"picked":"Go for the Eyes+1","floor":18},{"not_picked":["Stack","Gash"],"picked":"Capacitor","floor":19},{"not_picked":["Hello World","Beam Cell","Blizzard"],"picked":"SKIP","floor":21},{"not_picked":["Redo","Capacitor","Streamline"],"picked":"SKIP","floor":23}],"player_experience":1488206,"relics_obtained":[{"floor":9,"key":"Happy Flower"},{"floor":10,"key":"Pocketwatch"},{"floor":14,"key":"MawBank"}],"event_choices":[],"is_beta":false,"boss_relics":[{"not_picked":["Lizard Tail","Calling Bell"],"picked":"Fusion Hammer"}],"items_purged_floors":[13],"is_endless":false,"potions_floor_spawned":[3,5,7,11,23],"killed_by":"Book of Stabbing","ascension_level":20}