{"gold_per_floor":[115,134,145,45,65,65,99,99,122,136,171,63,28,28,28,28],"floor_reached":16,"playtime":569,"items_purged":["Strike_R"],"score":220,"play_id":"5595ca49-4ed6-4db9-98a9-43dd596bde15","local_time":"20181128115647","is_ascension_mode":true,"campfire_choices":[{"data":"Whirlwind","floor":6,"key":"SMITH"},{"data":"Bash","floor":8,"key":"SMITH"},{"floor":15,"key":"REST"}],"neow_cost":"TEN_PERCENT_HP_LOSS","seed_source_timestamp":255352697736736,"circlet_count":0,"master_deck":["AscendersBane","Strike_R","Strike_R","Strike_R","Strike_R","Defend_R","Defend_R","Defend_R","Defend_R","Bash+1","Reaper","Shrug It Off","Whirlwind+1","Headbutt","Shrug It Off","Clothesline","Shrug It Off","Rage","Dark Shackles"],"relics":["Burning Blood","Pen Nib","Art of War","Anchor","Darkstone Periapt"],"potions_floor_usage":[7,11],"damage_taken":[{"damage":11,"enemies":"2 Louse","floor":1,"turns":3},{"damage":12,"enemies":"Cultist","floor":2,"turns":4},{"damage":7,"enemies":"Jaw Worm","floor":3,"turns":4},{"damage":14,"enemies":"Looter","floor":5,"turns":3},{"damage":24,"enemies":"Gremlin Nob","floor":7,"turns":4},{"damage":4,"enemies":"2 Fungi Beasts","floor":10,"turns":5},{"damage":48,"enemies":"Lagavulin","floor":11,"turns":9},{"damage":34,"enemies":"Hexaghost","floor":16,"turns":9}],"seed_played":"29995149595607601","potions_obtained":[{"floor":2,"key":"AttackPotion"},{"floor":3,"key":"Regen Potion"}],"is_trial":false,"path_per_floor":["M","M","M","$","M","R","E","R","T","M","E","$","?","?","R","B"],"character_chosen":"IRONCLAD","items_purchased":["Shrug It Off","Dark Shackles"],"campfire_rested":1,"item_purchase_floors":[4,12],"current_hp_per_floor":[67,61,60,60,52,52,34,34,34,36,17,17,34,8,28,0],"gold":28,"neow_bonus":"THREE_RARE_CARDS","is_prod":false,"is_daily":false,"chose_seed":false,"campfire_upgraded":2,"win_rate":0,"timestamp":1543424207,"path_taken":["M","M","M","$","M","R","E","R","T","M","E","$","?","?","R","BOSS"],"build_version":"2018-11-15","purchased_purges":1,"victory":false,"max_hp_per_floor":[68,68,68,68,68,68,68,68,68,68,68,68,68,68,68,68],"card_choices":[{"not_picked":["Dark Embrace","Barricade"],"picked":"Reaper","floor":0},{"not_picked":["Power Through","Twin Strike"],"picked":"Shrug It Off","floor":1},{"not_picked":["Shrug It Off","Dual Wield"],"picked":"Whirlwind","floor":2},{"not_picked":["Wild Strike","Cleave"],"picked":"Headbutt","floor":3},{"not_picked":["Intimidate","Flame Barrier"],"picked":"Clothesline","floor":5},{"not_picked":["Iron Wave","Blood for Blood"],"picked":"Shrug It Off","floor":7},{"not_picked":["Headbutt","Cleave","Thunderclap"],"picked":"SKIP","floor":10},{"not_picked":["Ghostly Armor","Sever Soul"],"picked":"Rage","floor":11}],"player_experience":1178589,"relics_obtained":[{"floor":7,"key":"Pen Nib"},{"floor":9,"key":"Art of War"},{"floor":11,"key":"Anchor"}],"event_choices":[{"damage_healed":17,"gold_gain":0,"player_choice":"Healed","damage_taken":0,"max_hp_gain":0,"max_hp_loss":0,"event_name":"The Cleric","floor":13,"gold_loss":35},{"damage_healed":0,"gold_gain":0,"player_choice":"Success","damage_taken":26,"relics_obtained":["Darkstone Periapt"],"max_hp_gain":0,"max_hp_loss":0,"event_name":"Scrap Ooze","floor":14,"gold_loss":0}],"is_beta":false,"boss_relics":[],"items_purged_floors":[4],"is_endless":false,"potions_floor_spawned":[2,3],"killed_by":"Hexaghost","ascension_level":20}