{"gold_per_floor":[114,132,3,14,33,33,45,77,77,96,46,46,20,32,32,129,129,145,145,19,34,46,46,46,74],"floor_reached":25,"playtime":1426,"items_purged":["Doubt","Strike_R+1"],"score":275,"play_id":"2ac13d24-18f4-4a79-b34f-94175b50f837","local_time":"20180811135728","is_ascension_mode":false,"campfire_choices":[{"data":"Feel No Pain","floor":6,"key":"SMITH"},{"data":"Clothesline","floor":12,"key":"SMITH"},{"data":"Anger","floor":15,"key":"SMITH"},{"data":"Limit Break","floor":23,"key":"SMITH"}],"neow_cost":"CURSE","seed_source_timestamp":165738686850484,"circlet_count":0,"master_deck":["Strike_R+1","Strike_R+1","Strike_R+1","Defend_R+1","Defend_R+1","Defend_R+1","Defend_R+1","Bash","Feed","Wild Strike","Feel No Pain+1","Shrug It Off","Shrug It Off","Clothesline+1","Spot Weakness","Shockwave","Feed","Shrug It Off","Anger+1","Limit Break+1","Battle Trance","Warcry","Dropkick","Reaper"],"relics":["Burning Blood","Bottled Flame"],"potions_floor_usage":[21,21,22,25],"damage_taken":[{"damage":2,"enemies":"Small Slimes","floor":1,"turns":4},{"damage":3,"enemies":"Jaw Worm","floor":2,"turns":3},{"damage":6,"enemies":"Cultist","floor":4,"turns":3},{"damage":3,"enemies":"2 Fungi Beasts","floor":5,"turns":5},{"damage":7,"enemies":"Blue Slaver","floor":7,"turns":5},{"damage":24,"enemies":"Gremlin Nob","floor":8,"turns":4},{"damage":9,"enemies":"3 Louse","floor":10,"turns":4},{"damage":20,"enemies":"Exordium Thugs","floor":14,"turns":7},{"damage":43,"enemies":"The Guardian","floor":16,"turns":16},{"damage":34,"enemies":"3 Byrds","floor":18,"turns":7},{"damage":12,"enemies":"Spheric Guardian","floor":21,"turns":5},{"damage":25,"enemies":"Centurion and Healer","floor":22,"turns":10},{"damage":90,"enemies":"Gremlin Leader","floor":25,"turns":14}],"seed_played":"-303742334725934082","potions_obtained":[{"floor":7,"key":"Regen Potion"},{"floor":10,"key":"FearPotion"},{"floor":14,"key":"Weak Potion"},{"floor":22,"key":"BloodPotion"}],"is_trial":false,"path_per_floor":["M","M","$","M","M","R","M","E","T","M","?","R","$","M","R","B",null,"M","?","$","M","M","R","$"],"character_chosen":"IRONCLAD","items_purchased":["Shrug It Off","Shrug It Off","Warcry"],"campfire_rested":0,"item_purchase_floors":[3,13,20],"current_hp_per_floor":[83,86,86,89,92,92,94,76,76,76,76,76,76,65,65,31,104,82,82,82,76,78,78,78,32],"gold":74,"neow_bonus":"THREE_RARE_CARDS","is_prod":false,"is_daily":false,"chose_seed":false,"campfire_upgraded":4,"win_rate":0,"timestamp":1534010248,"path_taken":["M","M","$","M","M","R","M","E","T","M","?","R","$","M","R","BOSS","M","?","$","M","M","R","$","E"],"build_version":"2018-08-09","purchased_purges":2,"victory":false,"max_hp_per_floor":[83,86,86,89,92,92,95,95,95,98,98,98,98,101,101,104,104,110,110,110,110,116,116,116,119],"card_choices":[{"not_picked":["Juggernaut","Immolate"],"picked":"Feed","floor":0},{"not_picked":["Thunderclap","Intimidate"],"picked":"Wild Strike","floor":1},{"not_picked":["Flex","Body Slam"],"picked":"Feel No Pain","floor":2},{"not_picked":["Pommel Strike","Infernal Blade"],"picked":"Shrug It Off","floor":4},{"not_picked":["Disarm","Infernal Blade"],"picked":"Clothesline","floor":5},{"not_picked":["Entrench","Carnage"],"picked":"Spot Weakness","floor":7},{"not_picked":["Inflame","Wild Strike"],"picked":"Shockwave","floor":8},{"not_picked":["Evolve","Shockwave"],"picked":"Feed","floor":10},{"not_picked":["Rupture","Clash"],"picked":"Anger","floor":14},{"not_picked":["Double Tap","Reaper"],"picked":"Limit Break","floor":16},{"not_picked":["Cleave","Pommel Strike"],"picked":"Battle Trance","floor":18},{"not_picked":["Clothesline","Clash"],"picked":"Dropkick","floor":21},{"not_picked":["Wild Strike","Clash+1"],"picked":"Reaper","floor":22}],"player_experience":493457,"relics_obtained":[{"floor":8,"key":"Bottled Flame"}],"event_choices":[{"event_name":"The Cleric","player_choice":"Card Removal","floor":11,"damage_taken":0},{"event_name":"Back to Basics","player_choice":"Simplicity","floor":19,"damage_taken":0}],"is_beta":false,"boss_relics":[{"not_picked":["Astrolabe","Lizard Tail","Black Star"]}],"items_purged_floors":[3,20],"is_endless":false,"potions_floor_spawned":[7,10,14,22],"killed_by":"Gremlin Leader","ascension_level":0}