{"gold_per_floor":[110,110,130,55,70,70,104,104,131,131,131],"floor_reached":11,"playtime":277,"items_purged":["Strike_R"],"score":142,"play_id":"e68292ab-aa49-41ed-932e-8d6533d6e0a7","local_time":"20181123142907","is_ascension_mode":true,"campfire_choices":[{"data":"Bash","floor":6,"key":"SMITH"}],"neow_cost":"NONE","seed_source_timestamp":228267784341383,"circlet_count":0,"master_deck":["AscendersBane","Strike_R","Strike_R+1","Strike_R","Strike_R+1","Defend_R","Defend_R","Defend_R","Defend_R","Bash+1","Warcry","Anger","True Grit"],"relics":["Burning Blood","Ornamental Fan","Juzu Bracelet","Golden Idol"],"potions_floor_usage":[11],"damage_taken":[{"damage":1,"enemies":"Cultist","floor":1,"turns":3},{"damage":7,"enemies":"Jaw Worm","floor":3,"turns":3},{"damage":0,"enemies":"2 Louse","floor":5,"turns":4},{"damage":38,"enemies":"Lagavulin","floor":7,"turns":8},{"damage":27,"enemies":"3 Sentries","floor":11,"turns":6}],"seed_played":"5550424602269782961","potions_obtained":[{"floor":7,"key":"Dexterity Potion"}],"is_trial":false,"path_per_floor":["M","T","M","$","M","R","E","?","T","?","E"],"character_chosen":"IRONCLAD","items_purchased":[],"campfire_rested":0,"item_purchase_floors":[],"current_hp_per_floor":[80,80,79,79,82,82,50,25,25,25,0],"gold":131,"neow_bonus":"TEN_PERCENT_HP_BONUS","is_prod":false,"is_daily":false,"chose_seed":false,"campfire_upgraded":1,"win_rate":0,"timestamp":1543001347,"path_taken":["M","?","M","$","M","R","E","?","T","?","E"],"build_version":"2018-11-15","purchased_purges":1,"victory":false,"max_hp_per_floor":[82,82,82,82,82,82,82,82,82,74,74],"card_choices":[{"not_picked":["Flex","Burning Pact"],"picked":"Warcry","floor":1},{"not_picked":["Headbutt","Armaments"],"picked":"Anger","floor":3},{"not_picked":["Anger","Power Through"],"picked":"True Grit","floor":5},{"not_picked":["Iron Wave","Heavy Blade","Armaments"],"picked":"SKIP","floor":7}],"player_experience":1148255,"relics_obtained":[{"floor":2,"key":"Ornamental Fan"},{"floor":9,"key":"Juzu Bracelet"}],"event_choices":[{"damage_healed":0,"gold_gain":0,"player_choice":"Entered Light","damage_taken":25,"max_hp_gain":0,"max_hp_loss":0,"event_name":"Shining Light","floor":8,"gold_loss":0,"cards_upgraded":["Strike_R","Strike_R"]},{"damage_healed":0,"gold_gain":0,"player_choice":"Lose Max HP","damage_taken":0,"relics_obtained":["Golden Idol"],"max_hp_gain":0,"max_hp_loss":8,"event_name":"Golden Idol","floor":10,"gold_loss":0}],"is_beta":false,"boss_relics":[],"items_purged_floors":[4],"is_endless":false,"potions_floor_spawned":[7],"killed_by":"3 Sentries","ascension_level":20}