{"gold_per_floor":[112,123,142,142,67,67,130,148,148,183,10,23,23,49,49,128,128,141,155,4,4,4,4,17,17,17,17,48,48,59,93,93,168,168,187,205,31,31,41,75,75],"floor_reached":41,"playtime":1935,"items_purged":["Strike_B","Strike_B"],"score":1013,"play_id":"17e44d20-6461-4c19-82ea-218d54293ff2","local_time":"20181025125745","is_ascension_mode":true,"campfire_choices":[{"data":"Dualcast","floor":6.0,"key":"SMITH"},{"data":"Reinforced Body","floor":13.0,"key":"SMITH"},{"data":"Sweeping Beam","floor":15.0,"key":"SMITH"},{"data":"Go for the Eyes","floor":23.0,"key":"SMITH"},{"floor":27.0,"key":"REST"},{"data":"Biased Cognition","floor":29.0,"key":"SMITH"},{"data":"Capacitor","floor":32.0,"key":"SMITH"}],"neow_cost":"NONE","seed_source_timestamp":577664614563676,"circlet_count":0,"master_deck":["Defend_B","Defend_B","Defend_B","Zap+1","Dualcast+1","AscendersBane","Auto Shields","Compile Driver","Ball Lightning","Ball Lightning","Reinforced Body+1","Cold Snap","Capacitor+1","Genetic Algorithm","Sweeping Beam+1","Biased Cognition+1","Cold Snap","Steam","Go for the Eyes+1","Ball Lightning","Ball Lightning","Ball Lightning+1","Electrodynamics","Beam Cell+1","Turbo+1","Aggregate+1","Leap+1","Barrage+1","Defragment","Coolheaded","White Noise+1"],"special_seed":0,"relics":["Cracked Core","Darkstone Periapt","Strawberry","Gremlin Horn","Lantern","Sozu","Meat on the Bone","Bottled Flame","Torii","Kunai","Astrolabe","Tiny Chest","Nunchaku","Potion Belt"],"potions_floor_usage":[],"damage_taken":[{"damage":7.0,"enemies":"Small Slimes","floor":1.0,"turns":3.0},{"damage":1.0,"enemies":"Jaw Worm","floor":2.0,"turns":3.0},{"damage":4.0,"enemies":"2 Louse","floor":3.0,"turns":3.0},{"damage":28.0,"enemies":"Gremlin Nob","floor":7.0,"turns":4.0},{"damage":0.0,"enemies":"Exordium Wildlife","floor":8.0,"turns":2.0},{"damage":7.0,"enemies":"Gremlin Nob","floor":10.0,"turns":3.0},{"damage":1.0,"enemies":"3 Louse","floor":12.0,"turns":3.0},{"damage":13.0,"enemies":"Lagavulin","floor":14.0,"turns":6.0},{"damage":1.0,"enemies":"The Guardian","floor":16.0,"turns":13.0},{"damage":27.0,"enemies":"Shell Parasite","floor":18.0,"turns":5.0},{"damage":23.0,"enemies":"3 Byrds","floor":19.0,"turns":5.0},{"damage":12.0,"enemies":"Snecko","floor":24.0,"turns":6.0},{"damage":21.0,"enemies":"Book of Stabbing","floor":28.0,"turns":5.0},{"damage":1.0,"enemies":"3 Cultists","floor":30.0,"turns":4.0},{"damage":0.0,"enemies":"Gremlin Leader","floor":31.0,"turns":5.0},{"damage":30.0,"enemies":"Automaton","floor":33.0,"turns":11.0},{"damage":36.0,"enemies":"3 Darklings","floor":35.0,"turns":4.0},{"damage":17.0,"enemies":"Orb Walker","floor":36.0,"turns":4.0},{"damage":0.0,"enemies":"Mind Bloom Boss Battle","floor":38.0,"turns":5.0},{"damage":1.0,"enemies":"Sphere and 2 Shapes","floor":39.0,"turns":4.0},{"damage":40.0,"enemies":"Nemesis","floor":40.0,"turns":10.0},{"damage":29,"enemies":"Writhing Mass","floor":41,"turns":3}],"seed_played":"-1294510612150638489","potions_obtained":[{"floor":1.0,"key":"PowerPotion"},{"floor":3.0,"key":"SteroidPotion"},{"floor":7.0,"key":"Regen Potion"},{"floor":10.0,"key":"PowerPotion"}],"is_trial":false,"path_per_floor":["M","M","M","?","?","R","?","M","T","E","$","M","R","E","R","B",null,"M","M","$","?","?","R","M","$","T","R","E","R","M","E","R","B",null,"M","M","$","?","M","E"],"character_chosen":"DEFECT","items_purchased":["Cold Snap","Capacitor","Steam","Defragment","Tiny Chest"],"campfire_rested":1,"item_purchase_floors":[11,11,20,37,37],"current_hp_per_floor":[64,63,59,59,59,59,31,31,38,40,40,39,39,26,26,25,70,43,20,20,20,20,20,20,20,20,45,36,36,47,47,47,29,71,47,42,42,54,53,25,0],"gold":75,"neow_bonus":"TEN_PERCENT_HP_BONUS","is_prod":false,"is_daily":false,"chose_seed":false,"campfire_upgraded":6,"win_rate":0,"timestamp":1540486665,"path_taken":["M","M","M","?","?","R","?","M","T","E","$","?","R","E","R","BOSS","M","M","$","?","?","R","M","$","T","R","E","R","M","E","R","BOSS","M","M","$","?","M","E","?"],"build_version":"2018-10-18","purchased_purges":2,"victory":false,"max_hp_per_floor":[78,78,78,78,78,78,78,78,85,85,85,85,85,85,85,85,85,85,85,85,85,85,85,85,85,85,85,85,85,85,85,85,85,85,85,85,85,85,85,85,85],"card_choices":[{"not_picked":["Reprogram","Reinforced Body"],"picked":"Auto Shields","floor":1.0},{"not_picked":["Steam Power","Coolheaded"],"picked":"Compile Driver","floor":2.0},{"not_picked":["Conserve Battery","Leap"],"picked":"Ball Lightning","floor":3.0},{"not_picked":["Rebound","Redo"],"picked":"Ball Lightning","floor":7.0},{"not_picked":["Beam Cell","Blizzard"],"picked":"Turbo","floor":8.0},{"not_picked":["Chill","Scrape"],"picked":"Reinforced Body","floor":10.0},{"not_picked":["Gash","Reboot"],"picked":"Genetic Algorithm","floor":12.0},{"not_picked":["Steam Power","Leap"],"picked":"Sweeping Beam","floor":14.0},{"not_picked":["Amplify","Machine Learning"],"picked":"Biased Cognition","floor":16.0},{"not_picked":["Hello World","Scrape"],"picked":"Cold Snap","floor":18.0},{"not_picked":["Scrape","Storm"],"picked":"Gash+1","floor":19.0},{"not_picked":["Streamline","Melter"],"picked":"Ball Lightning","floor":24.0},{"not_picked":["Streamline","Rebound"],"picked":"Ball Lightning","floor":28.0},{"not_picked":["Leap","Streamline","Rebound"],"picked":"SKIP","floor":30.0},{"not_picked":["Hyperbeam","Steam"],"picked":"Ball Lightning+1","floor":31.0},{"not_picked":["Thunder Strike","Hyperbeam"],"picked":"Electrodynamics","floor":33.0},{"not_picked":["Steam","Beam Cell"],"picked":"Leap+1","floor":35.0},{"not_picked":["BootSequence+1","Auto Shields"],"picked":"Barrage+1","floor":36.0},{"not_picked":["Barrage","Hologram"],"picked":"Coolheaded","floor":38.0},{"not_picked":["Hello World","Turbo","Rip and Tear"],"picked":"SKIP","floor":39.0},{"not_picked":["Heatsinks","Hyperbeam"],"picked":"White Noise+1","floor":40.0}],"player_experience":976432,"relics_obtained":[{"floor":9.0,"key":"Strawberry"},{"floor":10.0,"key":"Gremlin Horn"},{"floor":14.0,"key":"Lantern"},{"floor":26.0,"key":"Bottled Flame"},{"floor":28.0,"key":"Torii"},{"floor":31.0,"key":"Kunai"},{"floor":38.0,"key":"Nunchaku"},{"floor":40.0,"key":"Potion Belt"}],"event_choices":[{"damage_healed":0.0,"max_hp_gain":0.0,"max_hp_loss":0.0,"gold_gain":0.0,"event_name":"Living Wall","player_choice":"Grow","floor":4.0,"gold_loss":0.0,"damage_taken":0.0,"cards_upgraded":["Zap"]},{"cards_removed":["Strike_B"],"damage_healed":0.0,"max_hp_gain":0.0,"max_hp_loss":0.0,"gold_gain":0.0,"event_name":"The Cleric","player_choice":"Card Removal","floor":5.0,"gold_loss":75.0,"damage_taken":0.0},{"damage_healed":0.0,"max_hp_gain":0.0,"max_hp_loss":0.0,"gold_gain":0.0,"event_name":"Dead Adventurer","player_choice":"Searched \u00272\u0027 times","floor":7.0,"gold_loss":0.0,"damage_taken":0.0,"relics_obtained":["Darkstone Periapt"]},{"cards_removed":["Gash"],"damage_healed":0.0,"max_hp_gain":0.0,"max_hp_loss":0.0,"gold_gain":0.0,"event_name":"WeMeetAgain","player_choice":"Gave Card","floor":21.0,"gold_loss":0.0,"damage_taken":0.0,"relics_obtained":["Meat on the Bone"]},{"damage_healed":0.0,"max_hp_gain":0.0,"max_hp_loss":0.0,"gold_gain":0.0,"event_name":"The Library","player_choice":"Read","floor":22.0,"gold_loss":0.0,"damage_taken":0.0,"cards_obtained":["Go for the Eyes"]},{"damage_healed":0.0,"max_hp_gain":0.0,"max_hp_loss":0.0,"gold_gain":0.0,"event_name":"MindBloom","player_choice":"Fight","floor":38.0,"gold_loss":0.0,"damage_taken":0.0}],"is_beta":false,"boss_relics":[{"not_picked":["White Beast Statue","Empty Cage"],"picked":"Sozu"},{"not_picked":["Runic Pyramid","Busted Crown"],"picked":"Astrolabe"}],"items_purged_floors":[11,20],"is_endless":false,"potions_floor_spawned":[1,3,7,10,18,19,24,33,36,38,40],"killed_by":"Writhing Mass","ascension_level":20}