{"gold_per_floor":[110,110,126,145,145,145,145,156,182,207,233,233,15,43,43,142,142,158,174,89,105,30,30,60,60,60,79,79,179,179,193,193,294,294,304,304,318,335,345,345,345,345,345,73,89,101,121,146,146,146],"floor_reached":51,"playtime":2351,"items_purged":["Strike_G"],"score":732,"play_id":"76eeb29e-5bc7-4754-909c-be5a9cb4a7aa","local_time":"20190720005449","is_ascension_mode":false,"campfire_choices":[{"data":"Deadly Poison","floor":6,"key":"SMITH"},{"floor":12,"key":"REST"},{"data":"Crippling Poison","floor":15,"key":"SMITH"},{"data":"Backflip","floor":23,"key":"SMITH"},{"data":"Survivor","floor":25,"key":"SMITH"},{"data":"Caltrops","floor":32,"key":"SMITH"},{"data":"Cloak And Dagger","floor":40,"key":"SMITH"},{"data":"After Image","floor":42,"key":"SMITH"},{"data":"Well Laid Plans","floor":49,"key":"SMITH"}],"neow_cost":"NONE","seed_source_timestamp":777651872481209,"circlet_count":0,"master_deck":["Strike_G+1","Defend_G+1","Defend_G+1","Defend_G+1","Defend_G+1","Defend_G+1","Survivor+1","Neutralize+1","Poisoned Stab+1","Backflip+1","Deadly Poison+1","Dash+1","Dash+1","Crippling Poison+1","After Image+1","Dagger Spray+1","Calculated Gamble+1","Heel Hook+1","Glass Knife+1","Poisoned Stab+1","Caltrops+1","Flechettes+1","Backflip+1","Backstab+1","Cloak And Dagger+1","Calculated Gamble","Mind Blast+1","PiercingWail","Well Laid Plans+1","Dash+1","Dodge and Roll+1","Cloak And Dagger+1"],"relics":["Ring of the Snake","Juzu Bracelet","Orichalcum","Odd Mushroom","PreservedInsect","Ancient Tea Set","Whetstone","Cursed Key","Boot","Molten Egg 2","Thread and Needle","Mercury Hourglass","Sozu","Anchor","Lantern"],"potions_floor_usage":[8,14,29,33,50,50],"damage_taken":[{"damage":0,"enemies":"2 Louse","floor":1,"turns":4},{"damage":0,"enemies":"Jaw Worm","floor":3,"turns":4},{"damage":5,"enemies":"Small Slimes","floor":4,"turns":3},{"damage":3,"enemies":"Gremlin Gang","floor":8,"turns":4},{"damage":6,"enemies":"The Mushroom Lair","floor":10,"turns":6},{"damage":4,"enemies":"Gremlin Nob","floor":11,"turns":4},{"damage":3,"enemies":"3 Sentries","floor":14,"turns":7},{"damage":13,"enemies":"Hexaghost","floor":16,"turns":8},{"damage":0,"enemies":"Chosen","floor":18,"turns":5},{"damage":0,"enemies":"Shell Parasite","floor":19,"turns":5},{"damage":3,"enemies":"Cultist and Chosen","floor":21,"turns":5},{"damage":0,"enemies":"Slavers","floor":24,"turns":5},{"damage":0,"enemies":"3 Cultists","floor":27,"turns":4},{"damage":4,"enemies":"Colosseum Slavers","floor":29,"turns":3},{"damage":2,"enemies":"Colosseum Nobs","floor":29,"turns":3},{"damage":0,"enemies":"Shelled Parasite and Fungi","floor":31,"turns":4},{"damage":8,"enemies":"Automaton","floor":33,"turns":10},{"damage":0,"enemies":"3 Shapes","floor":35,"turns":2},{"damage":0,"enemies":"3 Darklings","floor":37,"turns":3},{"damage":2,"enemies":"Maw","floor":38,"turns":7},{"damage":0,"enemies":"Sphere and 2 Shapes","floor":39,"turns":4},{"damage":3,"enemies":"Spire Growth","floor":45,"turns":4},{"damage":0,"enemies":"Jaw Worm Horde","floor":46,"turns":3},{"damage":0,"enemies":"4 Shapes","floor":47,"turns":3},{"damage":5,"enemies":"Nemesis","floor":48,"turns":4},{"damage":22,"enemies":"Time Eater","floor":50,"turns":13}],"seed_played":"-8614692010463797067","potions_obtained":[{"floor":1,"key":"GamblersBrew"},{"floor":4,"key":"Energy Potion"},{"floor":14,"key":"FearPotion"},{"floor":16,"key":"Poison Potion"},{"floor":21,"key":"EssenceOfSteel"},{"floor":29,"key":"Poison Potion"},{"floor":33,"key":"SmokeBomb"}],"is_trial":false,"path_per_floor":["M","?","M","M","?","R","?","M","T","?","E","R","$","E","R","B",null,"M","M","?","M","?","R","E","R","T","M","?","?","?","M","R","B",null,"M","?","M","M","M","R","?","R","T","$","M","M","M","E","R","B",null],"character_chosen":"THE_SILENT","items_purchased":["Ancient Tea Set","Anchor","PiercingWail","Well Laid Plans"],"campfire_rested":1,"item_purchase_floors":[13,44,44,44],"current_hp_per_floor":[70,56,56,51,51,51,51,48,48,42,38,59,59,56,56,43,70,70,70,70,67,67,67,67,67,67,67,67,61,61,61,61,53,70,70,70,70,68,68,68,68,68,68,68,65,65,65,60,60,38],"gold":146,"neow_bonus":"RANDOM_COMMON_RELIC","is_prod":false,"is_daily":false,"chose_seed":false,"campfire_upgraded":8,"win_rate":0,"timestamp":1563598489,"path_taken":["M","?","M","M","?","R","?","M","T","?","E","R","$","E","R","BOSS","M","M","?","M","?","R","E","R","T","M","?","?","?","M","R","BOSS","M","?","M","M","M","R","?","R","T","$","M","M","M","E","R","BOSS"],"build_version":"2019-07-17","purchased_purges":1,"victory":true,"max_hp_per_floor":[70,70,70,70,70,70,70,70,70,70,70,70,70,70,70,70,70,70,70,70,70,70,70,70,70,70,70,70,70,70,70,70,70,70,70,70,70,70,70,70,70,70,70,70,70,70,70,70,70,70],"card_choices":[{"not_picked":["Calculated Gamble","Terror"],"picked":"Poisoned Stab","floor":1},{"not_picked":["Deflect","Underhanded Strike"],"picked":"Backflip","floor":3},{"not_picked":["Quick Slash","Eviscerate"],"picked":"Deadly Poison","floor":4},{"not_picked":["Cloak And Dagger","Deadly Poison","Acrobatics"],"picked":"SKIP","floor":8},{"not_picked":["Dagger Spray","Bouncing Flask"],"picked":"Dash","floor":10},{"not_picked":["Prepared","Poisoned Stab"],"picked":"Dash","floor":11},{"not_picked":["Underhanded Strike","Phantasmal Killer"],"picked":"Crippling Poison","floor":14},{"not_picked":["Phantasmal Killer","Venomology"],"picked":"After Image","floor":16},{"not_picked":["Distraction","Poisoned Stab"],"picked":"Dagger Spray+1","floor":18},{"not_picked":["Poisoned Stab+1","Slice","Outmaneuver"],"picked":"SKIP","floor":19},{"not_picked":["Poisoned Stab","Cloak And Dagger"],"picked":"Calculated Gamble+1","floor":21},{"not_picked":["Predator","Quick Slash","Poisoned Stab"],"picked":"SKIP","floor":24},{"not_picked":["All Out Attack+1","Prepared+1"],"picked":"Heel Hook+1","floor":27},{"not_picked":["Flechettes+1","Tactician"],"picked":"Caltrops","floor":31},{"not_picked":["Flying Knee+1","Outmaneuver"],"picked":"Flechettes+1","floor":35},{"not_picked":["Cloak And Dagger+1","Dodge and Roll+1"],"picked":"Backflip+1","floor":37},{"not_picked":["Grand Finale+1","Eviscerate+1"],"picked":"Backstab+1","floor":38},{"not_picked":["Flying Knee+1","Concentrate"],"picked":"Cloak And Dagger","floor":39},{"not_picked":["Acrobatics","Outmaneuver"],"picked":"Dash+1","floor":45},{"not_picked":["Slice+1","Flying Knee+1","Bane+1"],"picked":"SKIP","floor":46},{"not_picked":["Infinite Blades","Quick Slash+1"],"picked":"Dodge and Roll+1","floor":47},{"not_picked":["Flechettes+1","Poisoned Stab+1"],"picked":"Cloak And Dagger+1","floor":48}],"player_experience":4057617,"relics_obtained":[{"floor":9,"key":"Orichalcum"},{"floor":10,"key":"Odd Mushroom"},{"floor":11,"key":"PreservedInsect"},{"floor":14,"key":"Whetstone"},{"floor":24,"key":"Molten Egg 2"},{"floor":29,"key":"Thread and Needle"},{"floor":29,"key":"Mercury Hourglass"},{"floor":48,"key":"Lantern"}],"event_choices":[{"damage_healed":0,"gold_gain":0,"player_choice":"Entered Light","damage_taken":14,"max_hp_gain":0,"max_hp_loss":0,"event_name":"Shining Light","floor":2,"gold_loss":0,"cards_upgraded":["Poisoned Stab","Strike_G"]},{"damage_healed":0,"gold_gain":0,"player_choice":"Ignored","damage_taken":0,"max_hp_gain":0,"max_hp_loss":0,"event_name":"Liars Game","floor":5,"gold_loss":0},{"damage_healed":0,"gold_gain":0,"player_choice":"Forge","damage_taken":0,"max_hp_gain":0,"max_hp_loss":0,"event_name":"Accursed Blacksmith","floor":7,"gold_loss":0,"cards_upgraded":["Neutralize"]},{"damage_healed":0,"gold_gain":0,"player_choice":"Fought Mushrooms","damage_taken":0,"max_hp_gain":0,"max_hp_loss":0,"event_name":"Mushrooms","floor":10,"gold_loss":0},{"damage_healed":0,"gold_gain":0,"player_choice":"Obtained Relic","damage_taken":0,"relics_obtained":["Boot"],"max_hp_gain":0,"max_hp_loss":0,"event_name":"Addict","floor":20,"gold_loss":85},{"cards_removed":["Strike_G"],"damage_healed":0,"gold_gain":0,"player_choice":"Gave Gold","damage_taken":0,"max_hp_gain":0,"max_hp_loss":0,"event_name":"Beggar","floor":22,"gold_loss":75},{"damage_healed":0,"gold_gain":0,"cards_transformed":["Strike_G","Strike_G"],"player_choice":"Became Test Subject","damage_taken":0,"max_hp_gain":0,"max_hp_loss":0,"event_name":"Drug Dealer","floor":28,"gold_loss":0,"cards_obtained":["Glass Knife","Poisoned Stab"]},{"damage_healed":0,"gold_gain":0,"player_choice":"Fight","damage_taken":0,"max_hp_gain":0,"max_hp_loss":0,"event_name":"Colosseum","floor":29,"gold_loss":0},{"damage_healed":0,"gold_gain":0,"player_choice":"Fought Nobs","damage_taken":0,"max_hp_gain":0,"max_hp_loss":0,"event_name":"Colosseum","floor":29,"gold_loss":0},{"damage_healed":0,"gold_gain":0,"player_choice":"Simplicity","damage_taken":0,"max_hp_gain":0,"max_hp_loss":0,"event_name":"Back to Basics","floor":30,"gold_loss":0,"cards_upgraded":["Defend_G","Defend_G","Defend_G","Defend_G","Defend_G"]},{"damage_healed":0,"gold_gain":0,"player_choice":"Ignored","damage_taken":0,"max_hp_gain":0,"max_hp_loss":0,"event_name":"Tomb of Lord Red Mask","floor":36,"gold_loss":0},{"damage_healed":0,"gold_gain":0,"player_choice":"2 cards matched","damage_taken":0,"max_hp_gain":0,"max_hp_loss":0,"event_name":"Match and Keep!","floor":41,"gold_loss":0,"cards_obtained":["Calculated Gamble","Mind Blast"]}],"is_beta":false,"boss_relics":[{"not_picked":["Fusion Hammer","Coffee Dripper"],"picked":"Cursed Key"},{"not_picked":["Empty Cage","Lizard Tail"],"picked":"Sozu"}],"items_purged_floors":[13],"is_endless":false,"potions_floor_spawned":[1,4,14,16,21,29,29,33,38,45,47,48],"ascension_level":0}