{"gold_per_floor":[11,11,23,23,23,23,42,42,42,75,75,88,238,238,238,238],"floor_reached":16,"playtime":508,"items_purged":[],"score":196,"play_id":"880ea2fb-ce69-41ba-8a62-02e7c3b2bd37","local_time":"20181030183147","is_ascension_mode":true,"campfire_choices":[{"data":"Bash","floor":6,"key":"SMITH"},{"data":"Havoc","floor":8,"key":"SMITH"},{"floor":15,"key":"REST"}],"neow_cost":"NO_GOLD","seed_source_timestamp":1031190425150140,"circlet_count":0,"master_deck":["Strike_R+1","Strike_R","Strike_R+1","Strike_R","Defend_R","Defend_R","Defend_R","Defend_R","Bash+1","AscendersBane","Clothesline","Havoc+1","Warcry","Flame Barrier","Parasite","Armaments","Doubt"],"relics":["Burning Blood","Champion Belt","Darkstone Periapt","Centennial Puzzle","Sundial"],"potions_floor_usage":[16],"damage_taken":[{"damage":4,"enemies":"Small Slimes","floor":1,"turns":4},{"damage":0,"enemies":"2 Louse","floor":3,"turns":3},{"damage":4,"enemies":"Jaw Worm","floor":7,"turns":3},{"damage":55,"enemies":"3 Sentries","floor":10,"turns":14},{"damage":12,"enemies":"Exordium Wildlife","floor":12,"turns":5},{"damage":30,"enemies":"Hexaghost","floor":16,"turns":11}],"seed_played":"7680974026609439014","potions_obtained":[{"floor":12,"key":"SpeedPotion"}],"is_trial":false,"path_per_floor":["M","?","M","?","?","R","M","R","T","E","?","M","?","?","R"],"character_chosen":"IRONCLAD","items_purchased":[],"campfire_rested":1,"item_purchase_floors":[],"current_hp_per_floor":[70,47,53,58,58,58,60,60,60,11,37,31,37,2,29,0],"gold":238,"neow_bonus":"ONE_RARE_RELIC","is_prod":false,"is_daily":false,"chose_seed":false,"campfire_upgraded":2,"win_rate":0,"timestamp":1540938707,"path_taken":["M","?","M","?","?","R","M","R","T","E","?","?","?","?","R","BOSS"],"build_version":"2018-10-25v2","purchased_purges":0,"victory":false,"max_hp_per_floor":[75,75,75,80,80,80,80,80,80,80,86,86,92,92,92,92],"card_choices":[{"not_picked":["Warcry","Sword Boomerang"],"picked":"Clothesline","floor":1},{"not_picked":["Bloodletting","Twin Strike"],"picked":"Havoc","floor":3},{"not_picked":["Blood for Blood","Power Through"],"picked":"Warcry","floor":7},{"not_picked":["Cleave","Heavy Blade"],"picked":"Flame Barrier","floor":10},{"not_picked":["Iron Wave","Second Wind"],"picked":"Armaments","floor":12}],"player_experience":1017727,"relics_obtained":[{"floor":9,"key":"Darkstone Periapt"},{"floor":10,"key":"Centennial Puzzle"}],"event_choices":[{"damage_healed":0,"gold_gain":0,"player_choice":"Entered Light","damage_taken":23,"max_hp_gain":0,"max_hp_loss":0,"event_name":"Shining Light","floor":2,"gold_loss":0,"cards_upgraded":["Strike_R","Strike_R"]},{"damage_healed":0,"gold_gain":0,"player_choice":"Donut","damage_taken":0,"max_hp_gain":5,"max_hp_loss":0,"event_name":"Big Fish","floor":4,"gold_loss":0},{"cards_removed":["Strike_R"],"damage_healed":0,"gold_gain":0,"player_choice":"Forget","damage_taken":0,"max_hp_gain":0,"max_hp_loss":0,"event_name":"Living Wall","floor":5,"gold_loss":0},{"damage_healed":20,"gold_gain":0,"player_choice":"Healed and dodged fight","damage_taken":0,"max_hp_gain":0,"max_hp_loss":0,"event_name":"Mushrooms","floor":11,"gold_loss":0,"cards_obtained":["Parasite"]},{"damage_healed":0,"gold_gain":150,"player_choice":"AGREE","damage_taken":0,"max_hp_gain":0,"max_hp_loss":0,"event_name":"Liars Game","floor":13,"gold_loss":0,"cards_obtained":["Doubt"]},{"damage_healed":0,"gold_gain":0,"player_choice":"Success","damage_taken":35,"relics_obtained":["Sundial"],"max_hp_gain":0,"max_hp_loss":0,"event_name":"Scrap Ooze","floor":14,"gold_loss":0}],"is_beta":false,"boss_relics":[],"items_purged_floors":[],"is_endless":false,"potions_floor_spawned":[12],"killed_by":"Hexaghost","ascension_level":20}