{"gold_per_floor":[114,114,130,130,147,147,162,162,188,201,201,226,226,256,268,357,369,396,427,439,396,74,74,100,116,116,116,134,168,168,181,181,181],"floor_reached":33,"playtime":1653,"items_purged":[],"score":516,"play_id":"81b7cf97-bf6f-4a5b-b29b-7b7bac045641","local_time":"20181230141015","is_ascension_mode":true,"campfire_choices":[{"data":"Crippling Poison","floor":6,"key":"SMITH"},{"data":"Neutralize","floor":8,"key":"SMITH"},{"data":"Deadly Poison","floor":11,"key":"SMITH"},{"data":"Survivor","floor":13,"key":"SMITH"},{"data":"Poisoned Stab","floor":15,"key":"SMITH"},{"data":"Apotheosis","floor":23,"key":"SMITH"},{"floor":27,"key":"REST"},{"floor":30,"key":"REST"},{"floor":32,"key":"RECALL"}],"neow_cost":"NONE","seed_source_timestamp":8832683735930,"circlet_count":0,"master_deck":["AscendersBane","Defend_G","Defend_G","Defend_G","Defend_G","Defend_G","Strike_G","Strike_G","Survivor+1","Neutralize+1","Deadly Poison+1","Flying Knee","Crippling Poison+1","Poisoned Stab+1","Infinite Blades","PiercingWail","Dagger Throw","PiercingWail","Die Die Die","Leg Sweep","Backflip","Apotheosis+1","Wraith Form v2","Backflip","Malaise","Deflect","Calculated Gamble","Prepared+1"],"relics":["Ring of the Snake","Anchor","Pantograph","Pen Nib","Happy Flower","MawBank","Empty Cage","Tiny Chest","WingedGreaves","Blood Vial","Dream Catcher"],"potions_floor_usage":[12,24,29],"damage_taken":[{"damage":0,"enemies":"Small Slimes","floor":1,"turns":6},{"damage":0,"enemies":"Cultist","floor":3,"turns":3},{"damage":0,"enemies":"Jaw Worm","floor":5,"turns":3},{"damage":1,"enemies":"Looter","floor":7,"turns":2},{"damage":1,"enemies":"Exordium Thugs","floor":10,"turns":4},{"damage":7,"enemies":"Gremlin Nob","floor":12,"turns":4},{"damage":9,"enemies":"3 Sentries","floor":14,"turns":8},{"damage":12,"enemies":"Hexaghost","floor":16,"turns":9},{"damage":21,"enemies":"Spheric Guardian","floor":18,"turns":7},{"damage":1,"enemies":"3 Byrds","floor":19,"turns":4},{"damage":9,"enemies":"Book of Stabbing","floor":24,"turns":7},{"damage":11,"enemies":"Snake Plant","floor":25,"turns":5},{"damage":0,"enemies":"Sentry and Sphere","floor":28,"turns":6},{"damage":11,"enemies":"Slavers","floor":29,"turns":7},{"damage":0,"enemies":"Centurion and Healer","floor":31,"turns":6},{"damage":67,"enemies":"Champ","floor":33,"turns":20}],"seed_played":"-7066300748765458879","potions_obtained":[{"floor":5,"key":"Block Potion"},{"floor":10,"key":"LiquidBronze"},{"floor":18,"key":"SteroidPotion"},{"floor":28,"key":"PowerPotion"},{"floor":29,"key":"EssenceOfSteel"}],"is_trial":false,"path_per_floor":["M","?","M","T","M","R","M","R","T","M","R","E","R","E","R","B",null,"M","M","?","?","$","R","E","M","T","R","M","E","R","M","R","B"],"character_chosen":"THE_SILENT","items_purchased":["Apotheosis","Wraith Form v2"],"campfire_rested":2,"item_purchase_floors":[22,22],"current_hp_per_floor":[59,59,59,59,59,59,58,58,58,57,57,50,50,41,41,54,63,42,41,41,41,41,41,32,21,21,40,42,33,52,54,54,0],"gold":181,"neow_bonus":"RANDOM_COMMON_RELIC","is_prod":false,"is_daily":false,"chose_seed":false,"campfire_upgraded":6,"win_rate":0,"timestamp":1546197015,"path_taken":["M","?","?","?","M","R","M","R","T","M","R","E","R","E","R","BOSS","M","M","?","?","$","R","E","M","T","R","?","E","R","M","R","BOSS"],"build_version":"2018-12-20","purchased_purges":0,"victory":false,"max_hp_per_floor":[66,66,66,66,66,66,66,66,66,66,66,66,66,66,66,66,66,66,66,66,66,66,66,66,66,66,66,66,66,66,66,66,66],"card_choices":[{"not_picked":["Underhanded Strike","Choke"],"picked":"Deadly Poison","floor":1},{"not_picked":["Masterful Stab","Outmaneuver"],"picked":"Crippling Poison","floor":3},{"not_picked":["Prepared","Outmaneuver"],"picked":"Poisoned Stab","floor":5},{"not_picked":["Sucker Punch","Flying Knee"],"picked":"Infinite Blades","floor":7},{"not_picked":["Deadly Poison","Tactician"],"picked":"PiercingWail","floor":10},{"not_picked":["Blade Dance","Quick Slash"],"picked":"Dagger Throw","floor":12},{"not_picked":["Quick Slash","Bane"],"picked":"PiercingWail","floor":14},{"not_picked":["Venomology","A Thousand Cuts"],"picked":"Die Die Die","floor":16},{"not_picked":["Poisoned Stab","Acrobatics"],"picked":"Leg Sweep","floor":18},{"not_picked":["Distraction","All Out Attack","Sucker Punch"],"picked":"SKIP","floor":19},{"not_picked":["Prepared","Heel Hook"],"picked":"Backflip","floor":24},{"not_picked":["Accuracy","Blur"],"picked":"Malaise","floor":25},{"not_picked":["Slice","Blade Dance"],"picked":"Deflect","floor":28},{"not_picked":["Prepared","Sucker Punch"],"picked":"Calculated Gamble","floor":29},{"not_picked":["Sucker Punch","Underhanded Strike"],"picked":"Prepared+1","floor":30},{"not_picked":["Quick Slash+1","Skewer","Underhanded Strike+1"],"picked":"SKIP","floor":31}],"player_experience":1310211,"relics_obtained":[{"floor":4,"key":"Pantograph"},{"floor":9,"key":"Pen Nib"},{"floor":12,"key":"Happy Flower"},{"floor":14,"key":"MawBank"},{"floor":24,"key":"WingedGreaves"},{"floor":26,"key":"Blood Vial"},{"floor":29,"key":"Dream Catcher"}],"event_choices":[{"damage_healed":0,"gold_gain":0,"cards_transformed":["Strike_G"],"player_choice":"Transformed","damage_taken":0,"max_hp_gain":0,"max_hp_loss":0,"event_name":"Transmorgrifier","floor":2,"gold_loss":0,"cards_obtained":["Flying Knee"]},{"damage_healed":0,"gold_gain":0,"player_choice":"Read","damage_taken":0,"max_hp_gain":0,"max_hp_loss":0,"event_name":"The Library","floor":20,"gold_loss":0,"cards_obtained":["Backflip"]},{"damage_healed":0,"gold_gain":0,"player_choice":"Obtained Relic","damage_taken":0,"relics_obtained":["Tiny Chest"],"max_hp_gain":0,"max_hp_loss":0,"event_name":"Addict","floor":21,"gold_loss":85}],"is_beta":false,"boss_relics":[{"not_picked":["Runic Dome","Lizard Tail"],"picked":"Empty Cage"}],"items_purged_floors":[],"is_endless":false,"potions_floor_spawned":[5,10,18,28,29],"killed_by":"Champ","ascension_level":15}