{"gold_per_floor":[109,59,69,169,187,220,234,268,268,293,293,303,1,73,73,169,169,182,163,163],"floor_reached":20,"playtime":2077,"items_purged":["Strike_G"],"score":238,"play_id":"2d2f5c85-7501-4975-b95b-a315d42ef3cb","local_time":"20190716044151","is_ascension_mode":true,"campfire_choices":[{"floor":15,"key":"REST"}],"neow_cost":"NONE","seed_source_timestamp":16688920764299,"circlet_count":0,"master_deck":["Strike_G","Strike_G","Strike_G","Defend_G","Defend_G","Defend_G","Defend_G","Defend_G","Survivor","Neutralize","Sucker Punch","Predator","Escape Plan","Quick Slash","Escape Plan","Escape Plan","Acrobatics","Noxious Fumes","Malaise"],"relics":["Ring of the Snake","Bag of Marbles","Mango","Meat on the Bone","Dodecahedron","Pear","Art of War","PreservedInsect","HoveringKite"],"potions_floor_usage":[8,10,10,16],"damage_taken":[{"damage":1,"enemies":"Jaw Worm","floor":1,"turns":8},{"damage":0,"enemies":"Small Slimes","floor":3,"turns":3},{"damage":0,"enemies":"Cultist","floor":5,"turns":3},{"damage":14,"enemies":"Gremlin Nob","floor":6,"turns":4},{"damage":10,"enemies":"2 Fungi Beasts","floor":7,"turns":3},{"damage":31,"enemies":"3 Sentries","floor":8,"turns":7},{"damage":25,"enemies":"Lagavulin","floor":10,"turns":7},{"damage":7,"enemies":"3 Louse","floor":12,"turns":3},{"damage":47,"enemies":"Slime Boss","floor":16,"turns":15},{"damage":1,"enemies":"3 Byrds","floor":18,"turns":6},{"damage":17,"enemies":"2 Thieves","floor":19,"turns":4},{"damage":0,"enemies":"Sentry and Sphere","floor":20,"turns":1}],"seed_played":"9077225020111241427","potions_obtained":[{"floor":1,"key":"Weak Potion"},{"floor":3,"key":"Regen Potion"},{"floor":6,"key":"Fire Potion"},{"floor":8,"key":"Dexterity Potion"},{"floor":18,"key":"FearPotion"},{"floor":19,"key":"Weak Potion"}],"is_trial":false,"path_per_floor":["M","?","M","?","M","E","M","E","T","E","?","M","$","?","R","B",null,"M","M","M"],"character_chosen":"THE_SILENT","items_purchased":["Noxious Fumes","PreservedInsect"],"campfire_rested":1,"item_purchase_floors":[13,13],"current_hp_per_floor":[69,69,69,69,69,69,59,43,43,40,15,20,20,20,48,13,94,93,76,76],"gold":163,"neow_bonus":"RANDOM_COMMON_RELIC","is_prod":false,"is_daily":false,"chose_seed":false,"campfire_upgraded":0,"win_rate":0,"timestamp":1563270111,"path_taken":["M","?","M","?","M","E","?","E","T","E","?","M","$","?","R","BOSS","M","M","M"],"build_version":"2019-07-05","purchased_purges":1,"victory":false,"max_hp_per_floor":[70,70,70,70,70,84,84,84,84,94,94,94,94,94,94,94,94,94,94,94],"card_choices":[{"not_picked":["Crippling Poison","Infinite Blades","Endless Agony"],"picked":"SKIP","floor":1},{"not_picked":["Poisoned Stab","PiercingWail"],"picked":"Sucker Punch","floor":3},{"not_picked":["PiercingWail","Dagger Throw"],"picked":"Predator","floor":5},{"not_picked":["Tactician","Flying Knee"],"picked":"Escape Plan","floor":6},{"not_picked":["Tactician","Masterful Stab"],"picked":"Quick Slash","floor":7},{"not_picked":["Poisoned Stab","Deadly Poison"],"picked":"Escape Plan","floor":8},{"not_picked":["Blur","Underhanded Strike"],"picked":"Escape Plan","floor":10},{"not_picked":["Dodge and Roll","Tactician"],"picked":"Acrobatics","floor":12},{"not_picked":["Doppelganger","Burst"],"picked":"Malaise","floor":16},{"not_picked":["Heel Hook","Prepared","Dodge and Roll"],"picked":"SKIP","floor":18},{"not_picked":["Blade Dance","PiercingWail","Slice+1"],"picked":"SKIP","floor":19}],"player_experience":97605,"relics_obtained":[{"floor":6,"key":"Mango"},{"floor":8,"key":"Meat on the Bone"},{"floor":9,"key":"Dodecahedron"},{"floor":10,"key":"Pear"}],"event_choices":[{"cards_removed":["Strike_G"],"damage_healed":0,"gold_gain":0,"player_choice":"Card Removal","damage_taken":0,"max_hp_gain":0,"max_hp_loss":0,"event_name":"The Cleric","floor":2,"gold_loss":50},{"damage_healed":0,"gold_gain":100,"player_choice":"Pray","damage_taken":0,"max_hp_gain":0,"max_hp_loss":0,"event_name":"Golden Shrine","floor":4,"gold_loss":0},{"damage_healed":0,"gold_gain":0,"player_choice":"Success","damage_taken":25,"relics_obtained":["Art of War"],"max_hp_gain":0,"max_hp_loss":0,"event_name":"Scrap Ooze","floor":11,"gold_loss":0},{"damage_healed":0,"gold_gain":72,"player_choice":"Gained Gold","damage_taken":0,"max_hp_gain":0,"max_hp_loss":0,"event_name":"Golden Wing","floor":14,"gold_loss":0}],"is_beta":false,"boss_relics":[{"not_picked":["WristBlade","White Beast Statue"],"picked":"HoveringKite"}],"items_purged_floors":[13],"is_endless":false,"potions_floor_spawned":[1,3,6,8,18,19],"killed_by":"Sentry and Sphere","ascension_level":2}