{"gold_per_floor":[116,191,34,34,51,51,82,82,164,177,177,206,222,222],"floor_reached":14,"playtime":308,"items_purged":[],"score":246,"play_id":"b07c49df-6cae-40f5-9e46-bb51ee36f04f","local_time":"20181125154545","is_ascension_mode":true,"campfire_choices":[{"data":"Neutralize","floor":6,"key":"SMITH"}],"neow_cost":"NONE","seed_source_timestamp":10132995823668,"circlet_count":0,"master_deck":["AscendersBane","Defend_G","Defend_G","Defend_G","Defend_G","Defend_G","Strike_G","Strike_G","Strike_G","Strike_G","Strike_G","Survivor","Neutralize+1","Finisher","Deadly Poison","Blur","Catalyst","Bouncing Flask","Dagger Spray"],"relics":["Ring of the Snake","NeowsBlessing","Regal Pillow","Bag of Marbles","Tiny Chest","Omamori","The Courier"],"potions_floor_usage":[12,12,14,14],"damage_taken":[{"damage":0,"enemies":"Small Slimes","floor":1,"turns":1},{"damage":0,"enemies":"2 Louse","floor":5,"turns":1},{"damage":0,"enemies":"Lagavulin","floor":7,"turns":1},{"damage":2,"enemies":"Jaw Worm","floor":10,"turns":5},{"damage":30,"enemies":"Gremlin Nob","floor":12,"turns":5},{"damage":14,"enemies":"Exordium Wildlife","floor":13,"turns":5},{"damage":10,"enemies":"Lagavulin","floor":14,"turns":3}],"seed_played":"-643851623147173303","potions_obtained":[{"floor":1,"key":"GhostInAJar"},{"floor":10,"key":"GamblersBrew"},{"floor":12,"key":"Poison Potion"},{"floor":13,"key":"Energy Potion"}],"is_trial":false,"path_per_floor":["M","?","$","?","M","R","E","?","T","M","T","E","M","E"],"character_chosen":"THE_SILENT","items_purchased":["Regal Pillow"],"campfire_rested":0,"item_purchase_floors":[3],"current_hp_per_floor":[59,48,48,53,53,53,53,53,53,51,51,21,7,0],"gold":222,"neow_bonus":"THREE_ENEMY_KILL","is_prod":false,"is_daily":false,"chose_seed":false,"campfire_upgraded":1,"win_rate":0,"timestamp":1543178745,"path_taken":["M","?","$","?","M","R","E","?","T","?","?","E","M","E"],"build_version":"2018-11-15","purchased_purges":0,"victory":false,"max_hp_per_floor":[66,66,66,71,71,71,71,71,71,71,71,71,71,71],"card_choices":[{"not_picked":["Blur","Deflect"],"picked":"Finisher","floor":1},{"not_picked":["Bane","Tactician"],"picked":"Deadly Poison","floor":5},{"not_picked":["Predator","Dagger Throw"],"picked":"Blur","floor":7},{"not_picked":["Calculated Gamble","Outmaneuver"],"picked":"Catalyst","floor":10},{"not_picked":["Infinite Blades","Backflip"],"picked":"Bouncing Flask","floor":12},{"not_picked":["A Thousand Cuts","Skewer"],"picked":"Dagger Spray","floor":13}],"player_experience":1158574,"relics_obtained":[{"floor":7,"key":"Bag of Marbles"},{"floor":9,"key":"Tiny Chest"},{"floor":11,"key":"Omamori"},{"floor":12,"key":"The Courier"}],"event_choices":[{"damage_healed":0,"gold_gain":75,"player_choice":"Gather Gold","damage_taken":11,"max_hp_gain":0,"max_hp_loss":0,"event_name":"World of Goop","floor":2,"gold_loss":0},{"damage_healed":0,"gold_gain":0,"player_choice":"Donut","damage_taken":0,"max_hp_gain":5,"max_hp_loss":0,"event_name":"Big Fish","floor":4,"gold_loss":0},{"damage_healed":0,"gold_gain":0,"player_choice":"Searched \u00270\u0027 times","damage_taken":0,"max_hp_gain":0,"max_hp_loss":0,"event_name":"Dead Adventurer","floor":8,"gold_loss":0}],"is_beta":false,"boss_relics":[],"items_purged_floors":[],"is_endless":false,"potions_floor_spawned":[1,10,12,13],"killed_by":"Lagavulin","ascension_level":20}