{"gold_per_floor":[114,129,279,279,279,304,304,339,363,380,391,391,264,282,282,360,360,373,373,384,384,27,60,60,88,88,88,101,136,136,149,149,149],"floor_reached":33,"playtime":1512,"items_purged":["Doubt","Strike_B"],"score":626,"play_id":"ae9c57bd-83ed-46bb-8668-b1bc5b3e4916","local_time":"20190509142818","is_ascension_mode":true,"campfire_choices":[{"data":"Zap","floor":7,"key":"SMITH"},{"data":"Self Repair","floor":12,"key":"SMITH"},{"data":"Sunder","floor":15,"key":"SMITH"},{"data":"Defragment","floor":24,"key":"SMITH"},{"data":"Defragment","floor":27,"key":"SMITH"},{"data":"Defragment","floor":30,"key":"SMITH"},{"data":"Hologram","floor":32,"key":"SMITH"}],"neow_cost":"NONE","seed_source_timestamp":420963367480555,"circlet_count":0,"master_deck":["AscendersBane","Strike_B","Strike_B","Strike_B","Defend_B","Defend_B","Defend_B","Defend_B","Zap+1","Dualcast","Self Repair+1","Darkness+1","Cold Snap","Sunder+1","Hologram+1","Compile Driver","Leap","Defragment+1","Defragment+1","Defragment+1","Hologram","White Noise+1","Compile Driver","Darkness+1"],"relics":["Coffee Dripper","PreservedInsect","Regal Pillow","Ancient Tea Set","Bag of Marbles","Nuclear Battery","Bag of Preparation","Smiling Mask","Blood Vial","Toxic Egg 2","Vajra"],"potions_floor_usage":[14],"damage_taken":[{"damage":4,"enemies":"Jaw Worm","floor":1,"turns":4},{"damage":5,"enemies":"2 Louse","floor":2,"turns":2},{"damage":14,"enemies":"Gremlin Nob","floor":6,"turns":3},{"damage":21,"enemies":"3 Sentries","floor":8,"turns":7},{"damage":0,"enemies":"Cultist","floor":10,"turns":2},{"damage":6,"enemies":"Looter","floor":11,"turns":4},{"damage":3,"enemies":"3 Louse","floor":14,"turns":5},{"damage":44,"enemies":"Slime Boss","floor":16,"turns":8},{"damage":19,"enemies":"Chosen","floor":18,"turns":4},{"damage":0,"enemies":"3 Byrds","floor":20,"turns":4},{"damage":13,"enemies":"Gremlin Leader","floor":23,"turns":8},{"damage":39,"enemies":"Book of Stabbing","floor":25,"turns":5},{"damage":0,"enemies":"Snake Plant","floor":28,"turns":1},{"damage":41,"enemies":"Gremlin Leader","floor":29,"turns":5},{"damage":19,"enemies":"Snecko","floor":31,"turns":5},{"damage":34,"enemies":"Champ","floor":33,"turns":7}],"seed_played":"-4493983231469459468","potions_obtained":[{"floor":10,"key":"SpeedPotion"},{"floor":11,"key":"AttackPotion"},{"floor":14,"key":"SpeedPotion"},{"floor":18,"key":"Ancient Potion"},{"floor":23,"key":"FocusPotion"}],"is_trial":false,"path_per_floor":["M","M","?","?","?","E","R","E","T","M","M","R","$","M","R","B",null,"M","?","M","?","$","E","R","E","T","R","M","E","R","M","R","B"],"character_chosen":"DEFECT","items_purchased":["Compile Driver","Bag of Preparation","Defragment"],"campfire_rested":0,"item_purchase_floors":[13,22,22],"current_hp_per_floor":[60,62,62,51,51,44,44,30,30,37,38,38,38,45,45,11,56,47,47,57,81,81,78,78,49,49,49,51,22,22,15,15,0],"gold":149,"neow_bonus":"BOSS_RELIC","is_prod":false,"is_daily":false,"chose_seed":false,"campfire_upgraded":7,"win_rate":0,"timestamp":1557426498,"path_taken":["M","M","?","?","?","E","R","E","T","?","M","R","$","M","R","BOSS","M","?","M","?","$","E","R","E","T","R","M","E","R","?","R","BOSS"],"build_version":"2019-01-23","purchased_purges":2,"victory":false,"max_hp_per_floor":[71,71,71,71,71,71,71,71,71,71,71,71,71,71,71,71,71,71,71,71,81,81,81,81,81,81,81,81,81,81,81,81,81],"card_choices":[{"not_picked":["Cold Snap","Turbo"],"picked":"Self Repair","floor":1},{"not_picked":["Static Discharge","Leap"],"picked":"Darkness","floor":2},{"not_picked":["Stack","Turbo"],"picked":"Cold Snap","floor":6},{"not_picked":["Darkness","Chill"],"picked":"Sunder","floor":8},{"not_picked":["Reboot","Barrage","Streamline"],"picked":"SKIP","floor":10},{"not_picked":["Conserve Battery","Redo"],"picked":"Hologram","floor":11},{"not_picked":["Blizzard","Beam Cell"],"picked":"Leap","floor":14},{"not_picked":["Core Surge","Machine Learning"],"picked":"Multi-Cast","floor":16},{"not_picked":["Recycle+1","Hologram"],"picked":"Defragment","floor":18},{"not_picked":["Consume","Conserve Battery","Fusion"],"picked":"SKIP","floor":20},{"not_picked":["Storm","Doom and Gloom"],"picked":"Hologram","floor":23},{"not_picked":["Aggregate","BootSequence","Self Repair"],"picked":"SKIP","floor":25},{"not_picked":["Auto Shields+1","Streamline"],"picked":"White Noise+1","floor":28},{"not_picked":["Turbo+1","Rebound"],"picked":"Compile Driver","floor":29},{"not_picked":["Barrage+1","Redo+1"],"picked":"Darkness+1","floor":31}],"player_experience":1385864,"relics_obtained":[{"floor":6,"key":"Regal Pillow"},{"floor":8,"key":"Ancient Tea Set"},{"floor":9,"key":"Bag of Marbles"},{"floor":23,"key":"Smiling Mask"},{"floor":25,"key":"Blood Vial"},{"floor":26,"key":"Toxic Egg 2"},{"floor":29,"key":"Vajra"}],"event_choices":[{"damage_healed":0,"gold_gain":150,"player_choice":"AGREE","damage_taken":0,"max_hp_gain":0,"max_hp_loss":0,"event_name":"Liars Game","floor":3,"gold_loss":0,"cards_obtained":["Doubt"]},{"damage_healed":0,"gold_gain":0,"player_choice":"Success","damage_taken":11,"relics_obtained":["PreservedInsect"],"max_hp_gain":0,"max_hp_loss":0,"event_name":"Scrap Ooze","floor":4,"gold_loss":0},{"damage_healed":0,"gold_gain":0,"player_choice":"Upgraded","damage_taken":0,"max_hp_gain":0,"max_hp_loss":0,"event_name":"Upgrade Shrine","floor":5,"gold_loss":0,"cards_upgraded":["Darkness"]},{"damage_healed":0,"gold_gain":0,"player_choice":"Read","damage_taken":0,"max_hp_gain":0,"max_hp_loss":0,"event_name":"The Library","floor":19,"gold_loss":0,"cards_obtained":["Defragment"]},{"cards_removed":["Multi-Cast"],"damage_healed":14,"gold_gain":0,"player_choice":"Offered Rare","damage_taken":0,"max_hp_gain":10,"max_hp_loss":0,"event_name":"Bonfire Elementals","floor":21,"gold_loss":0}],"is_beta":false,"boss_relics":[{"not_picked":["White Beast Statue","Runic Dome"],"picked":"Nuclear Battery"}],"items_purged_floors":[13,22],"is_endless":false,"potions_floor_spawned":[10,11,14,18,23,25],"killed_by":"Champ","ascension_level":20}