{"gold_per_floor":[20,20,94,108,128,128,203,217,217,217,232,1,1,15,15,116,116,130,130,30,130,145,176,192,192,492,492,492,507,507,183,183,278,278,298,298,310,410,430,430,477,477,477,477,44,64,75,86,86,86],"floor_reached":50,"playtime":5967,"items_purged":["Strike_R","Strike_R","Bash","Shame"],"score":477,"play_id":"7d1f2f46-dd9c-48d0-9470-b2bcd75ed01f","local_time":"20190125144930","is_ascension_mode":false,"campfire_choices":[{"data":"Fire Breathing","floor":6,"key":"SMITH"},{"data":"Flex","floor":10,"key":"SMITH"},{"data":"Cleave","floor":13,"key":"SMITH"},{"data":"Metallicize","floor":15,"key":"SMITH"},{"data":"Brutality","floor":25,"key":"SMITH"},{"data":"Reaper","floor":27,"key":"SMITH"},{"floor":30,"key":"REST"},{"data":"Inflame","floor":32,"key":"SMITH"},{"data":"Demon Form","floor":40,"key":"SMITH"},{"data":"Normality","floor":42,"key":"PURGE"},{"floor":49,"key":"REST"}],"neow_cost":"NO_GOLD","seed_source_timestamp":1421851492594800,"circlet_count":0,"master_deck":["Strike_R","Strike_R","Strike_R","Defend_R","Defend_R","Defend_R","Defend_R","Immolate+1","Cleave+1","Fire Breathing+1","Flex+1","Cleave","Metallicize+1","Reaper+1","Inflame+1","True Grit+1","Brutality+1","Inflame+1","Demon Form+1","Combust","Exhume","Iron Wave","Secret Technique","Parasite"],"relics":["Black Blood","Matryoshka","Regal Pillow","Pen Nib","Bag of Preparation","Unceasing Top","Meat on the Bone","Kunai","Smiling Mask","Old Coin","Brimstone","Calling Bell","Dream Catcher","Mercury Hourglass","Gambling Chip","Nunchaku","Peace Pipe","Lantern","TheAbacus"],"potions_floor_usage":[8,14,16,21,41,41,41,47,50],"damage_taken":[{"damage":0,"enemies":"Small Slimes","floor":1,"turns":2},{"damage":1,"enemies":"Jaw Worm","floor":4,"turns":2},{"damage":1,"enemies":"2 Louse","floor":5,"turns":2},{"damage":9,"enemies":"Blue Slaver","floor":8,"turns":3},{"damage":6,"enemies":"Exordium Wildlife","floor":11,"turns":2},{"damage":0,"enemies":"Looter","floor":14,"turns":2},{"damage":55,"enemies":"The Guardian","floor":16,"turns":9},{"damage":8,"enemies":"Chosen","floor":18,"turns":5},{"damage":26,"enemies":"Colosseum Slavers","floor":21,"turns":4},{"damage":35,"enemies":"Colosseum Nobs","floor":21,"turns":4},{"damage":26,"enemies":"Shell Parasite","floor":22,"turns":6},{"damage":18,"enemies":"Gremlin Leader","floor":23,"turns":5},{"damage":7,"enemies":"3 Cultists","floor":24,"turns":3},{"damage":39,"enemies":"Snake Plant","floor":29,"turns":5},{"damage":99,"enemies":"Automaton","floor":33,"turns":7},{"damage":58,"enemies":"3 Darklings","floor":35,"turns":3},{"damage":29,"enemies":"Orb Walker","floor":37,"turns":4},{"damage":42,"enemies":"Mind Bloom Boss Battle","floor":38,"turns":5},{"damage":6,"enemies":"4 Shapes","floor":39,"turns":1},{"damage":103,"enemies":"2 Orb Walkers","floor":41,"turns":4},{"damage":5,"enemies":"Sphere and 2 Shapes","floor":46,"turns":3},{"damage":60,"enemies":"Writhing Mass","floor":47,"turns":6},{"damage":47,"enemies":"Spire Growth","floor":48,"turns":4},{"damage":73,"enemies":"Time Eater","floor":50,"turns":5}],"seed_played":"-3935977799053610968","potions_obtained":[{"floor":1,"key":"Fruit Juice"},{"floor":4,"key":"Regen Potion"},{"floor":11,"key":"SkillPotion"},{"floor":18,"key":"Weak Potion"},{"floor":23,"key":"BloodPotion"},{"floor":24,"key":"BloodPotion"},{"floor":33,"key":"Block Potion"},{"floor":41,"key":"EssenceOfSteel"},{"floor":48,"key":"LiquidBronze"}],"is_trial":false,"path_per_floor":["M","?","T","M","M","R","?","M","T","R","M","$","R","M","R","B",null,"M","?","$","?","M","E","M","R","T","R","?","M","R","$","R","B",null,"M","?","M","?","M","R","?","R","T","?","$","M","M","M","R","B"],"character_chosen":"IRONCLAD","items_purchased":["Bag of Preparation","Inflame","Brimstone","TheAbacus","Secret Technique"],"campfire_rested":2,"item_purchase_floors":[12,31,31,45,45],"current_hp_per_floor":[80,80,80,80,80,80,69,71,71,71,71,71,71,77,77,33,85,85,85,85,63,58,77,80,80,80,80,64,55,90,90,90,40,90,66,66,77,57,61,61,44,44,44,44,44,56,40,26,68,0],"gold":86,"neow_bonus":"THREE_RARE_CARDS","is_prod":false,"is_daily":false,"chose_seed":false,"campfire_upgraded":8,"win_rate":0,"timestamp":1548445770,"path_taken":["M","?","?","M","M","R","?","M","T","R","M","?","R","M","R","BOSS","M","?","$","?","?","E","M","R","T","R","?","M","R","$","R","BOSS","M","?","M","?","M","R","?","R","T","?","$","?","M","M","R","BOSS"],"build_version":"2019-01-23","purchased_purges":4,"victory":false,"max_hp_per_floor":[80,80,80,80,80,80,80,80,80,80,80,80,80,80,80,85,85,85,85,85,85,85,85,85,85,85,85,90,90,90,90,90,90,90,90,90,90,90,90,90,90,90,90,90,90,90,90,90,90,90],"card_choices":[{"not_picked":["Offering","Exhume"],"picked":"Immolate","floor":0},{"not_picked":["Rampage","Searing Blow"],"picked":"Cleave","floor":1},{"not_picked":["Pommel Strike","Armaments"],"picked":"Fire Breathing","floor":4},{"not_picked":["Wild Strike","Clash"],"picked":"Flex","floor":5},{"not_picked":["Pommel Strike","Seeing Red"],"picked":"Cleave","floor":8},{"not_picked":["Shockwave","True Grit","Clothesline"],"picked":"SKIP","floor":11},{"not_picked":["Twin Strike","Searing Blow"],"picked":"Metallicize","floor":14},{"not_picked":["Berserk","Limit Break"],"picked":"Reaper","floor":16},{"not_picked":["Pommel Strike+1","Armaments"],"picked":"Inflame+1","floor":18},{"not_picked":["Havoc","Bludgeon"],"picked":"True Grit+1","floor":22},{"not_picked":["Clash","Headbutt+1"],"picked":"Brutality","floor":23},{"not_picked":["Dropkick","Burning Pact"],"picked":"Bloodletting+1","floor":24},{"not_picked":["Rage","Perfected Strike+1","Clothesline"],"picked":"SKIP","floor":29},{"not_picked":["Reaper","Barricade"],"picked":"Demon Form","floor":33},{"not_picked":["Wild Strike","Iron Wave+1","Corruption"],"picked":"SKIP","floor":35},{"not_picked":["Sword Boomerang+1","Body Slam","Cleave"],"picked":"SKIP","floor":37},{"not_picked":["Pommel Strike","Inflame+1"],"picked":"Combust","floor":39},{"not_picked":["Power Through","Clothesline"],"picked":"Exhume","floor":41},{"not_picked":["Iron Wave","Cleave+1","Reckless Charge+1"],"picked":"SKIP","floor":46},{"not_picked":["Iron Wave","Perfected Strike","Flex"],"picked":"SKIP","floor":47},{"not_picked":["Cleave","Havoc+1","Burning Pact"],"picked":"SKIP","floor":48}],"player_experience":83370,"relics_obtained":[{"floor":3,"key":"Matryoshka"},{"floor":9,"key":"Regal Pillow"},{"floor":9,"key":"Pen Nib"},{"floor":21,"key":"Unceasing Top"},{"floor":21,"key":"Meat on the Bone"},{"floor":23,"key":"Kunai"},{"floor":26,"key":"Smiling Mask"},{"floor":26,"key":"Old Coin"},{"floor":34,"key":"Dream Catcher"},{"floor":34,"key":"Mercury Hourglass"},{"floor":34,"key":"Gambling Chip"},{"floor":38,"key":"Nunchaku"},{"floor":41,"key":"Peace Pipe"},{"floor":43,"key":"Lantern"}],"event_choices":[{"damage_healed":0,"gold_gain":0,"player_choice":"Grow","damage_taken":0,"max_hp_gain":0,"max_hp_loss":0,"event_name":"Living Wall","floor":2,"gold_loss":0,"cards_upgraded":["Immolate"]},{"damage_healed":0,"gold_gain":75,"player_choice":"Gather Gold","damage_taken":11,"max_hp_gain":0,"max_hp_loss":0,"event_name":"World of Goop","floor":7,"gold_loss":0},{"damage_healed":0,"gold_gain":0,"player_choice":"Ignored","damage_taken":0,"max_hp_gain":0,"max_hp_loss":0,"event_name":"Ghosts","floor":19,"gold_loss":0},{"damage_healed":0,"gold_gain":0,"player_choice":"Fight","damage_taken":0,"max_hp_gain":0,"max_hp_loss":0,"event_name":"Colosseum","floor":21,"gold_loss":0},{"damage_healed":0,"gold_gain":0,"player_choice":"Fought Nobs","damage_taken":0,"max_hp_gain":0,"max_hp_loss":0,"event_name":"Colosseum","floor":21,"gold_loss":0},{"damage_healed":0,"gold_gain":0,"player_choice":"Shed Blood","damage_taken":21,"max_hp_gain":5,"max_hp_loss":0,"event_name":"Forgotten Altar","floor":28,"gold_loss":0},{"cards_removed":["Bloodletting"],"damage_healed":0,"gold_gain":0,"player_choice":"Removed Skill","damage_taken":0,"max_hp_gain":0,"max_hp_loss":0,"event_name":"Falling","floor":36,"gold_loss":0},{"damage_healed":0,"gold_gain":0,"player_choice":"Fight","damage_taken":0,"max_hp_gain":0,"max_hp_loss":0,"event_name":"MindBloom","floor":38,"gold_loss":0},{"damage_healed":0,"gold_gain":0,"player_choice":"Fight","damage_taken":0,"max_hp_gain":0,"max_hp_loss":0,"event_name":"Mysterious Sphere","floor":41,"gold_loss":0},{"cards_removed":["Doubt"],"damage_healed":0,"gold_gain":0,"player_choice":"Took Card","damage_taken":0,"max_hp_gain":0,"max_hp_loss":0,"event_name":"NoteForYourself","floor":44,"gold_loss":0,"cards_obtained":["Iron Wave"]}],"is_beta":false,"boss_relics":[{"not_picked":["Philosopher\u0027s Stone","Tiny House"],"picked":"Black Blood"},{"not_picked":["Cursed Key","Runic Dome"],"picked":"Calling Bell"}],"items_purged_floors":[12,20,31,45],"is_endless":false,"potions_floor_spawned":[1,4,11,18,21,23,24,33,35,38,41,48],"killed_by":"Time Eater","ascension_level":0}