{"gold_per_floor":[118,128,128,145,164,164,192,192,192,203,203,214,224,174,174,271,271,287,287,307,232,232,232,232],"floor_reached":24,"playtime":2803,"items_purged":["Strike_R"],"score":223,"play_id":"db9c4a95-4834-4ab6-8817-3bf5e41f1133","local_time":"20190127034001","is_ascension_mode":false,"campfire_choices":[{"data":"Searing Blow","floor":6,"key":"SMITH"},{"data":"Searing Blow+1","floor":8,"key":"SMITH"},{"data":"Searing Blow+2","floor":11,"key":"SMITH"},{"data":"Searing Blow+3","floor":15,"key":"SMITH"},{"data":"Searing Blow+4","floor":23,"key":"SMITH"}],"neow_cost":"NONE","seed_source_timestamp":31162372049900,"circlet_count":0,"master_deck":["Defend_R","Defend_R","Defend_R","Defend_R","Bash","Shrug It Off","Searing Blow+5","Cleave","Anger","Body Slam","Shrug It Off","Brutality","Impervious","Armaments","Bite","Bite","Bite","Bite","Bite"],"relics":["Burning Blood","Paper Frog","Calipers","Bird Faced Urn","Lizard Tail"],"potions_floor_usage":[5,13,16,20,24,24],"damage_taken":[{"damage":1,"enemies":"2 Louse","floor":1,"turns":4},{"damage":5,"enemies":"Small Slimes","floor":2,"turns":3},{"damage":1,"enemies":"Jaw Worm","floor":4,"turns":5},{"damage":5,"enemies":"Lots of Slimes","floor":5,"turns":3},{"damage":23,"enemies":"3 Sentries","floor":7,"turns":10},{"damage":5,"enemies":"3 Louse","floor":10,"turns":2},{"damage":4,"enemies":"Blue Slaver","floor":12,"turns":3},{"damage":3,"enemies":"Large Slime","floor":13,"turns":4},{"damage":50,"enemies":"Hexaghost","floor":16,"turns":10},{"damage":24,"enemies":"Shell Parasite","floor":18,"turns":6},{"damage":7,"enemies":"Spheric Guardian","floor":20,"turns":4},{"damage":125,"enemies":"Gremlin Leader","floor":24,"turns":12}],"seed_played":"-5554603870927356194","potions_obtained":[{"floor":2,"key":"Swift Potion"},{"floor":10,"key":"Explosive Potion"},{"floor":12,"key":"Poison Potion"},{"floor":16,"key":"Ancient Potion"},{"floor":18,"key":"LiquidBronze"},{"floor":20,"key":"SpeedPotion"}],"is_trial":false,"path_per_floor":["M","M","?","M","M","R","E","R","T","M","R","M","M","?","R","B",null,"M","?","M","$","?","R","E"],"character_chosen":"IRONCLAD","items_purchased":[],"campfire_rested":0,"item_purchase_floors":[],"current_hp_per_floor":[88,88,70,75,76,76,59,59,59,60,60,62,67,67,67,25,88,70,53,54,54,54,54,0],"gold":232,"neow_bonus":"TEN_PERCENT_HP_BONUS","is_prod":false,"is_daily":false,"chose_seed":false,"campfire_upgraded":5,"win_rate":0,"timestamp":1548578401,"path_taken":["M","M","?","M","M","R","E","R","T","M","R","M","M","?","R","BOSS","M","?","M","$","?","R","E"],"build_version":"2019-01-23","purchased_purges":1,"victory":false,"max_hp_per_floor":[88,88,88,88,88,88,88,88,88,88,88,88,88,88,88,88,88,88,93,93,93,65,65,65],"card_choices":[{"not_picked":["Second Wind","Headbutt"],"picked":"Shrug It Off","floor":1},{"not_picked":["Bloodletting","Warcry"],"picked":"Searing Blow","floor":2},{"not_picked":["Metallicize","Shrug It Off"],"picked":"Cleave","floor":4},{"not_picked":["Perfected Strike","Reckless Charge"],"picked":"Anger","floor":5},{"not_picked":["Headbutt","Warcry"],"picked":"Body Slam","floor":7},{"not_picked":["Havoc","Anger"],"picked":"Shrug It Off","floor":10},{"not_picked":["Twin Strike","Uppercut"],"picked":"Brutality","floor":12},{"not_picked":["Perfected Strike","Sword Boomerang","True Grit"],"picked":"SKIP","floor":13},{"not_picked":["Exhume","Offering"],"picked":"Impervious","floor":16},{"not_picked":["Dual Wield","Sword Boomerang+1","Wild Strike+1"],"picked":"SKIP","floor":18},{"not_picked":["Infernal Blade","Hemokinesis"],"picked":"Armaments","floor":20}],"player_experience":93945,"relics_obtained":[{"floor":7,"key":"Calipers"},{"floor":9,"key":"Bird Faced Urn"}],"event_choices":[{"damage_healed":0,"gold_gain":0,"player_choice":"Success","damage_taken":18,"relics_obtained":["Paper Frog"],"max_hp_gain":0,"max_hp_loss":0,"event_name":"Scrap Ooze","floor":3,"gold_loss":0},{"cards_removed":["Strike_R"],"damage_healed":0,"gold_gain":0,"player_choice":"Card Removal","damage_taken":0,"max_hp_gain":0,"max_hp_loss":0,"event_name":"The Cleric","floor":14,"gold_loss":50},{"damage_healed":0,"gold_gain":0,"player_choice":"Shed Blood","damage_taken":22,"max_hp_gain":5,"max_hp_loss":0,"event_name":"Forgotten Altar","floor":19,"gold_loss":0},{"damage_healed":0,"gold_gain":0,"player_choice":"Became a vampire","damage_taken":0,"max_hp_gain":0,"max_hp_loss":28,"event_name":"Vampires","floor":22,"gold_loss":0,"cards_obtained":["Bite","Bite","Bite","Bite","Bite"]}],"is_beta":false,"boss_relics":[{"not_picked":["Philosopher\u0027s Stone","Runic Dome"],"picked":"Lizard Tail"}],"items_purged_floors":[21],"is_endless":false,"potions_floor_spawned":[2,10,12,16,18,20],"killed_by":"Gremlin Leader","ascension_level":0}