{"gold_per_floor":[115,24,37,37,90,116,116,151,151,163,193,230,242,272,284,387,399,429,464,476,513,122,122,161,161,161,229,314,314,348,371,371,371],"floor_reached":33,"playtime":3681,"items_purged":["Strike_G"],"score":644,"play_id":"e3f403c9-063f-41b4-8591-1ea452853124","local_time":"20181211224445","is_ascension_mode":true,"campfire_choices":[{"data":"Glass Knife","floor":7.0,"key":"SMITH"},{"data":"Leg Sweep","floor":13.0,"key":"SMITH"},{"floor":15.0,"key":"REST"},{"data":"HandOfGreed","floor":23.0,"key":"SMITH"},{"floor":25.0,"key":"REST"},{"floor":32,"key":"REST"}],"neow_cost":"NONE","seed_source_timestamp":351154966868438,"circlet_count":0,"master_deck":["AscendersBane","Defend_G","Defend_G","Defend_G","Defend_G","Defend_G","Strike_G","Strike_G","Strike_G","Survivor","Neutralize","Leg Sweep+1","Predator","Glass Knife+1","Deadly Poison","Bouncing Flask","Poisoned Stab","Deflect","Bullet Time","Terror","Cloak And Dagger","Endless Agony","Bouncing Flask","Footwork","Crippling Poison","HandOfGreed+1","Acrobatics"],"special_seed":0,"relics":["Ring of the Snake","NeowsBlessing","Torii","Smiling Mask","Matryoshka","MawBank","Darkstone Periapt","Golden Idol","Snecko Eye","PreservedInsect","Ninja Scroll","Art of War","Bottled Flame","Singing Bowl"],"potions_floor_usage":[27,33],"damage_taken":[{"damage":0.0,"enemies":"2 Louse","floor":1.0,"turns":1.0},{"damage":0.0,"enemies":"Cultist","floor":3.0,"turns":1.0},{"damage":0.0,"enemies":"Gremlin Nob","floor":6.0,"turns":1.0},{"damage":2.0,"enemies":"Lagavulin","floor":8.0,"turns":5.0},{"damage":1.0,"enemies":"Jaw Worm","floor":11.0,"turns":3.0},{"damage":8.0,"enemies":"3 Louse","floor":12.0,"turns":3.0},{"damage":6.0,"enemies":"Blue Slaver","floor":14.0,"turns":4.0},{"damage":35.0,"enemies":"Slime Boss","floor":16.0,"turns":13.0},{"damage":1.0,"enemies":"2 Thieves","floor":18.0,"turns":4.0},{"damage":1.0,"enemies":"3 Byrds","floor":19.0,"turns":5.0},{"damage":10.0,"enemies":"Centurion and Healer","floor":21.0,"turns":2.0},{"damage":0.0,"enemies":"Snake Plant","floor":24.0,"turns":3.0},{"damage":0,"enemies":"3 Cultists","floor":27,"turns":5},{"damage":9,"enemies":"Slavers","floor":28,"turns":7},{"damage":22,"enemies":"Book of Stabbing","floor":30,"turns":5},{"damage":12,"enemies":"Cultist and Chosen","floor":31,"turns":6},{"damage":51,"enemies":"Collector","floor":33,"turns":9}],"seed_played":"3407593297356475488","potions_obtained":[{"floor":6.0,"key":"FearPotion"},{"floor":11.0,"key":"FearPotion"},{"floor":14.0,"key":"SkillPotion"},{"floor":16.0,"key":"AttackPotion"},{"floor":19.0,"key":"GamblersBrew"},{"floor":27,"key":"GhostInAJar"}],"is_trial":false,"path_per_floor":["M","?","M","?","T","E","R","E","T","?","M","M","R","M","R","B",null,"M","M","?","M","$","R","M","R","T","M","E","T","E","M","R","B"],"character_chosen":"THE_SILENT","items_purchased":["Footwork","Crippling Poison","HandOfGreed"],"campfire_rested":3,"item_purchase_floors":[22,22,22],"current_hp_per_floor":[59,59,59,59,59,59,59,57,57,34,33,25,25,19,38,3,50,49,48,48,38,38,38,38,57,57,57,48,48,28,18,39,0],"gold":371,"neow_bonus":"THREE_ENEMY_KILL","is_prod":false,"is_daily":false,"chose_seed":false,"campfire_upgraded":3,"win_rate":0,"timestamp":1544586285,"path_taken":["M","?","?","?","?","E","R","E","T","?","?","M","R","M","R","BOSS","M","M","?","?","$","R","M","R","T","M","E","?","E","M","R","BOSS"],"build_version":"2018-12-10","purchased_purges":1,"victory":false,"max_hp_per_floor":[66,66,66,66,66,66,66,66,66,66,66,66,66,66,66,66,66,66,66,66,66,66,66,66,66,66,66,66,66,68,70,70,70],"card_choices":[{"not_picked":["Bane","Outmaneuver"],"picked":"Leg Sweep","floor":1.0},{"not_picked":["Slice","Eviscerate"],"picked":"Predator","floor":3.0},{"not_picked":["Underhanded Strike","Prepared"],"picked":"Glass Knife","floor":6.0},{"not_picked":["Slice","PiercingWail"],"picked":"Deadly Poison","floor":8.0},{"not_picked":["Prepared","Backflip"],"picked":"Bouncing Flask","floor":11.0},{"not_picked":["Backflip","Dagger Spray"],"picked":"Poisoned Stab","floor":12.0},{"not_picked":["Tactician","Setup"],"picked":"Deflect","floor":14.0},{"not_picked":["Venomology","Tools of the Trade"],"picked":"Bullet Time","floor":16.0},{"not_picked":["Sucker Punch","Tactician"],"picked":"Terror","floor":18.0},{"not_picked":["Backstab","Escape Plan"],"picked":"Cloak And Dagger","floor":19.0},{"not_picked":["Sucker Punch","Flying Knee"],"picked":"Bouncing Flask","floor":21.0},{"not_picked":["Flying Knee","Outmaneuver"],"picked":"Acrobatics","floor":24.0},{"not_picked":["Sucker Punch+1","Cloak And Dagger","Quick Slash"],"picked":"SKIP","floor":27},{"not_picked":["PiercingWail","Escape Plan","Slice"],"picked":"SKIP","floor":28},{"not_picked":["Poisoned Stab","Slice","Outmaneuver"],"picked":"Singing Bowl","floor":30},{"not_picked":["Outmaneuver+1","Flechettes","Expertise"],"picked":"Singing Bowl","floor":31}],"player_experience":1210607,"relics_obtained":[{"floor":6.0,"key":"Smiling Mask"},{"floor":8.0,"key":"Matryoshka"},{"floor":9.0,"key":"MawBank"},{"floor":9.0,"key":"Darkstone Periapt"},{"floor":26.0,"key":"PreservedInsect"},{"floor":26.0,"key":"Ninja Scroll"},{"floor":28,"key":"Art of War"},{"floor":29,"key":"Bottled Flame"},{"floor":30,"key":"Singing Bowl"}],"event_choices":[{"damage_healed":0.0,"max_hp_gain":0.0,"max_hp_loss":0.0,"gold_gain":0.0,"event_name":"WeMeetAgain","player_choice":"Paid Gold","floor":2.0,"gold_loss":91.0,"damage_taken":0.0,"relics_obtained":["Torii"]},{"damage_healed":0.0,"max_hp_gain":0.0,"max_hp_loss":0.0,"gold_gain":0.0,"event_name":"The Cleric","player_choice":"Leave","floor":4.0,"gold_loss":0.0,"damage_taken":0.0},{"damage_healed":0.0,"max_hp_gain":0.0,"max_hp_loss":0.0,"gold_gain":0.0,"event_name":"Golden Idol","player_choice":"Take Damage","floor":10.0,"gold_loss":0.0,"damage_taken":23.0,"relics_obtained":["Golden Idol"]},{"damage_healed":0.0,"max_hp_gain":0.0,"max_hp_loss":0.0,"gold_gain":0.0,"cards_transformed":["Strike_G"],"event_name":"Transmorgrifier","player_choice":"Transformed","floor":20.0,"gold_loss":0.0,"damage_taken":0.0,"cards_obtained":["Endless Agony"]}],"is_beta":true,"boss_relics":[{"not_picked":["Runic Pyramid","Coffee Dripper"],"picked":"Snecko Eye"}],"items_purged_floors":[22],"is_endless":false,"potions_floor_spawned":[6,11,14,16,18,19,27],"killed_by":"Collector","ascension_level":20}