{"gold_per_floor":[110,122,133,150,115,115,92,147,147,147,175,192,192,207,207,303,303,313,238,90,104,203,203,203],"floor_reached":24,"playtime":651,"items_purged":[],"score":299,"play_id":"b9332805-bf44-4c65-be5b-eed15d24b851","local_time":"20181007142300","is_ascension_mode":true,"campfire_choices":[{"data":"Fusion","floor":6.0,"key":"SMITH"},{"data":"Zap","floor":10.0,"key":"SMITH"},{"floor":13.0,"key":"REST"},{"floor":15.0,"key":"REST"},{"floor":23.0,"key":"REST"}],"neow_cost":"","seed_source_timestamp":0,"circlet_count":0,"master_deck":["Strike_B","Strike_B","Strike_B","Strike_B","Defend_B","Defend_B","Defend_B","Zap+1","Dualcast","Genetic Algorithm","Ball Lightning","Sweeping Beam","Fusion+1","Coolheaded","Rebound","Leap","Reinforced Body","FTL","Reboot","Hologram","Rebound+1"],"special_seed":0,"relics":["Cracked Core","Tiny Chest","Smiling Mask","Shuriken","Runic Dome","Vajra"],"potions_floor_usage":[],"damage_taken":[{"damage":1.0,"enemies":"Cultist","floor":1.0,"turns":3.0},{"damage":3.0,"enemies":"Jaw Worm","floor":2.0,"turns":5.0},{"damage":10.0,"enemies":"2 Louse","floor":3.0,"turns":2.0},{"damage":6.0,"enemies":"Looter","floor":4.0,"turns":4.0},{"damage":30.0,"enemies":"Gremlin Nob","floor":8.0,"turns":4.0},{"damage":19.0,"enemies":"Lagavulin","floor":11.0,"turns":6.0},{"damage":9.0,"enemies":"Exordium Thugs","floor":12.0,"turns":4.0},{"damage":2.0,"enemies":"Blue Slaver","floor":14.0,"turns":4.0},{"damage":47.0,"enemies":"Hexaghost","floor":16.0,"turns":12.0},{"damage":23.0,"enemies":"3 Byrds","floor":18.0,"turns":5.0},{"damage":13.0,"enemies":"2 Thieves","floor":21.0,"turns":4.0},{"damage":0,"enemies":"Book of Stabbing","floor":24,"turns":1}],"seed_played":"-5982004782146861633","potions_obtained":[{"floor":1.0,"key":"Energy Potion"},{"floor":3.0,"key":"Swift Potion"},{"floor":11.0,"key":"SmokeBomb"},{"floor":14.0,"key":"Swift Potion"},{"floor":18.0,"key":"SmokeBomb"}],"is_trial":false,"path_per_floor":["M","M","M","M","?","R","$","E","T","R","E","M","R","M","R","B",null,"M","?","$","M","?","R"],"character_chosen":"DEFECT","items_purchased":["Coolheaded","Vajra"],"campfire_rested":3,"item_purchase_floors":[7,20],"current_hp_per_floor":[67,64,54,48,66,66,66,36,36,36,17,8,30,28,50,3,57,34,34,34,21,21,43,43],"gold":203,"neow_bonus":"","is_prod":false,"is_daily":false,"chose_seed":false,"campfire_upgraded":2,"win_rate":0,"timestamp":1538914980,"path_taken":["M","M","?","M","?","R","$","E","T","R","E","M","R","M","R","BOSS","M","?","$","?","?","R","E"],"build_version":"2018-10-04v2","purchased_purges":0,"victory":false,"max_hp_per_floor":[75,75,75,75,75,75,75,75,75,75,75,75,75,75,75,75,75,75,75,75,75,75,75,75],"card_choices":[{"not_picked":["Cold Snap","Streamline"],"picked":"Genetic Algorithm","floor":1.0},{"not_picked":["Streamline","Gash"],"picked":"Ball Lightning","floor":2.0},{"not_picked":["Darkness","Storm"],"picked":"Sweeping Beam","floor":3.0},{"not_picked":["Doom and Gloom","Consume"],"picked":"Fusion","floor":4.0},{"not_picked":["Hologram","Redo"],"picked":"Rebound","floor":8.0},{"not_picked":["Conserve Battery","Reboot"],"picked":"Leap","floor":11.0},{"not_picked":["Leap","Hologram"],"picked":"Reinforced Body","floor":12.0},{"not_picked":["Turbo","Leap"],"picked":"FTL","floor":14.0},{"not_picked":["Seek","Amplify"],"picked":"Reboot","floor":16.0},{"not_picked":["Redo","Go for the Eyes"],"picked":"Hologram","floor":18.0},{"not_picked":["Barrage","Recycle"],"picked":"Rebound+1","floor":21.0}],"player_experience":1057057,"relics_obtained":[{"floor":8.0,"key":"Tiny Chest"},{"floor":9.0,"key":"Smiling Mask"},{"floor":11.0,"key":"Shuriken"}],"event_choices":[{"event_name":"The Cleric","player_choice":"Healed","floor":5.0,"damage_taken":0.0},{"event_name":"Beggar","player_choice":"Gave Gold","floor":19.0,"damage_taken":0.0},{"event_name":"Nest","player_choice":"Stole From Cult","floor":22.0,"damage_taken":0.0}],"is_beta":false,"boss_relics":[{"not_picked":["Cursed Key","Fusion Hammer"],"picked":"Runic Dome"}],"items_purged_floors":[],"is_endless":false,"potions_floor_spawned":[1,3,11,14,18],"killed_by":"Book of Stabbing","ascension_level":9}