{"gold_per_floor":[119,30,30,105,23,23,57,57,84,7,18,18,29,48,48,126,126,141,158,158,50,50,50],"floor_reached":23,"playtime":541,"items_purged":[],"score":424,"play_id":"eeb27418-4eae-461f-b8fa-6621847fbdd3","local_time":"20190212220249","is_ascension_mode":true,"campfire_choices":[{"data":"Dagger Spray","floor":6,"key":"SMITH"},{"data":"Noxious Fumes","floor":8,"key":"SMITH"},{"data":"Well Laid Plans","floor":12,"key":"SMITH"},{"data":"Terror","floor":15,"key":"SMITH"}],"neow_cost":"NONE","seed_source_timestamp":14937283586559,"circlet_count":0,"master_deck":["AscendersBane","Defend_G+1","Defend_G+1","Defend_G+1","Defend_G+1","Defend_G+1","Strike_G+1","Strike_G+1","Strike_G+1","Strike_G+1","Strike_G+1","Survivor","Neutralize+1","Escape Plan","Well Laid Plans+1","Dagger Spray+1","Noxious Fumes+1","Poisoned Stab","Dagger Throw","Backflip","Escape Plan","Terror+1","Corpse Explosion","Caltrops","Dagger Spray+1","Blur","Poisoned Stab","Writhe"],"relics":["Ring of the Snake","NeowsBlessing","Anchor","WristBlade","Blue Candle"],"potions_floor_usage":[16,23],"damage_taken":[{"damage":0,"enemies":"Jaw Worm","floor":1,"turns":1},{"damage":0,"enemies":"Lagavulin","floor":7,"turns":1},{"damage":0,"enemies":"2 Louse","floor":11,"turns":1},{"damage":0,"enemies":"Small Slimes","floor":13,"turns":3},{"damage":0,"enemies":"Looter","floor":14,"turns":3},{"damage":31,"enemies":"Hexaghost","floor":16,"turns":9},{"damage":4,"enemies":"Chosen","floor":18,"turns":5},{"damage":14,"enemies":"Spheric Guardian","floor":19,"turns":5},{"damage":41,"enemies":"Book of Stabbing","floor":23,"turns":5}],"seed_played":"-8561328240642542894","potions_obtained":[{"floor":7,"key":"AttackPotion"},{"floor":13,"key":"SpeedPotion"}],"is_trial":false,"path_per_floor":["M","$","?","?","$","R","E","R","T","$","M","R","M","M","R","B",null,"M","M","?","$","?","E"],"character_chosen":"THE_SILENT","items_purchased":["Well Laid Plans","Dagger Spray","SteroidPotion","Poisoned Stab","Dagger Throw","Blur","Poisoned Stab"],"campfire_rested":0,"item_purchase_floors":[2,5,5,10,10,21,21],"current_hp_per_floor":[59,59,59,48,48,48,48,48,48,48,48,48,48,48,48,17,54,50,36,36,36,36,0],"gold":50,"neow_bonus":"THREE_ENEMY_KILL","is_prod":false,"is_daily":false,"chose_seed":false,"campfire_upgraded":4,"win_rate":0,"timestamp":1550026969,"path_taken":["M","$","?","?","$","R","E","R","T","$","M","R","M","?","R","BOSS","M","M","?","$","?","E"],"build_version":"2019-01-23","purchased_purges":0,"victory":false,"max_hp_per_floor":[66,66,66,66,66,66,66,66,66,66,66,66,66,66,66,66,66,66,66,66,66,66,66],"card_choices":[{"not_picked":["PiercingWail","Bane"],"picked":"Escape Plan","floor":1},{"not_picked":["Tactician","Cloak And Dagger"],"picked":"Noxious Fumes","floor":7},{"not_picked":["Acrobatics","Setup"],"picked":"Backflip","floor":11},{"not_picked":["Choke","Deflect"],"picked":"Escape Plan","floor":13},{"not_picked":["Outmaneuver","Underhanded Strike"],"picked":"Terror","floor":14},{"not_picked":["Phantasmal Killer","Glass Knife"],"picked":"Corpse Explosion","floor":16},{"not_picked":["Catalyst","Outmaneuver"],"picked":"Caltrops","floor":18},{"not_picked":["Bane","Infinite Blades"],"picked":"Dagger Spray+1","floor":19}],"player_experience":1190709,"relics_obtained":[{"floor":7,"key":"Anchor"}],"event_choices":[{"damage_healed":0,"gold_gain":0,"player_choice":"Grow","damage_taken":0,"max_hp_gain":0,"max_hp_loss":0,"event_name":"Living Wall","floor":3,"gold_loss":0,"cards_upgraded":["Neutralize"]},{"damage_healed":0,"gold_gain":75,"player_choice":"Gather Gold","damage_taken":11,"max_hp_gain":0,"max_hp_loss":0,"event_name":"World of Goop","floor":4,"gold_loss":0},{"damage_healed":0,"gold_gain":0,"player_choice":"Simplicity","damage_taken":0,"max_hp_gain":0,"max_hp_loss":0,"event_name":"Back to Basics","floor":20,"gold_loss":0,"cards_upgraded":["Defend_G","Defend_G","Defend_G","Defend_G","Defend_G","Strike_G","Strike_G","Strike_G","Strike_G","Strike_G"]},{"damage_healed":0,"gold_gain":0,"player_choice":"Opened","damage_taken":0,"relics_obtained":["Blue Candle"],"max_hp_gain":0,"max_hp_loss":0,"event_name":"The Mausoleum","floor":22,"gold_loss":0,"cards_obtained":["Writhe"]}],"is_beta":false,"boss_relics":[{"not_picked":["White Beast Statue","Calling Bell"],"picked":"WristBlade"}],"items_purged_floors":[],"is_endless":false,"potions_floor_spawned":[7,13],"killed_by":"Book of Stabbing","ascension_level":20}