{"gold_per_floor":[111,111,124,94,60,60,89,89,89,104,138,65,88,102,102,200,200,215,215,234,159,176,176,211,88,88,88,108,108,108,128,128,230,230,242,290,290,302,87,87,100,130,153,153,168,188,64,64],"floor_reached":48,"playtime":2422,"items_purged":["Decay","Decay","Writhe"],"score":758,"play_id":"44160a3e-8bce-450d-bb51-2d29ff85e384","local_time":"20180921112632","is_ascension_mode":true,"campfire_choices":[{"data":"Flying Knee","floor":6,"key":"SMITH"},{"data":"Footwork","floor":8,"key":"SMITH"},{"floor":15,"key":"REST"},{"floor":23,"key":"REST"},{"floor":29,"key":"REST"},{"floor":32,"key":"REST"},{"floor":40,"key":"REST"},{"floor":44,"key":"REST"}],"neow_cost":"","seed_source_timestamp":61413014555041,"circlet_count":0,"master_deck":["Defend_G","Defend_G","Defend_G","Defend_G","Defend_G","Strike_G","Strike_G","Strike_G","Strike_G","Strike_G","Survivor","Neutralize","Distraction+1","Flying Knee+1","Well Laid Plans","Footwork+1","Caltrops","Poisoned Stab","Bouncing Flask","Dash","Envenom","Leg Sweep","Prepared","Crippling Poison","PiercingWail","Deadly Poison","Noxious Fumes","Ghostly","Ghostly","Ghostly","Ghostly","Ghostly","Backflip+1","Adrenaline","Flying Knee","Flying Knee+1","Adrenaline","Bouncing Flask","Bane","Sadistic Nature","Poisoned Stab","Dodge and Roll","Poisoned Stab","Distraction"],"relics":["Ring of the Snake","Pen Nib","Pocketwatch","Lantern","Art of War","Calling Bell","Oddly Smooth Stone","Sundial","Mango","Omamori","Mercury Hourglass","Necronomicon","Sozu","Turnip","Vajra","Smiling Mask"],"potions_floor_usage":[7,7,11,20,24,24,28,36],"damage_taken":[{"damage":3,"enemies":"Jaw Worm","floor":1,"turns":5},{"damage":1,"enemies":"Small Slimes","floor":3,"turns":5},{"damage":11,"enemies":"Lagavulin","floor":7,"turns":7},{"damage":0,"enemies":"2 Louse","floor":10,"turns":3},{"damage":7,"enemies":"3 Sentries","floor":11,"turns":7},{"damage":8,"enemies":"Red Slaver","floor":14,"turns":3},{"damage":32,"enemies":"Hexaghost","floor":16,"turns":11},{"damage":20,"enemies":"Spheric Guardian","floor":18,"turns":6},{"damage":9,"enemies":"3 Byrds","floor":20,"turns":5},{"damage":23,"enemies":"Snake Plant","floor":22,"turns":5},{"damage":28,"enemies":"Book of Stabbing","floor":24,"turns":6},{"damage":4,"enemies":"3 Cultists","floor":28,"turns":6},{"damage":1,"enemies":"Centurion and Healer","floor":31,"turns":8},{"damage":12,"enemies":"Collector","floor":33,"turns":10},{"damage":2,"enemies":"3 Darklings","floor":35,"turns":6},{"damage":21,"enemies":"Mysterious Sphere","floor":36,"turns":7},{"damage":2,"enemies":"Orb Walker","floor":38,"turns":4},{"damage":13,"enemies":"4 Shapes","floor":41,"turns":5},{"damage":1,"enemies":"Nemesis","floor":42,"turns":7},{"damage":0,"enemies":"Sphere and 2 Shapes","floor":45,"turns":6},{"damage":8,"enemies":"Transient","floor":46,"turns":5},{"damage":0,"enemies":"4 Shapes","floor":48,"turns":2}],"seed_played":"9054076089333768390","potions_obtained":[{"floor":1,"key":"Weak Potion"},{"floor":4,"key":"AttackPotion"},{"floor":4,"key":"Weak Potion"},{"floor":16,"key":"EssenceOfSteel"},{"floor":18,"key":"Ancient Potion"},{"floor":19,"key":"Fruit Juice"},{"floor":19,"key":"Strength Potion"},{"floor":20,"key":"SpeedPotion"},{"floor":33,"key":"Fire Potion"}],"is_trial":false,"path_per_floor":["M","?","M","?","$","R","E","R","T","M","E","$","T","M","R","B",null,"M","?","M","$","M","R","E","$","T","?","M","R","?","M","R","B",null,"M","?","?","M","$","R","M","E","T","R","M","M","$"],"character_chosen":"THE_SILENT","items_purchased":["Well Laid Plans","Bouncing Flask","Deadly Poison","Bane","Sadistic Nature","Distraction"],"campfire_rested":6,"item_purchase_floors":[5,12,25,39,39,47],"current_hp_per_floor":[60,60,59,59,59,59,48,48,48,48,41,41,41,33,54,22,72,52,52,48,48,25,51,23,23,23,7,3,29,29,28,41,29,40,38,17,17,15,15,28,15,14,14,27,27,19,19,19],"gold":64,"neow_bonus":"","is_prod":false,"is_daily":false,"chose_seed":false,"campfire_upgraded":2,"win_rate":0,"timestamp":1537521992,"path_taken":["M","?","M","?","$","R","E","R","T","M","E","$","?","?","R","BOSS","M","?","M","$","?","R","E","$","T","?","M","R","?","M","R","BOSS","M","?","?","?","?","R","?","E","T","R","?","M","$","M"],"build_version":"2018-09-20","purchased_purges":3,"victory":false,"max_hp_per_floor":[70,70,70,70,70,70,70,70,70,70,70,70,70,70,70,70,84,84,84,89,89,89,89,89,89,89,89,89,89,44,44,44,44,44,44,44,44,44,44,44,44,44,44,44,44,44,44,44],"card_choices":[{"not_picked":["Finisher","Sucker Punch"],"picked":"Distraction","floor":1},{"not_picked":["Flechettes","Dodge and Roll"],"picked":"Flying Knee","floor":3},{"not_picked":["Infinite Blades","Quick Slash"],"picked":"Footwork","floor":7},{"not_picked":["Concentrate","Deflect"],"picked":"Caltrops","floor":10},{"not_picked":["Cloak And Dagger","Eviscerate"],"picked":"Poisoned Stab","floor":11},{"not_picked":["Prepared","Cloak And Dagger"],"picked":"Dash","floor":14},{"not_picked":["After Image","Glass Knife"],"picked":"Envenom","floor":16},{"not_picked":["Blade Dance","Concentrate"],"picked":"Leg Sweep","floor":18},{"not_picked":["Sucker Punch","Quick Slash+1"],"picked":"Prepared","floor":20},{"not_picked":["Endless Agony","Prepared"],"picked":"Crippling Poison","floor":22},{"not_picked":["Masterful Stab","Dodge and Roll"],"picked":"PiercingWail","floor":24},{"not_picked":["Masterful Stab+1","Quick Slash"],"picked":"Noxious Fumes","floor":28},{"not_picked":["Dodge and Roll","Sucker Punch"],"picked":"Backflip+1","floor":31},{"not_picked":["Venomology","Storm of Steel"],"picked":"Adrenaline","floor":33},{"not_picked":["Calculated Gamble","Backstab"],"picked":"Flying Knee","floor":35},{"not_picked":["Setup+1","Well Laid Plans+1"],"picked":"Flying Knee+1","floor":36},{"not_picked":["Slice","Dagger Throw"],"picked":"Bouncing Flask","floor":38},{"not_picked":["Sucker Punch","Underhanded Strike"],"picked":"Poisoned Stab","floor":41},{"not_picked":["Expertise+1","Choke"],"picked":"Dodge and Roll","floor":42},{"not_picked":["Caltrops+1","Distraction"],"picked":"Poisoned Stab","floor":45},{"not_picked":["Concentrate","Choke","Heel Hook"],"picked":"SKIP","floor":46}],"player_experience":999473,"relics_obtained":[{"floor":7,"key":"Pen Nib"},{"floor":9,"key":"Pocketwatch"},{"floor":11,"key":"Lantern"},{"floor":13,"key":"Art of War"},{"floor":17,"key":"Oddly Smooth Stone"},{"floor":17,"key":"Sundial"},{"floor":17,"key":"Mango"},{"floor":24,"key":"Omamori"},{"floor":26,"key":"Mercury Hourglass"},{"floor":27,"key":"Necronomicon"},{"floor":36,"key":"Turnip"},{"floor":42,"key":"Vajra"},{"floor":43,"key":"Smiling Mask"}],"event_choices":[{"event_name":"Living Wall","player_choice":"Grow","floor":2,"damage_taken":0},{"event_name":"The Woman in Blue","player_choice":"Bought 2 Potions","floor":4,"damage_taken":0},{"event_name":"The Lab","player_choice":"Got Potions","floor":19,"damage_taken":0},{"event_name":"Cursed Tome","player_choice":"Obtained Book","floor":27,"damage_taken":0},{"event_name":"Ghosts","player_choice":"Became a Ghost","floor":30,"damage_taken":0},{"event_name":"Mysterious Sphere","player_choice":"Fight","floor":36,"damage_taken":0},{"event_name":"Duplicator","player_choice":"One dupe","floor":37,"damage_taken":0}],"is_beta":false,"boss_relics":[{"not_picked":["Empty Cage","Fusion Hammer"],"picked":"Calling Bell"},{"not_picked":["Astrolabe","Velvet Choker"],"picked":"Sozu"}],"items_purged_floors":[21,25,47],"is_endless":false,"potions_floor_spawned":[1,16,18,20,33,35,38,42],"killed_by":"4 Shapes","ascension_level":9}