{"path_per_floor":["M","M","?","M","$","E","M"],"character_chosen":"DEFECT","items_purchased":["Static Discharge"],"gold_per_floor":[113,124,124,137,100,130,140,140],"floor_reached":8,"campfire_rested":0,"playtime":544,"item_purchase_floors":[5],"current_hp_per_floor":[61,61,66,66,66,21,11,0],"items_purged":[],"gold":140,"score":64,"play_id":"2305928b-8c5f-48d4-9044-eff57ab7658e","local_time":"20180608173843","is_prod":false,"is_daily":false,"chose_seed":false,"is_ascension_mode":true,"campfire_upgraded":0,"win_rate":0,"timestamp":1528472323,"campfire_choices":[],"path_taken":["M","M","?","M","$","E","M","E"],"build_version":"2018-06-07","seed_source_timestamp":480440030379519,"purchased_purges":0,"victory":false,"master_deck":["Strike_B","Strike_B","Strike_B","Strike_B","Defend_B","Defend_B","Defend_B","Defend_B","Zap","Dualcast","Gash","Go for the Eyes","Loop","Heatsinks","Amplify","Genetic Algorithm","Static Discharge","Ball Lightning","Darkness","Gash"],"max_hp_per_floor":[68,68,73,73,73,73,73,73],"relics":["Cracked Core","Prayer Wheel","Smiling Mask"],"card_choices":[{"not_picked":["Rebound","Hologram"],"picked":"Gash","floor":1},{"not_picked":["Steam","Double Energy"],"picked":"Go for the Eyes","floor":1},{"not_picked":["Cold Snap","Rebound"],"picked":"Loop","floor":2},{"not_picked":["Ball Lightning","Hologram"],"picked":"Heatsinks","floor":2},{"not_picked":["Conserve Battery","Skim"],"picked":"Amplify","floor":4},{"not_picked":["Turbo","Redo"],"picked":"Genetic Algorithm","floor":4},{"not_picked":["Go for the Eyes","Hologram"],"picked":"Ball Lightning","floor":6},{"not_picked":["Beam Cell","Turbo"],"picked":"Darkness","floor":7},{"not_picked":["Streamline","Redo"],"picked":"Gash","floor":7}],"player_experience":609236,"potions_floor_usage":[],"damage_taken":[{"damage":7,"enemies":"Jaw Worm","floor":1,"turns":3},{"damage":0,"enemies":"2 Louse","floor":2,"turns":3},{"damage":0,"enemies":"Small Slimes","floor":4,"turns":3},{"damage":45,"enemies":"Gremlin Nob","floor":6,"turns":5},{"damage":10,"enemies":"2 Fungi Beasts","floor":7,"turns":3},{"damage":18,"enemies":"Lagavulin","floor":8,"turns":2}],"relics_obtained":[{"floor":6,"key":"Smiling Mask"}],"event_choices":[{"event_name":"Big Fish","player_choice":"Donut","floor":3,"damage_taken":0}],"boss_relics":[],"items_purged_floors":[],"potions_floor_spawned":[2],"seed_played":"1489715833717929851","killed_by":"Lagavulin","ascension_level":2,"potions_obtained":[{"floor":2,"key":"Energy Potion"}],"is_trial":false}