{"gold_per_floor":[118,118,137,151,171,202,202,202],"floor_reached":8,"playtime":1845,"items_purged":[],"score":75,"play_id":"6fa3e9fa-aea5-46bf-ba66-ff2d58df1987","local_time":"20190110232240","is_ascension_mode":true,"campfire_choices":[{"data":"Neutralize","floor":7,"key":"SMITH"}],"neow_cost":"CURSE","seed_source_timestamp":67777401009197,"circlet_count":0,"master_deck":["Defend_G","Defend_G","Defend_G","Defend_G","Defend_G","Strike_G","Strike_G","Strike_G","Strike_G","Strike_G","Survivor","Neutralize+1","Acrobatics","Cloak And Dagger","Well Laid Plans","Deflect","Concentrate"],"special_seed":0,"relics":["Ring of the Snake","Dead Branch","Snake Skull"],"potions_floor_usage":[],"damage_taken":[{"damage":2.0,"enemies":"Small Slimes","floor":1.0,"turns":4.0},{"damage":0.0,"enemies":"Jaw Worm","floor":3.0,"turns":5.0},{"damage":0.0,"enemies":"Cultist","floor":4.0,"turns":5.0},{"damage":13.0,"enemies":"Exordium Thugs","floor":5.0,"turns":8.0},{"damage":17,"enemies":"3 Sentries","floor":6,"turns":11},{"damage":43,"enemies":"Gremlin Nob","floor":8,"turns":5}],"seed_played":"1969702309275481986","potions_obtained":[],"is_trial":false,"path_per_floor":["M","?","M","M","M","E","R","E"],"character_chosen":"THE_SILENT","items_purchased":[],"campfire_rested":0,"item_purchase_floors":[],"current_hp_per_floor":[61,61,61,61,48,31,31,0],"gold":202,"neow_bonus":"ONE_RARE_RELIC","is_prod":false,"is_daily":false,"chose_seed":false,"campfire_upgraded":1,"win_rate":0,"timestamp":1547130160,"path_taken":["M","?","M","M","M","E","R","E"],"build_version":"2019-01-03v4","purchased_purges":0,"victory":false,"max_hp_per_floor":[70,70,70,70,70,70,70,70],"card_choices":[{"not_picked":["Prepared","Poisoned Stab"],"picked":"Acrobatics","floor":1.0},{"not_picked":["Deadly Poison","Dagger Spray"],"picked":"Cloak And Dagger","floor":3.0},{"not_picked":["PiercingWail","Dodge and Roll"],"picked":"Well Laid Plans","floor":4.0},{"not_picked":["Outmaneuver","Underhanded Strike"],"picked":"Deflect","floor":5.0},{"not_picked":["Distraction","Dagger Throw"],"picked":"Concentrate","floor":6}],"player_experience":325337,"relics_obtained":[{"floor":6,"key":"Snake Skull"}],"event_choices":[{"cards_removed":["Regret"],"damage_healed":0.0,"max_hp_gain":0.0,"max_hp_loss":0.0,"gold_gain":0.0,"event_name":"Living Wall","player_choice":"Forget","floor":2.0,"gold_loss":0.0,"damage_taken":0.0}],"is_beta":false,"boss_relics":[],"items_purged_floors":[],"is_endless":false,"potions_floor_spawned":[],"killed_by":"Gremlin Nob","ascension_level":6}