{"gold_per_floor":[110,35,210,210,223,223,66,16,16,31,63,63,33,48,48,148,148,168,68,68,79,98,98,123,123,168,43,54,54,74,74,74,169,169,189,208,224,224,224,224,241,241,289,289,303,303],"floor_reached":46,"playtime":3718,"items_purged":["Defend_R","Normality","Strike_R"],"score":641,"play_id":"f92684e5-a1c4-4375-a4cd-2c2a47a05e52","local_time":"20190113121019","is_ascension_mode":true,"campfire_choices":[{"data":"Bash","floor":6,"key":"SMITH"},{"data":"Barricade","floor":12,"key":"SMITH"},{"floor":15,"key":"REST"},{"floor":23,"key":"REST"},{"floor":25,"key":"REST"},{"floor":29,"key":"REST"},{"floor":32,"key":"REST"},{"floor":40,"key":"REST"},{"floor":42,"key":"REST"},{"floor":44,"key":"REST"}],"neow_cost":"NONE","seed_source_timestamp":12064118471245564,"circlet_count":0,"master_deck":["Strike_R","Strike_R","Strike_R","Defend_R","Defend_R","Defend_R","Bash+1","Dropkick","Barricade+1","Demon Form+1","Rage+1","Body Slam+1","Shrug It Off","Shrug It Off","Reaper+1","Evolve","Iron Wave+1","Power Through","Battle Trance","Entrench"],"relics":["Mark of Pain","PreservedInsect","Ornamental Fan","Omamori","Calling Bell","Strawberry","Molten Egg 2","Magic Flower","Boot","Vajra","Orrery","Gambling Chip","Potion Belt"],"potions_floor_usage":[11,16,16,22,28,33,37],"damage_taken":[{"damage":2,"enemies":"Small Slimes","floor":1,"turns":3},{"damage":7,"enemies":"Jaw Worm","floor":5,"turns":4},{"damage":0,"enemies":"Cultist","floor":10,"turns":3},{"damage":13,"enemies":"Gremlin Nob","floor":11,"turns":3},{"damage":24,"enemies":"Exordium Thugs","floor":14,"turns":4},{"damage":0,"enemies":"Slime Boss","floor":16,"turns":6},{"damage":40,"enemies":"3 Byrds","floor":18,"turns":8},{"damage":7,"enemies":"Chosen","floor":21,"turns":5},{"damage":13,"enemies":"Snecko","floor":22,"turns":5},{"damage":13,"enemies":"Gremlin Leader","floor":24,"turns":4},{"damage":57,"enemies":"Chosen and Byrds","floor":28,"turns":7},{"damage":21,"enemies":"Shelled Parasite and Fungi","floor":30,"turns":5},{"damage":40,"enemies":"Collector","floor":33,"turns":13},{"damage":1,"enemies":"3 Shapes","floor":35,"turns":16},{"damage":47,"enemies":"3 Darklings","floor":36,"turns":12},{"damage":77,"enemies":"Transient","floor":37,"turns":5},{"damage":35,"enemies":"Writhing Mass","floor":41,"turns":6},{"damage":30,"enemies":"3 Darklings","floor":45,"turns":11},{"damage":96,"enemies":"Reptomancer","floor":46,"turns":4}],"seed_played":"-4861661789119143087","potions_obtained":[{"floor":1,"key":"PowerPotion"},{"floor":10,"key":"SteroidPotion"},{"floor":13,"key":"Weak Potion"},{"floor":13,"key":"AttackPotion"},{"floor":21,"key":"BloodPotion"},{"floor":30,"key":"Dexterity Potion"},{"floor":33,"key":"SteroidPotion"},{"floor":45,"key":"Poison Potion"}],"is_trial":false,"path_per_floor":["M","$","?","?","M","R","$","?","T","M","E","R","?","M","R","B",null,"M","$","?","M","M","R","E","R","T","$","M","R","M","?","R","B",null,"M","M","M","?","?","R","M","R","T","R","M","E"],"character_chosen":"IRONCLAD","items_purchased":["PreservedInsect"],"campfire_rested":8,"item_purchase_floors":[7],"current_hp_per_floor":[78,78,78,78,71,71,71,71,71,71,58,58,58,34,58,58,82,42,42,42,35,22,48,35,61,61,61,16,42,21,21,47,7,67,84,72,22,22,22,48,13,39,39,65,87,0],"gold":303,"neow_bonus":"BOSS_RELIC","is_prod":false,"is_daily":false,"chose_seed":false,"campfire_upgraded":2,"win_rate":0,"timestamp":1547377819,"path_taken":["M","$","?","?","?","R","?","?","T","M","E","R","?","M","R","BOSS","M","$","?","M","M","R","E","R","T","$","M","R","?","?","R","BOSS","M","?","?","?","?","R","M","R","T","R","M","E"],"build_version":"2019-01-10","purchased_purges":3,"victory":false,"max_hp_per_floor":[80,80,80,80,80,80,80,80,80,80,80,80,80,80,80,80,87,87,87,87,87,87,87,87,87,87,87,87,87,87,87,87,87,87,87,87,87,87,87,87,87,87,87,87,87,87],"card_choices":[{"not_picked":["Spot Weakness","Shrug It Off"],"picked":"Power Through","floor":1},{"not_picked":["Bloodletting","Headbutt"],"picked":"Dropkick","floor":5},{"not_picked":["Flex","Sword Boomerang","Perfected Strike"],"picked":"SKIP","floor":10},{"not_picked":["Heavy Blade","Exhume"],"picked":"Barricade","floor":11},{"not_picked":["Dual Wield","Whirlwind","Headbutt"],"picked":"SKIP","floor":14},{"not_picked":["Impervious","Feed"],"picked":"Demon Form","floor":16},{"not_picked":["Perfected Strike+1","Feel No Pain+1"],"picked":"Rage+1","floor":18},{"not_picked":["Seeing Red","Blood for Blood+1","Fire Breathing"],"picked":"SKIP","floor":21},{"not_picked":["Bloodletting","Cleave+1"],"picked":"Body Slam+1","floor":22},{"not_picked":["Warcry","Feel No Pain+1","Wild Strike+1"],"picked":"SKIP","floor":24},{"not_picked":["Wild Strike+1","Rage","Headbutt+1"],"picked":"SKIP","floor":28},{"not_picked":["Perfected Strike+1","Clothesline+1"],"picked":"Shrug It Off","floor":30},{"not_picked":["Immolate+1","Brutality"],"picked":"Reaper+1","floor":33},{"not_picked":["Carnage+1","Whirlwind+1"],"picked":"Evolve","floor":34},{"not_picked":["Hemokinesis+1","Headbutt+1"],"picked":"Iron Wave+1","floor":34},{"not_picked":["Anger+1","Perfected Strike+1"],"picked":"Power Through","floor":34},{"not_picked":["Uppercut+1","Shockwave"],"picked":"Battle Trance","floor":34},{"not_picked":["Dropkick+1","Uppercut+1"],"picked":"Entrench","floor":34},{"not_picked":["Headbutt+1","Warcry+1","Battle Trance"],"picked":"SKIP","floor":35},{"not_picked":["Headbutt+1","Shrug It Off","Corruption"],"picked":"SKIP","floor":36},{"not_picked":["Power Through","Entrench","Seeing Red+1"],"picked":"SKIP","floor":37},{"not_picked":["Flame Barrier","Power Through+1","Clothesline+1"],"picked":"SKIP","floor":41},{"not_picked":["Pummel+1","Clash+1","Anger+1"],"picked":"SKIP","floor":45}],"player_experience":222444,"relics_obtained":[{"floor":9,"key":"Ornamental Fan"},{"floor":11,"key":"Omamori"},{"floor":17,"key":"Strawberry"},{"floor":17,"key":"Molten Egg 2"},{"floor":17,"key":"Magic Flower"},{"floor":24,"key":"Boot"},{"floor":26,"key":"Vajra"},{"floor":43,"key":"Potion Belt"}],"event_choices":[{"damage_healed":0,"gold_gain":175,"player_choice":"AGREE","damage_taken":0,"max_hp_gain":0,"max_hp_loss":0,"event_name":"Liars Game","floor":3,"gold_loss":0,"cards_obtained":["Doubt"]},{"cards_removed":["Doubt"],"damage_healed":0,"gold_gain":0,"player_choice":"Purged","damage_taken":0,"max_hp_gain":0,"max_hp_loss":0,"event_name":"Purifier","floor":4,"gold_loss":0},{"cards_removed":["Strike_R"],"damage_healed":0,"gold_gain":0,"player_choice":"Card Removal","damage_taken":0,"max_hp_gain":0,"max_hp_loss":0,"event_name":"The Cleric","floor":8,"gold_loss":50},{"damage_healed":0,"gold_gain":0,"player_choice":"Bought 2 Potions","damage_taken":0,"max_hp_gain":0,"max_hp_loss":0,"event_name":"The Woman in Blue","floor":13,"gold_loss":0},{"damage_healed":0,"gold_gain":0,"player_choice":"Upgraded","damage_taken":0,"max_hp_gain":0,"max_hp_loss":0,"event_name":"Upgrade Shrine","floor":20,"gold_loss":0,"cards_upgraded":["Demon Form"]},{"damage_healed":0,"gold_gain":0,"player_choice":"Copied","damage_taken":0,"max_hp_gain":0,"max_hp_loss":0,"event_name":"Duplicator","floor":31,"gold_loss":0,"cards_obtained":["Shrug It Off"]},{"damage_healed":0,"gold_gain":0,"player_choice":"Ignored","damage_taken":0,"max_hp_gain":0,"max_hp_loss":0,"event_name":"Tomb of Lord Red Mask","floor":38,"gold_loss":0},{"cards_removed":["Power Through"],"damage_healed":0,"gold_gain":0,"player_choice":"Gave Card","damage_taken":0,"relics_obtained":["Gambling Chip"],"max_hp_gain":0,"max_hp_loss":0,"event_name":"WeMeetAgain","floor":39,"gold_loss":0}],"is_beta":false,"boss_relics":[{"not_picked":["Snecko Eye","Sozu"],"picked":"Calling Bell"},{"not_picked":["Astrolabe","Eternal Feather"],"picked":"Orrery"}],"items_purged_floors":[2,19,27],"is_endless":false,"potions_floor_spawned":[1,10,21,30,33,45],"killed_by":"Reptomancer","ascension_level":5}