{"path_per_floor":["M","?","?","M","?","E","R","E","T","$","?","M","R","M","R","B",null,"M"],"character_chosen":"DEFECT","items_purchased":["Cold Snap","Whetstone"],"gold_per_floor":[112,62,62,80,80,120,120,156,206,31,31,47,47,70,70,189,189,172,172],"floor_reached":19,"campfire_rested":1,"playtime":4257,"item_purchase_floors":[10,10],"current_hp_per_floor":[75,75,60,60,60,60,60,56,56,56,31,30,30,30,65,34,69,35,22],"items_purged":[],"gold":172,"score":240,"play_id":"5eb64386-d7e1-4bf0-8908-ed005254dab6","local_time":"20180616190816","is_prod":false,"is_daily":false,"chose_seed":false,"is_ascension_mode":true,"campfire_upgraded":2,"win_rate":0,"timestamp":1529168896,"campfire_choices":[{"data":"Consume","floor":7,"key":"SMITH"},{"data":"Zap","floor":13,"key":"SMITH"},{"floor":15,"key":"REST"}],"path_taken":["M","?","?","M","?","E","R","E","T","?","?","M","R","M","R","BOSS","M","M"],"build_version":"2018-06-14v2","seed_source_timestamp":260386780649864,"purchased_purges":0,"victory":false,"master_deck":["Strike_B+1","Strike_B+1","Strike_B","Defend_B","Defend_B","Defend_B","Defend_B+1","Zap+1","Dualcast","Consume+1","Cold Snap+1","Streamline","Stack","Cold Snap","Go for the Eyes","Storm","Creative AI","Leap"],"max_hp_per_floor":[75,75,75,75,69,69,69,69,69,69,69,69,69,69,69,69,69,69,69],"relics":["Cracked Core","NeowsBlessing","Golden Idol","Regal Pillow","Art of War","Anchor","Whetstone","Darkstone Periapt","Black Star"],"card_choices":[{"not_picked":["Coolheaded","Hologram"],"picked":"Consume","floor":1},{"not_picked":["Redo","Stack"],"picked":"Cold Snap","floor":4},{"not_picked":["Genetic Algorithm","Skim"],"picked":"Streamline","floor":6},{"not_picked":["Blizzard","Gash"],"picked":"Stack","floor":8},{"not_picked":["Gash","Consume"],"picked":"Go for the Eyes","floor":12},{"not_picked":["Go for the Eyes","Sweeping Beam"],"picked":"Storm","floor":14},{"not_picked":["Seek","Meteor Strike"],"picked":"Creative AI","floor":16},{"not_picked":["Steam","Stack"],"picked":"Leap","floor":18}],"player_experience":700111,"potions_floor_usage":[8,18,19],"damage_taken":[{"damage":0,"enemies":"2 Louse","floor":1,"turns":1},{"damage":0,"enemies":"Small Slimes","floor":4,"turns":1},{"damage":0,"enemies":"Gremlin Nob","floor":6,"turns":1},{"damage":4,"enemies":"3 Sentries","floor":8,"turns":6},{"damage":1,"enemies":"Cultist","floor":12,"turns":3},{"damage":0,"enemies":"Looter","floor":14,"turns":4},{"damage":31,"enemies":"Hexaghost","floor":16,"turns":14},{"damage":34,"enemies":"2 Thieves","floor":18,"turns":4},{"damage":13,"enemies":"Chosen","floor":19,"turns":5}],"relics_obtained":[{"floor":6,"key":"Regal Pillow"},{"floor":8,"key":"Art of War"},{"floor":9,"key":"Anchor"}],"event_choices":[{"event_name":"The Cleric","player_choice":"Card Removal","floor":2,"damage_taken":0},{"event_name":"Shining Light","player_choice":"Entered Light","floor":3,"damage_taken":0},{"event_name":"Golden Idol","player_choice":"Lose Max HP","floor":5,"damage_taken":0},{"event_name":"Scrap Ooze","player_choice":"success","floor":11,"damage_taken":25}],"boss_relics":[{"not_picked":["White Beast Statue","Velvet Choker"],"picked":"Black Star"}],"items_purged_floors":[],"is_endless":false,"potions_floor_spawned":[1,8,14,16,18],"seed_played":"-4461250285203399361","killed_by":"Chosen","ascension_level":4,"potions_obtained":[{"floor":1,"key":"Explosive Potion"},{"floor":8,"key":"Strength Potion"},{"floor":14,"key":"FearPotion"},{"floor":16,"key":"SpeedPotion"},{"floor":18,"key":"SkillPotion"}],"is_trial":false}