{"gold_per_floor":[16,36,36,36,0,0,29,29,29,29,42,60,90,108,108,206,206,222,253,253,253,266,266,297,67,367,367,386,412,412,426,426,521,521,540,762,779,879,889,889],"floor_reached":40,"playtime":1318,"items_purged":["Normality"],"score":624,"play_id":"52106800-2877-4f3d-9773-c6c774bf4b0e","local_time":"20180823151116","is_ascension_mode":true,"campfire_choices":[{"floor":6,"key":"REST"},{"data":"Metallicize","floor":8,"key":"SMITH"},{"data":"Spot Weakness","floor":10,"key":"SMITH"},{"data":"Pommel Strike","floor":15,"key":"SMITH"},{"data":"Bash","floor":23,"key":"SMITH"},{"data":"Carnage","floor":27,"key":"SMITH"},{"data":"Iron Wave","floor":32,"key":"SMITH"}],"neow_cost":"NO_GOLD","seed_source_timestamp":162636665179002,"circlet_count":0,"master_deck":["Strike_R","Strike_R","Strike_R+1","Defend_R+1","Defend_R+1","Defend_R","Defend_R","Bash+1","Spot Weakness+1","Dropkick","Metallicize+1","Carnage+1","Iron Wave+1","Pommel Strike+1","Intimidate","Clash","Feed","Pommel Strike","Rage","Cleave","Battle Trance+1","Metallicize+1","Barricade+1","Juggernaut+1","Body Slam","Iron Wave","Wild Strike+1"],"relics":["Burning Blood","Ginger","Oddly Smooth Stone","Orichalcum","Regal Pillow","Bottled Tornado","Sozu","Red Mask","Juzu Bracelet","Art of War","Frozen Egg 2","Old Coin","War Paint","Spirit Poop","Empty Cage"],"potions_floor_usage":[7,7,16,19,19],"damage_taken":[{"damage":12,"enemies":"Jaw Worm","floor":1,"turns":3},{"damage":10,"enemies":"Small Slimes","floor":2,"turns":4},{"damage":19,"enemies":"Lagavulin","floor":7,"turns":6},{"damage":0,"enemies":"Cultist","floor":11,"turns":3},{"damage":2,"enemies":"3 Louse","floor":12,"turns":3},{"damage":16,"enemies":"3 Sentries","floor":13,"turns":5},{"damage":0,"enemies":"Exordium Wildlife","floor":14,"turns":3},{"damage":25,"enemies":"The Guardian","floor":16,"turns":11},{"damage":12,"enemies":"Spheric Guardian","floor":18,"turns":4},{"damage":2,"floor":19,"turns":3},{"damage":15,"enemies":"2 Thieves","floor":22,"turns":4},{"damage":31,"enemies":"Slavers","floor":24,"turns":8},{"damage":0,"enemies":"Centurion and Healer","floor":28,"turns":6},{"damage":0,"enemies":"3 Cultists","floor":31,"turns":5},{"damage":13,"enemies":"Champ","floor":33,"turns":9},{"damage":3,"enemies":"3 Darklings","floor":35,"turns":5},{"damage":30,"enemies":"Flame Bruiser 1 Orb","floor":37,"turns":5},{"damage":52,"enemies":"Spire Growth","floor":39,"turns":6},{"damage":29,"enemies":"Nemesis","floor":40,"turns":4}],"seed_played":"1838072401057812992","potions_obtained":[{"floor":1,"key":"Energy Potion"},{"floor":2,"key":"Swift Potion"},{"floor":13,"key":"Dexterity Potion"},{"floor":14,"key":"Explosive Potion"},{"floor":16,"key":"Explosive Potion"}],"is_trial":false,"path_per_floor":["M","M","?","?","$","R","E","R","T","R","M","M","E","M","R","B",null,"M","?","?","?","M","R","E","$","T","R","M","T","?","M","R","B",null,"M","?","M","?","M"],"character_chosen":"IRONCLAD","items_purchased":["Metallicize","Battle Trance","Metallicize+1"],"campfire_rested":1,"item_purchase_floors":[5,25,25],"current_hp_per_floor":[66,62,46,28,28,52,39,39,39,39,45,49,39,45,45,26,67,61,68,68,68,59,59,34,34,34,34,40,40,40,49,49,45,78,81,81,57,57,11,0],"gold":889,"neow_bonus":"ONE_RARE_RELIC","is_prod":false,"is_daily":false,"chose_seed":false,"campfire_upgraded":6,"win_rate":0,"timestamp":1535029876,"path_taken":["M","M","?","?","?","R","E","R","T","R","M","M","E","?","R","BOSS","M","?","?","?","M","R","E","$","T","R","M","?","?","M","R","BOSS","M","?","M","?","M","E"],"build_version":"2018-08-16","purchased_purges":1,"victory":false,"max_hp_per_floor":[80,80,80,80,80,80,80,80,80,80,80,80,80,80,80,80,80,80,83,83,83,83,83,83,83,83,83,83,83,83,86,86,89,89,89,89,89,89,89,89],"card_choices":[{"not_picked":["Warcry","Shrug It Off"],"picked":"Spot Weakness","floor":1},{"not_picked":["Second Wind","Pommel Strike"],"picked":"Dropkick","floor":2},{"not_picked":["Sentinel","Fire Breathing"],"picked":"Carnage","floor":7},{"not_picked":["Perfected Strike","Spot Weakness"],"picked":"Iron Wave","floor":11},{"not_picked":["Wild Strike","Warcry"],"picked":"Pommel Strike","floor":12},{"not_picked":["Clash","Corruption"],"picked":"Intimidate","floor":13},{"not_picked":["Evolve","Havoc"],"picked":"Clash","floor":14},{"not_picked":["Brutality","Exhume"],"picked":"Feed","floor":16},{"not_picked":["Iron Wave+1","Clothesline"],"picked":"Pommel Strike","floor":18},{"not_picked":["Sever Soul+1","Clothesline"],"picked":"Rage","floor":19},{"not_picked":["Flex","Clothesline+1","Corruption"],"picked":"SKIP","floor":22},{"not_picked":["Reckless Charge+1","Anger"],"picked":"Cleave","floor":24},{"not_picked":["Heavy Blade","Wild Strike"],"picked":"Barricade+1","floor":28},{"not_picked":["Rupture+1","Uppercut","Reckless Charge+1"],"picked":"SKIP","floor":31},{"not_picked":["Fiend Fire","Immolate"],"picked":"Juggernaut+1","floor":33},{"not_picked":["Heavy Blade+1","Sever Soul+1"],"picked":"Body Slam","floor":35},{"not_picked":["Spot Weakness","Sword Boomerang+1"],"picked":"Iron Wave","floor":37},{"not_picked":["Shockwave","Heavy Blade"],"picked":"Wild Strike+1","floor":39}],"player_experience":922257,"relics_obtained":[{"floor":7,"key":"Orichalcum"},{"floor":9,"key":"Regal Pillow"},{"floor":13,"key":"Bottled Tornado"},{"floor":19,"key":"Red Mask"},{"floor":24,"key":"Frozen Egg 2"},{"floor":26,"key":"Old Coin"},{"floor":29,"key":"War Paint"}],"event_choices":[{"event_name":"Shining Light","player_choice":"Entered Light","floor":3,"damage_taken":0},{"event_name":"Scrap Ooze","player_choice":"success","floor":4,"damage_taken":18},{"event_name":"Masked Bandits","player_choice":"Fought Bandits","floor":19,"damage_taken":0},{"event_name":"Accursed Blacksmith","player_choice":"Rummage","floor":20,"damage_taken":0},{"event_name":"The Mausoleum","player_choice":"Yes","floor":21,"damage_taken":0},{"event_name":"Bonfire Elementals","player_choice":"CURSE","floor":30,"damage_taken":0},{"event_name":"Tomb of Lord Red Mask","player_choice":"Wore Mask","floor":36,"damage_taken":0},{"event_name":"Golden Shrine","player_choice":"Pray","floor":38,"damage_taken":0}],"is_beta":false,"boss_relics":[{"not_picked":["Eternal Feather","Philosopher\u0027s Stone"],"picked":"Sozu"},{"not_picked":["Coffee Dripper","Mark of Pain"],"picked":"Empty Cage"}],"items_purged_floors":[25],"is_endless":false,"potions_floor_spawned":[1,2,13,14,16,22,24,31,35,37],"killed_by":"Nemesis","ascension_level":9}