{"gold_per_floor":[112,112,124,144,144,144,70,70,70,82,113,113,38,56,56,152,152,171,171,187,187,15,15,31,31,31,65,78,108,108,141,141,240,240,254,267,319,319,337,337,21,32,32,48,58,89,89,124,124,124],"floor_reached":51,"playtime":10826,"items_purged":["Strike_R","Strike_R","Strike_R"],"score":1128,"play_id":"d3880043-9411-4ac0-8c6e-8ed6a79ca98f","local_time":"20190119153847","is_ascension_mode":true,"campfire_choices":[{"data":"Disarm","floor":6.0,"key":"SMITH"},{"data":"Bash","floor":12.0,"key":"SMITH"},{"data":"Bludgeon","floor":15,"key":"SMITH"},{"data":"Shockwave","floor":23,"key":"SMITH"},{"data":"Metallicize","floor":25,"key":"SMITH"},{"data":"Clothesline","floor":30,"key":"SMITH"},{"data":"Shrug It Off","floor":32,"key":"SMITH"},{"data":"Shrug It Off","floor":40,"key":"SMITH"},{"data":"Bludgeon","floor":47,"key":"SMITH"},{"floor":49,"key":"REST"}],"neow_cost":"PERCENT_DAMAGE","seed_source_timestamp":467831987203582,"circlet_count":0,"master_deck":["Strike_R+1","Defend_R","Defend_R","Defend_R","Defend_R","Bash+1","Feed","Disarm+1","Warcry+1","Bludgeon+1","Battle Trance","Shrug It Off+1","Metallicize+1","Shrug It Off+1","Necronomicurse","Shockwave+1","Cleave","True Grit+1","Burning Pact+1","Clothesline+1","Impervious","Sentinel","Feel No Pain","Pommel Strike+1","Bludgeon+1","Battle Trance","Evolve"],"special_seed":0,"relics":["Burning Blood","Letter Opener","Lantern","Velvet Choker","Necronomicon","Vajra","Bag of Preparation","Paper Frog","Red Mask","Sozu","Gambling Chip","OrangePellets","Centennial Puzzle","Red Skull","Regal Pillow"],"potions_floor_usage":[16,39,50,50],"damage_taken":[{"damage":0.0,"enemies":"2 Louse","floor":1.0,"turns":4.0},{"damage":3.0,"enemies":"Cultist","floor":3.0,"turns":4.0},{"damage":0.0,"enemies":"Jaw Worm","floor":4.0,"turns":3.0},{"damage":10.0,"enemies":"Blue Slaver","floor":10.0,"turns":6.0},{"damage":20.0,"enemies":"3 Sentries","floor":11.0,"turns":7.0},{"damage":4,"enemies":"3 Louse","floor":14,"turns":3},{"damage":0,"enemies":"Slime Boss","floor":16,"turns":6},{"damage":3,"enemies":"3 Byrds","floor":18,"turns":4},{"damage":0,"enemies":"Shell Parasite","floor":20,"turns":6},{"damage":7,"enemies":"Snake Plant","floor":24,"turns":5},{"damage":9,"enemies":"Slavers","floor":27,"turns":5},{"damage":0,"enemies":"3 Cultists","floor":28,"turns":3},{"damage":20,"enemies":"Book of Stabbing","floor":29,"turns":5},{"damage":0,"enemies":"Masked Bandits","floor":31,"turns":3},{"damage":46,"enemies":"Automaton","floor":33,"turns":10},{"damage":0,"enemies":"Orb Walker","floor":35,"turns":2},{"damage":1,"enemies":"3 Darklings","floor":36,"turns":6},{"damage":8,"enemies":"2 Orb Walkers","floor":37,"turns":5},{"damage":0,"enemies":"Transient","floor":39,"turns":5},{"damage":37,"enemies":"Writhing Mass","floor":42,"turns":3},{"damage":0,"enemies":"4 Shapes","floor":44,"turns":7},{"damage":0,"enemies":"Spire Growth","floor":45,"turns":2},{"damage":0,"enemies":"Giant Head","floor":46,"turns":5},{"damage":10,"enemies":"Reptomancer","floor":48,"turns":3},{"damage":36,"enemies":"Time Eater","floor":50,"turns":6}],"seed_played":"-2193715665100867355","potions_obtained":[{"floor":3.0,"key":"SteroidPotion"},{"floor":4.0,"key":"Dexterity Potion"},{"floor":16,"key":"EssenceOfSteel"},{"floor":18,"key":"Ancient Potion"},{"floor":27,"key":"AttackPotion"},{"floor":31,"key":"LiquidBronze"}],"is_trial":false,"path_per_floor":["M","?","M","M","?","R","$","?","T","M","E","R","$","M","R","B",null,"M","?","M","?","$","R","M","R","T","E","M","E","R","?","R","B",null,"M","M","?","?","M","R","$","M","T","M","M","E","R","E","R","B",null],"character_chosen":"IRONCLAD","items_purchased":["Battle Trance","Shockwave","OrangePellets"],"campfire_rested":1,"item_purchase_floors":[7,22,41],"current_hp_per_floor":[60,60,66,72,55,55,55,55,55,54,43,43,43,48,48,57,88,91,91,100,84,84,84,86,86,86,86,95,81,81,90,90,50,97,106,111,112,112,118,118,118,87,87,96,102,108,108,104,122,92],"gold":124,"neow_bonus":"THREE_RARE_CARDS","is_prod":false,"is_daily":false,"chose_seed":false,"campfire_upgraded":9,"win_rate":0,"timestamp":1547879927,"path_taken":["M","?","M","?","?","R","$","?","T","M","E","R","?","M","R","BOSS","M","?","M","?","$","R","M","R","T","E","M","E","R","?","R","BOSS","M","M","?","?","M","R","$","M","T","M","M","E","R","E","R","BOSS"],"build_version":"2019-01-17v2","purchased_purges":3,"victory":true,"max_hp_per_floor":[83,83,86,86,86,86,86,86,86,89,92,92,92,95,95,98,98,98,98,101,101,101,101,104,104,104,107,110,110,110,113,113,113,113,116,116,119,119,119,119,119,119,119,122,122,122,122,122,122,122],"card_choices":[{"not_picked":["Exhume","Immolate"],"picked":"Feed","floor":0.0},{"not_picked":["Clash","Wild Strike"],"picked":"Disarm","floor":1.0},{"not_picked":["Wild Strike","Perfected Strike"],"picked":"Warcry","floor":3.0},{"not_picked":["Perfected Strike","Headbutt"],"picked":"Bludgeon","floor":4.0},{"not_picked":["Clothesline","Sever Soul"],"picked":"Shrug It Off","floor":10.0},{"not_picked":["Heavy Blade","Dropkick"],"picked":"Metallicize","floor":11.0},{"not_picked":["Clash","Headbutt","Sever Soul"],"picked":"SKIP","floor":14},{"not_picked":["Berserk","Dark Embrace"],"picked":"Fiend Fire","floor":16},{"not_picked":["Body Slam+1","Reckless Charge","Thunderclap"],"picked":"SKIP","floor":18},{"not_picked":["Armaments","Headbutt+1"],"picked":"Shrug It Off","floor":20},{"not_picked":["Flex+1","Body Slam"],"picked":"Cleave","floor":24},{"not_picked":["Iron Wave+1","Headbutt"],"picked":"True Grit+1","floor":27},{"not_picked":["Warcry","Brutality"],"picked":"Burning Pact+1","floor":28},{"not_picked":["Rage","Dropkick+1"],"picked":"Clothesline","floor":29},{"not_picked":["Feed","Exhume"],"picked":"Impervious","floor":33},{"not_picked":["Flex+1","Warcry+1"],"picked":"Sentinel","floor":35},{"not_picked":["Entrench+1","Heavy Blade+1","Clothesline+1"],"picked":"SKIP","floor":36},{"not_picked":["Cleave","True Grit"],"picked":"Feel No Pain","floor":37},{"not_picked":["Warcry","Clothesline"],"picked":"Pommel Strike+1","floor":39},{"not_picked":["Pummel","Anger+1","Perfected Strike"],"picked":"SKIP","floor":42},{"not_picked":["Cleave+1","Iron Wave+1"],"picked":"Bludgeon","floor":44},{"not_picked":["Armaments","Heavy Blade+1"],"picked":"Battle Trance","floor":45},{"not_picked":["Body Slam+1","Sword Boomerang+1"],"picked":"Evolve","floor":46},{"not_picked":["Sword Boomerang+1","Combust","Second Wind+1"],"picked":"SKIP","floor":48}],"player_experience":386125,"relics_obtained":[{"floor":9.0,"key":"Letter Opener"},{"floor":11.0,"key":"Lantern"},{"floor":21,"key":"Necronomicon"},{"floor":26,"key":"Vajra"},{"floor":27,"key":"Bag of Preparation"},{"floor":29,"key":"Paper Frog"},{"floor":31,"key":"Red Mask"},{"floor":37,"key":"Gambling Chip"},{"floor":43,"key":"Centennial Puzzle"},{"floor":46,"key":"Red Skull"},{"floor":48,"key":"Regal Pillow"}],"event_choices":[{"cards_removed":["Strike_R"],"damage_healed":0.0,"max_hp_gain":0.0,"max_hp_loss":0.0,"gold_gain":0.0,"event_name":"Purifier","player_choice":"Purged","floor":2.0,"gold_loss":0.0,"damage_taken":0.0},{"damage_healed":0.0,"max_hp_gain":0.0,"max_hp_loss":0.0,"gold_gain":0.0,"event_name":"Shining Light","player_choice":"Entered Light","floor":5.0,"gold_loss":0.0,"damage_taken":17.0,"cards_upgraded":["Warcry","Strike_R"]},{"damage_healed":0.0,"max_hp_gain":0.0,"max_hp_loss":0.0,"gold_gain":0.0,"event_name":"Liars Game","player_choice":"Ignored","floor":8.0,"gold_loss":0.0,"damage_taken":0.0},{"damage_healed":0,"gold_gain":0,"player_choice":"Ignored","damage_taken":0,"max_hp_gain":0,"max_hp_loss":0,"event_name":"Ghosts","floor":19,"gold_loss":0},{"damage_healed":0,"gold_gain":0,"player_choice":"Obtained Book","damage_taken":16,"max_hp_gain":0,"max_hp_loss":0,"event_name":"Cursed Tome","floor":21,"gold_loss":0},{"damage_healed":0,"gold_gain":0,"player_choice":"Fought Bandits","damage_taken":0,"max_hp_gain":0,"max_hp_loss":0,"event_name":"Masked Bandits","floor":31,"gold_loss":0},{"damage_healed":0,"gold_gain":0,"player_choice":"Fight","damage_taken":0,"max_hp_gain":0,"max_hp_loss":0,"event_name":"Mysterious Sphere","floor":37,"gold_loss":0},{"cards_removed":["Fiend Fire"],"damage_healed":0,"gold_gain":0,"player_choice":"Removed Attack","damage_taken":0,"max_hp_gain":0,"max_hp_loss":0,"event_name":"Falling","floor":38,"gold_loss":0}],"is_beta":false,"boss_relics":[{"not_picked":["Empty Cage","Astrolabe"],"picked":"Velvet Choker"},{"not_picked":["Calling Bell","Mark of Pain"],"picked":"Sozu"}],"items_purged_floors":[13,22,41],"is_endless":false,"potions_floor_spawned":[3,4,16,18,27,29,31,33,35,44,45,48],"ascension_level":8}