{"gold_per_floor":[366,385,191,191,206,237,237,263,263,283,310,310,310,344,344,465,465,481,481,501,234,234,234,234,234,259,272,272,272,272],"floor_reached":30,"playtime":970,"items_purged":["Normality","Regret"],"score":343,"play_id":"4e8a0ef1-22f6-4485-a817-4d20e7f7ca96","local_time":"20180724193048","is_ascension_mode":true,"campfire_choices":[{"data":"Spot Weakness","floor":7,"key":"SMITH"},{"floor":12,"key":"REST"},{"data":"Metallicize","floor":15,"key":"SMITH"},{"data":"Corruption","floor":23,"key":"SMITH"},{"data":"Dark Embrace","floor":25,"key":"SMITH"},{"floor":29,"key":"REST"}],"neow_cost":"CURSE","seed_source_timestamp":699001764705675,"circlet_count":0,"master_deck":["Strike_R","Strike_R","Strike_R","Strike_R","Strike_R","Defend_R","Defend_R","Defend_R","Defend_R","Bash","Rampage","Combust","Metallicize+1","Spot Weakness+1","Shrug It Off","Dark Embrace+1","Sentinel","Cleave","Headbutt","Heavy Blade","Barricade","Writhe","Parasite","Writhe","Seeing Red+1","Corruption+1","Bloodletting+1","Hemokinesis","Master of Strategy+1","Flame Barrier+1"],"relics":["Burning Blood","Self Forming Clay","Ancient Tea Set","Calipers","Kunai","Bag of Marbles","Golden Idol","Smiling Mask","Calling Bell","Red Skull","Toxic Egg 2","Bird Faced Urn","Singing Bowl","Strawberry"],"potions_floor_usage":[6,8,11,11,20,27],"damage_taken":[{"damage":9,"enemies":"Jaw Worm","floor":1,"turns":4},{"damage":2,"enemies":"2 Louse","floor":2,"turns":3},{"damage":6,"enemies":"Cultist","floor":5,"turns":4},{"damage":18,"enemies":"Gremlin Nob","floor":6,"turns":4},{"damage":21,"enemies":"Lagavulin","floor":8,"turns":6},{"damage":6,"enemies":"2 Fungi Beasts","floor":10,"turns":4},{"damage":15,"enemies":"3 Sentries","floor":11,"turns":4},{"damage":10,"enemies":"Gremlin Nob","floor":14,"turns":3},{"damage":33,"enemies":"Hexaghost","floor":16,"turns":9},{"damage":30,"enemies":"2 Thieves","floor":18,"turns":5},{"damage":15,"enemies":"3 Byrds","floor":20,"turns":7},{"damage":52,"enemies":"Sentry and Sphere","floor":27,"turns":8},{"damage":28,"enemies":"Gremlin Leader","floor":30,"turns":2}],"seed_played":"2680293921328919194","potions_obtained":[{"floor":2,"key":"Fire Potion"},{"floor":5,"key":"Explosive Potion"},{"floor":8,"key":"Explosive Potion"},{"floor":10,"key":"Swift Potion"},{"floor":18,"key":"Block Potion"},{"floor":20,"key":"Strength Potion"}],"is_trial":false,"path_per_floor":["M","M","$","?","M","E","R","E","T","M","E","R","?","E","R","B",null,"M","?","M","$","?","R","T","R","T","M","?","R"],"character_chosen":"IRONCLAD","items_purchased":["Metallicize","Spot Weakness","Hemokinesis","Master of Strategy+1"],"campfire_rested":2,"item_purchase_floors":[3,3,21,21],"current_hp_per_floor":[69,73,73,73,73,61,61,46,46,46,37,61,61,57,57,30,63,43,43,42,42,42,42,42,42,49,11,2,26,0],"gold":272,"neow_bonus":"TWO_FIFTY_GOLD","is_prod":false,"is_daily":false,"chose_seed":false,"campfire_upgraded":4,"win_rate":0,"timestamp":1532453448,"path_taken":["M","M","$","?","M","E","R","E","T","M","E","R","?","E","R","BOSS","M","?","M","$","?","R","?","R","T","M","?","R","E"],"build_version":"2018-07-19v2","purchased_purges":2,"victory":false,"max_hp_per_floor":[80,80,80,80,80,80,80,80,80,80,80,80,74,74,74,74,74,74,74,74,74,74,74,74,74,81,81,81,81,81],"card_choices":[{"not_picked":["Heavy Blade","Iron Wave"],"picked":"Rampage","floor":1},{"not_picked":["Warcry","Pommel Strike"],"picked":"Combust","floor":2},{"not_picked":["Corruption","Pommel Strike"],"picked":"Shrug It Off","floor":5},{"not_picked":["Body Slam","Pommel Strike"],"picked":"Dark Embrace","floor":6},{"not_picked":["Twin Strike","Hemokinesis"],"picked":"Sentinel","floor":8},{"not_picked":["Havoc","Armaments"],"picked":"Cleave","floor":10},{"not_picked":["Clothesline","Immolate"],"picked":"Headbutt","floor":11},{"not_picked":["Warcry","Clothesline"],"picked":"Heavy Blade","floor":14},{"not_picked":["Offering","Juggernaut"],"picked":"Barricade","floor":16},{"not_picked":["Infernal Blade+1","Power Through+1"],"picked":"Seeing Red+1","floor":18},{"not_picked":["Combust","Heavy Blade"],"picked":"Bloodletting+1","floor":20},{"not_picked":["Clothesline+1","Bloodletting+1"],"picked":"Flame Barrier+1","floor":27}],"player_experience":832826,"relics_obtained":[{"floor":6,"key":"Ancient Tea Set"},{"floor":8,"key":"Calipers"},{"floor":9,"key":"Kunai"},{"floor":11,"key":"Bag of Marbles"},{"floor":14,"key":"Smiling Mask"},{"floor":17,"key":"Red Skull"},{"floor":17,"key":"Toxic Egg 2"},{"floor":17,"key":"Bird Faced Urn"},{"floor":24,"key":"Singing Bowl"},{"floor":26,"key":"Strawberry"}],"event_choices":[{"event_name":"Big Fish","player_choice":"Box","floor":4,"damage_taken":0},{"event_name":"Golden Idol","player_choice":"Lose Max HP","floor":13,"damage_taken":0},{"event_name":"The Library","player_choice":"Read","floor":19,"damage_taken":0},{"event_name":"Ghosts","player_choice":"Ignored","floor":22,"damage_taken":0},{"event_name":"Cursed Tome","player_choice":"Stopped","floor":28,"damage_taken":0}],"is_beta":false,"boss_relics":[{"not_picked":["Busted Crown","Tiny House"],"picked":"Calling Bell"}],"items_purged_floors":[3,21],"is_endless":false,"potions_floor_spawned":[2,5,8,10,18,20],"killed_by":"Gremlin Leader","ascension_level":7}