{"gold_per_floor":[115,131,131,193,207,241,241,274,298,310,310],"floor_reached":11,"playtime":318,"items_purged":[],"score":166,"play_id":"45cf834f-9312-4f8a-ab61-89ba6cdd255c","local_time":"20181029002126","is_ascension_mode":true,"campfire_choices":[{"data":"Footwork","floor":7,"key":"SMITH"}],"neow_cost":"NONE","seed_source_timestamp":658679301847995,"circlet_count":0,"master_deck":["Defend_G","Defend_G","Defend_G","Defend_G","Defend_G","Strike_G","Strike_G","Strike_G","Strike_G","Strike_G","Survivor","Neutralize","AscendersBane","Skewer+1","Footwork+1","Finisher","Noxious Fumes","Dodge and Roll","Dash"],"relics":["Ring of the Snake","NeowsBlessing","Lantern","PreservedInsect","Ancient Tea Set"],"potions_floor_usage":[8,11],"damage_taken":[{"damage":0,"enemies":"Cultist","floor":1,"turns":1},{"damage":0,"enemies":"Jaw Worm","floor":2,"turns":1},{"damage":0,"enemies":"Small Slimes","floor":5,"turns":1},{"damage":39,"enemies":"3 Sentries","floor":6,"turns":10},{"damage":18,"enemies":"Lagavulin","floor":8,"turns":10},{"damage":0,"enemies":"3 Louse","floor":10,"turns":5},{"damage":10,"enemies":"Large Slime","floor":11,"turns":4}],"seed_played":"-1591859438036954583","potions_obtained":[{"floor":2,"key":"GhostInAJar"},{"floor":8,"key":"Explosive Potion"}],"is_trial":false,"path_per_floor":["M","M","?","?","M","E","R","E","T","M"],"character_chosen":"THE_SILENT","items_purchased":[],"campfire_rested":0,"item_purchase_floors":[],"current_hp_per_floor":[59,59,59,59,59,20,20,2,2,2,0],"gold":310,"neow_bonus":"THREE_ENEMY_KILL","is_prod":false,"is_daily":false,"chose_seed":false,"campfire_upgraded":1,"win_rate":0,"timestamp":1540786886,"path_taken":["M","?","?","?","M","E","R","E","T","?","?"],"build_version":"2018-10-25v2","purchased_purges":0,"victory":false,"max_hp_per_floor":[66,66,66,66,66,66,66,66,66,66,66],"card_choices":[{"not_picked":["Flying Knee","Prepared"],"picked":"Skewer","floor":1},{"not_picked":["Deflect","Dagger Throw"],"picked":"Footwork","floor":2},{"not_picked":["Dagger Throw","PiercingWail"],"picked":"Finisher","floor":5},{"not_picked":["Dagger Throw","Bane"],"picked":"Noxious Fumes","floor":6},{"not_picked":["PiercingWail","Setup"],"picked":"Dodge and Roll","floor":8},{"not_picked":["Concentrate","Underhanded Strike"],"picked":"Dash","floor":10}],"player_experience":1099004,"relics_obtained":[{"floor":6,"key":"Lantern"},{"floor":8,"key":"PreservedInsect"},{"floor":9,"key":"Ancient Tea Set"}],"event_choices":[{"damage_healed":0,"gold_gain":0,"player_choice":"Grow","damage_taken":0,"max_hp_gain":0,"max_hp_loss":0,"event_name":"Living Wall","floor":3,"gold_loss":0,"cards_upgraded":["Skewer"]},{"damage_healed":0,"gold_gain":62,"player_choice":"Gained Gold","damage_taken":0,"max_hp_gain":0,"max_hp_loss":0,"event_name":"Golden Wing","floor":4,"gold_loss":0}],"is_beta":false,"boss_relics":[],"items_purged_floors":[],"is_endless":false,"potions_floor_spawned":[2,8],"killed_by":"Large Slime","ascension_level":20}