{"gold_per_floor":[117,83,83,93,106,133,133,150,173,30,62,62,90,90,90,90],"floor_reached":16,"playtime":334,"items_purged":[],"score":177,"play_id":"1dbceaf0-32bf-46f7-a911-a79a091a0776","local_time":"20181116162813","is_ascension_mode":true,"campfire_choices":[{"floor":7.0,"key":"REST"},{"floor":12.0,"key":"REST"},{"floor":15,"key":"REST"}],"neow_cost":"NONE","seed_source_timestamp":773153095660079,"circlet_count":0,"master_deck":["AscendersBane","Strike_B","Strike_B","Strike_B","Defend_B","Defend_B","Defend_B","Defend_B","Zap","Dualcast","Melter","Reinforced Body","Sweeping Beam","FTL","Capacitor","White Noise","BootSequence","Darkness"],"special_seed":0,"relics":["Cracked Core","NeowsBlessing","Bag of Marbles","Boot","Bronze Scales","Centennial Puzzle","Happy Flower"],"potions_floor_usage":[],"damage_taken":[{"damage":0.0,"enemies":"Cultist","floor":1.0,"turns":1.0},{"damage":0.0,"enemies":"Jaw Worm","floor":4.0,"turns":1.0},{"damage":0.0,"enemies":"2 Louse","floor":5.0,"turns":1.0},{"damage":33.0,"enemies":"3 Sentries","floor":6.0,"turns":7.0},{"damage":16.0,"enemies":"Gremlin Gang","floor":8.0,"turns":4.0},{"damage":12.0,"enemies":"Gremlin Nob","floor":11.0,"turns":4.0},{"damage":20,"enemies":"Lagavulin","floor":13,"turns":6},{"damage":38,"enemies":"Slime Boss","floor":16,"turns":4}],"seed_played":"-23940937422124161","potions_obtained":[{"floor":1.0,"key":"FocusPotion"},{"floor":4.0,"key":"Poison Potion"},{"floor":8.0,"key":"EssenceOfSteel"},{"floor":13,"key":"EssenceOfSteel"}],"is_trial":false,"path_per_floor":["M","$","?","M","M","E","R","M","T","$","E","R","E","?","R","B"],"character_chosen":"DEFECT","items_purchased":["Reinforced Body","Bronze Scales"],"campfire_rested":3,"item_purchase_floors":[2,10],"current_hp_per_floor":[68,68,61,61,61,28,50,34,34,34,22,44,24,24,46,8],"gold":90,"neow_bonus":"THREE_ENEMY_KILL","is_prod":false,"is_daily":false,"chose_seed":false,"campfire_upgraded":0,"win_rate":0,"timestamp":1542382093,"path_taken":["M","?","?","?","M","E","R","M","T","?","E","R","E","?","R","BOSS"],"build_version":"2018-11-15","purchased_purges":0,"victory":false,"max_hp_per_floor":[75,75,75,75,75,75,75,75,75,75,75,75,75,75,75,75],"card_choices":[{"not_picked":["Capacitor","Glacier"],"picked":"Melter","floor":1.0},{"not_picked":["Leap","Stack"],"picked":"Sweeping Beam","floor":4.0},{"not_picked":["Turbo","Self Repair"],"picked":"FTL","floor":5.0},{"not_picked":["Stack","Force Field"],"picked":"Capacitor","floor":6.0},{"not_picked":["Coolheaded","Hello World"],"picked":"White Noise","floor":8.0},{"not_picked":["Blizzard","Stack"],"picked":"BootSequence","floor":11.0},{"not_picked":["Force Field","Rebound","Beam Cell"],"picked":"SKIP","floor":13}],"player_experience":1207746,"relics_obtained":[{"floor":6.0,"key":"Bag of Marbles"},{"floor":9.0,"key":"Boot"},{"floor":11.0,"key":"Centennial Puzzle"},{"floor":13,"key":"Happy Flower"}],"event_choices":[{"damage_healed":0.0,"max_hp_gain":0.0,"max_hp_loss":0.0,"gold_gain":0.0,"event_name":"Wheel of Change","player_choice":"Damaged","floor":3.0,"gold_loss":0.0,"damage_taken":7.0},{"damage_healed":0,"gold_gain":0,"cards_transformed":["Strike_B"],"player_choice":"Transformed","damage_taken":0,"max_hp_gain":0,"max_hp_loss":0,"event_name":"Transmorgrifier","floor":14,"gold_loss":0,"cards_obtained":["Darkness"]}],"is_beta":false,"boss_relics":[],"items_purged_floors":[],"is_endless":false,"potions_floor_spawned":[1,4,8,13],"killed_by":"Slime Boss","ascension_level":10}