{"gold_per_floor":[118,136,61,61,75,50,83,142,194,212,212,212,44,44,44,163,163,187,37,37,37,52,52,52,52,52,11,11,11,42,61,61,190,190,204,79,99,122,140,140,159,175,199,199,199,220,70,70,70,70],"floor_reached":51,"playtime":5657,"items_purged":["Strike_R","Strike_R","Shame","Doubt"],"score":705,"play_id":"c670ac45-da18-4ac8-ba3b-b0fb75168ec2","local_time":"20190112092816","is_ascension_mode":true,"campfire_choices":[{"floor":11,"key":"REST"},{"data":"Havoc","floor":15,"key":"SMITH"},{"data":"Dark Embrace","floor":23,"key":"SMITH"},{"data":"Seeing Red","floor":25,"key":"SMITH"},{"data":"Seeing Red","floor":28,"key":"SMITH"},{"floor":32,"key":"REST"},{"floor":40,"key":"REST"},{"floor":44,"key":"REST"},{"floor":49,"key":"REST"}],"neow_cost":"NONE","seed_source_timestamp":11966032227299336,"circlet_count":0,"master_deck":["Strike_R","Strike_R+1","Defend_R+1","Defend_R","Defend_R","Bash","Deep Breath","Uppercut","Flame Barrier","Havoc+1","Rampage","Second Wind","Power Through","Dark Embrace+1","Parasite","Second Wind","Seeing Red+1","Evolve","Seeing Red+1","Burning Pact+1","Barricade","Feel No Pain+1","Seeing Red","Body Slam"],"relics":["Burning Blood","PreservedInsect","Anchor","Orichalcum","Golden Idol","Calling Bell","Bag of Preparation","Pantograph","Mango","Vajra","Darkstone Periapt","Matryoshka","Fusion Hammer","Ancient Tea Set","Boot"],"potions_floor_usage":[8,16,33,33,33,33,50,50,50],"damage_taken":[{"damage":1,"enemies":"Cultist","floor":1,"turns":3},{"damage":0,"enemies":"Small Slimes","floor":2,"turns":4},{"damage":2,"enemies":"2 Louse","floor":5,"turns":2},{"damage":54,"enemies":"3 Sentries","floor":7,"turns":14},{"damage":0,"enemies":"Gremlin Nob","floor":8,"turns":3},{"damage":3,"enemies":"2 Fungi Beasts","floor":10,"turns":5},{"damage":17,"enemies":"The Guardian","floor":16,"turns":11},{"damage":2,"enemies":"Chosen","floor":18,"turns":6},{"damage":6,"enemies":"3 Byrds","floor":22,"turns":7},{"damage":43,"enemies":"Book of Stabbing","floor":30,"turns":6},{"damage":47,"enemies":"Sentry and Sphere","floor":31,"turns":11},{"damage":59,"enemies":"Collector","floor":33,"turns":17},{"damage":8,"enemies":"3 Shapes","floor":35,"turns":6},{"damage":0,"enemies":"Orb Walker","floor":37,"turns":6},{"damage":18,"enemies":"Writhing Mass","floor":38,"turns":11},{"damage":51,"enemies":"Sphere and 2 Shapes","floor":39,"turns":10},{"damage":12,"enemies":"3 Darklings","floor":41,"turns":10},{"damage":0,"enemies":"Spire Growth","floor":42,"turns":8},{"damage":35,"enemies":"Jaw Worm Horde","floor":46,"turns":6},{"damage":17,"enemies":"Time Eater","floor":50,"turns":14}],"seed_played":"2231344080782192866","potions_obtained":[{"floor":7,"key":"Fire Potion"},{"floor":8,"key":"EntropicBrew"},{"floor":10,"key":"Poison Potion"},{"floor":16,"key":"Dexterity Potion"},{"floor":30,"key":"FearPotion"},{"floor":31,"key":"Weak Potion"},{"floor":37,"key":"SkillPotion"},{"floor":38,"key":"Dexterity Potion"},{"floor":46,"key":"GamblersBrew"}],"is_trial":false,"path_per_floor":["M","M","$","?","M","$","E","?","T","M","R","?","$","?","R","B",null,"M","$","?","?","M","R","?","R","T","$","R","?","E","M","R","B",null,"M","$","M","M","M","R","M","M","T","R","?","M","$","?","R","B",null],"character_chosen":"IRONCLAD","items_purchased":["Havoc","Power Through","Vajra","Seeing Red"],"campfire_rested":5,"item_purchase_floors":[6,13,19,27],"current_hp_per_floor":[80,80,80,64,68,68,20,26,26,29,53,53,53,53,53,42,88,88,88,88,88,88,88,88,88,88,88,88,88,51,10,36,20,88,86,86,88,76,31,57,51,57,57,83,83,54,54,54,80,77],"gold":70,"neow_bonus":"RANDOM_COLORLESS","is_prod":false,"is_daily":false,"chose_seed":false,"campfire_upgraded":4,"win_rate":0,"timestamp":1547281696,"path_taken":["M","?","$","?","M","$","E","?","T","M","R","?","$","?","R","BOSS","M","$","?","?","?","R","?","R","T","?","R","?","E","M","R","BOSS","M","$","M","M","M","R","M","M","T","R","?","M","?","?","R","BOSS"],"build_version":"2019-01-10","purchased_purges":4,"victory":true,"max_hp_per_floor":[80,80,80,80,80,80,80,80,80,80,80,80,80,74,74,74,88,88,88,88,88,88,88,88,88,88,88,88,88,88,88,88,88,88,88,88,88,88,88,88,88,88,88,88,88,88,88,88,88,88],"card_choices":[{"not_picked":["Body Slam","Warcry"],"picked":"Uppercut","floor":1},{"not_picked":["Clash","Sword Boomerang","True Grit"],"picked":"SKIP","floor":2},{"not_picked":["Bloodletting","Flex"],"picked":"Flame Barrier","floor":5},{"not_picked":["Sever Soul","Searing Blow","Sword Boomerang"],"picked":"SKIP","floor":7},{"not_picked":["Hemokinesis","Perfected Strike"],"picked":"Rampage","floor":8},{"not_picked":["Iron Wave","Whirlwind"],"picked":"Second Wind","floor":10},{"not_picked":["Limit Break","Fiend Fire"],"picked":"Dark Embrace","floor":16},{"not_picked":["Twin Strike","Ghostly Armor+1","Cleave+1"],"picked":"SKIP","floor":18},{"not_picked":["Thunderclap","Pommel Strike"],"picked":"Seeing Red","floor":22},{"not_picked":["Twin Strike","Headbutt+1","Spot Weakness"],"picked":"SKIP","floor":30},{"not_picked":["Pommel Strike","Corruption"],"picked":"Burning Pact+1","floor":31},{"not_picked":["Feed","Brutality"],"picked":"Barricade","floor":33},{"not_picked":["Clothesline+1","Rupture"],"picked":"Feel No Pain","floor":35},{"not_picked":["Flame Barrier","Searing Blow"],"picked":"Seeing Red","floor":37},{"not_picked":["Clash+1","Dropkick+1","Ghostly Armor+1"],"picked":"SKIP","floor":38},{"not_picked":["Reckless Charge","Twin Strike","Thunderclap+1"],"picked":"SKIP","floor":39},{"not_picked":["Armaments","Barricade","Cleave+1"],"picked":"SKIP","floor":41},{"not_picked":["Metallicize","Clash"],"picked":"Body Slam","floor":42},{"not_picked":["Clothesline+1","Searing Blow","Ghostly Armor+1"],"picked":"SKIP","floor":46}],"player_experience":199999,"relics_obtained":[{"floor":7,"key":"PreservedInsect"},{"floor":8,"key":"Anchor"},{"floor":9,"key":"Orichalcum"},{"floor":17,"key":"Bag of Preparation"},{"floor":17,"key":"Pantograph"},{"floor":17,"key":"Mango"},{"floor":26,"key":"Darkstone Periapt"},{"floor":30,"key":"Matryoshka"},{"floor":43,"key":"Ancient Tea Set"},{"floor":43,"key":"Boot"}],"event_choices":[{"damage_healed":0,"gold_gain":0,"player_choice":"Entered Light","damage_taken":16,"max_hp_gain":0,"max_hp_loss":0,"event_name":"Shining Light","floor":4,"gold_loss":0,"cards_upgraded":["Strike_R","Defend_R"]},{"damage_healed":0,"gold_gain":0,"player_choice":"Searched \u00272\u0027 times","damage_taken":0,"max_hp_gain":0,"max_hp_loss":0,"event_name":"Dead Adventurer","floor":8,"gold_loss":0},{"cards_removed":["Defend_R"],"damage_healed":0,"gold_gain":0,"player_choice":"Forget","damage_taken":0,"max_hp_gain":0,"max_hp_loss":0,"event_name":"Living Wall","floor":12,"gold_loss":0},{"damage_healed":0,"gold_gain":0,"player_choice":"Lose Max HP","damage_taken":0,"relics_obtained":["Golden Idol"],"max_hp_gain":0,"max_hp_loss":6,"event_name":"Golden Idol","floor":14,"gold_loss":0},{"damage_healed":0,"gold_gain":0,"player_choice":"Ignored","damage_taken":0,"max_hp_gain":0,"max_hp_loss":0,"event_name":"Vampires","floor":20,"gold_loss":0},{"damage_healed":0,"gold_gain":0,"player_choice":"Copied","damage_taken":0,"max_hp_gain":0,"max_hp_loss":0,"event_name":"Duplicator","floor":21,"gold_loss":0,"cards_obtained":["Second Wind"]},{"damage_healed":0,"gold_gain":0,"player_choice":"Read","damage_taken":0,"max_hp_gain":0,"max_hp_loss":0,"event_name":"The Library","floor":24,"gold_loss":0,"cards_obtained":["Evolve"]},{"cards_removed":["Strike_R"],"damage_healed":0,"gold_gain":0,"player_choice":"Offered Basic","damage_taken":0,"max_hp_gain":0,"max_hp_loss":0,"event_name":"Bonfire Elementals","floor":29,"gold_loss":0},{"damage_healed":0,"gold_gain":0,"player_choice":"Bought 0 Potions","damage_taken":0,"max_hp_gain":0,"max_hp_loss":0,"event_name":"The Woman in Blue","floor":45,"gold_loss":0},{"damage_healed":0,"gold_gain":0,"player_choice":"Forge","damage_taken":0,"max_hp_gain":0,"max_hp_loss":0,"event_name":"Accursed Blacksmith","floor":48,"gold_loss":0,"cards_upgraded":["Feel No Pain"]}],"is_beta":false,"boss_relics":[{"not_picked":["Sozu","Cursed Key"],"picked":"Calling Bell"},{"not_picked":["Snecko Eye","Astrolabe"],"picked":"Fusion Hammer"}],"items_purged_floors":[3,13,36,47],"is_endless":false,"potions_floor_spawned":[7,8,10,16,30,31,37,38,39,46],"ascension_level":3}