{"gold_per_floor":[116,79,79,154,154,195,195,214,241,241,265,286,320,275],"floor_reached":14,"playtime":231,"items_purged":[],"score":185,"play_id":"1ab24fc1-b2d8-440c-8d7c-9743d4cd3282","local_time":"20181128220119","is_ascension_mode":true,"campfire_choices":[{"data":"Terror","floor":7,"key":"SMITH"}],"neow_cost":"NONE","seed_source_timestamp":952807913880087,"circlet_count":0,"master_deck":["AscendersBane","Defend_G","Defend_G","Defend_G","Defend_G","Defend_G","Strike_G","Strike_G","Strike_G","Strike_G","Survivor","Neutralize","Slice","Crippling Poison","Terror+1","Deadly Poison","Parasite","Caltrops","Poisoned Stab","Heel Hook"],"relics":["Ring of the Snake","NeowsBlessing","Golden Idol","Gremlin Horn","Boot","Torii"],"potions_floor_usage":[],"damage_taken":[{"damage":0,"enemies":"2 Louse","floor":1,"turns":1},{"damage":0,"enemies":"Gremlin Nob","floor":6,"turns":1},{"damage":0,"enemies":"Jaw Worm","floor":8,"turns":1},{"damage":3,"enemies":"Small Slimes","floor":11,"turns":4},{"damage":2,"enemies":"2 Fungi Beasts","floor":12,"turns":4},{"damage":32,"enemies":"Lagavulin","floor":13,"turns":7},{"damage":8,"enemies":"Looter","floor":14,"turns":3}],"seed_played":"-8322457876779719813","potions_obtained":[{"floor":1,"key":"Dexterity Potion"},{"floor":6,"key":"PowerPotion"},{"floor":12,"key":"Explosive Potion"}],"is_trial":false,"path_per_floor":["M","$","?","?","?","E","R","M","T","?","M","M","E","M"],"character_chosen":"THE_SILENT","items_purchased":["Crippling Poison"],"campfire_rested":0,"item_purchase_floors":[2],"current_hp_per_floor":[63,63,46,35,28,28,28,28,28,45,42,40,8,0],"gold":275,"neow_bonus":"THREE_ENEMY_KILL","is_prod":false,"is_daily":false,"chose_seed":false,"campfire_upgraded":1,"win_rate":0,"timestamp":1543438879,"path_taken":["M","$","?","?","?","E","R","?","T","?","M","M","E","M"],"build_version":"2018-11-15","purchased_purges":0,"victory":false,"max_hp_per_floor":[70,70,70,70,70,70,70,70,70,70,70,70,70,70],"card_choices":[{"not_picked":["Setup","Underhanded Strike"],"picked":"Slice","floor":1},{"not_picked":["Finisher","Underhanded Strike"],"picked":"Terror","floor":6},{"not_picked":["Blade Dance","Dash"],"picked":"Deadly Poison","floor":8},{"not_picked":["Distraction","Predator"],"picked":"Caltrops","floor":11},{"not_picked":["Dagger Spray","Bane"],"picked":"Poisoned Stab","floor":12},{"not_picked":["Reflex","Outmaneuver"],"picked":"Heel Hook","floor":13}],"player_experience":1367219,"relics_obtained":[{"floor":6,"key":"Gremlin Horn"},{"floor":9,"key":"Boot"},{"floor":13,"key":"Torii"}],"event_choices":[{"damage_healed":0,"gold_gain":0,"player_choice":"Take Damage","damage_taken":17,"relics_obtained":["Golden Idol"],"max_hp_gain":0,"max_hp_loss":0,"event_name":"Golden Idol","floor":3,"gold_loss":0},{"damage_healed":0,"gold_gain":75,"player_choice":"Gather Gold","damage_taken":11,"max_hp_gain":0,"max_hp_loss":0,"event_name":"World of Goop","floor":4,"gold_loss":0},{"cards_removed":["Strike_G"],"damage_healed":0,"gold_gain":0,"player_choice":"Card Removal","damage_taken":7,"max_hp_gain":0,"max_hp_loss":0,"event_name":"Golden Wing","floor":5,"gold_loss":0},{"damage_healed":17,"gold_gain":0,"player_choice":"Healed and dodged fight","damage_taken":0,"max_hp_gain":0,"max_hp_loss":0,"event_name":"Mushrooms","floor":10,"gold_loss":0,"cards_obtained":["Parasite"]}],"is_beta":false,"boss_relics":[],"items_purged_floors":[],"is_endless":false,"potions_floor_spawned":[1,6,12],"killed_by":"Looter","ascension_level":10}