{"gold_per_floor":[119,137,137,191,206,231,247,102,178,178],"floor_reached":10,"playtime":419,"items_purged":[],"score":112,"play_id":"3eb79390-3d76-4886-b67b-f369f2e2bcbb","local_time":"20190207102159","is_ascension_mode":true,"campfire_choices":[],"neow_cost":"NONE","seed_source_timestamp":1027242857881089,"circlet_count":0,"master_deck":["AscendersBane","Strike_R","Strike_R","Strike_R","Strike_R","Strike_R","Defend_R","Defend_R","Defend_R","Defend_R","Bash","Havoc","Dropkick","Clothesline","True Grit"],"relics":["Burning Blood","NeowsBlessing","Orichalcum","Dream Catcher","Oddly Smooth Stone","Blue Candle"],"potions_floor_usage":[6,10],"damage_taken":[{"damage":0,"enemies":"Small Slimes","floor":1,"turns":1},{"damage":0,"enemies":"Jaw Worm","floor":2,"turns":1},{"damage":0,"enemies":"Cultist","floor":5,"turns":1},{"damage":24,"enemies":"3 Sentries","floor":6,"turns":9},{"damage":6,"enemies":"2 Fungi Beasts","floor":7,"turns":4},{"damage":0,"enemies":"Large Slime","floor":10,"turns":5}],"seed_played":"8418229092033200023","potions_obtained":[{"floor":1,"key":"SteroidPotion"},{"floor":2,"key":"Block Potion"}],"is_trial":false,"path_per_floor":["M","M","?","T","M","E","M","$","T","M"],"character_chosen":"IRONCLAD","items_purchased":["Oddly Smooth Stone"],"campfire_rested":0,"item_purchase_floors":[8],"current_hp_per_floor":[78,80,80,80,80,62,62,62,62,62],"gold":178,"neow_bonus":"THREE_ENEMY_KILL","is_prod":false,"is_daily":false,"chose_seed":false,"campfire_upgraded":0,"win_rate":0,"timestamp":1549531319,"path_taken":["M","M","?","?","?","E","M","?","T","M"],"build_version":"2019-01-23","purchased_purges":0,"victory":false,"max_hp_per_floor":[80,80,80,80,80,80,80,80,80,80],"card_choices":[{"not_picked":["Cleave","Dual Wield"],"picked":"Havoc","floor":1},{"not_picked":["Pommel Strike","Entrench"],"picked":"Dropkick","floor":2},{"not_picked":["Hemokinesis","Clash"],"picked":"Clothesline","floor":5},{"not_picked":["Heavy Blade","Havoc","Wild Strike"],"picked":"SKIP","floor":6},{"not_picked":["Sentinel","Body Slam"],"picked":"True Grit","floor":7}],"player_experience":2244913,"relics_obtained":[{"floor":4,"key":"Orichalcum"},{"floor":6,"key":"Dream Catcher"},{"floor":9,"key":"Blue Candle"}],"event_choices":[{"damage_healed":0,"gold_gain":0,"player_choice":"Leave","damage_taken":0,"max_hp_gain":0,"max_hp_loss":0,"event_name":"The Cleric","floor":3,"gold_loss":0}],"is_beta":false,"boss_relics":[],"items_purged_floors":[],"is_endless":false,"potions_floor_spawned":[1,2],"killed_by":"Large Slime","ascension_level":13}