{"gold_per_floor":[112,124,142,158,168,195,195,223,269,289,317,56,76,76],"floor_reached":14,"playtime":1917,"items_purged":["Strike_G"],"score":120,"play_id":"2984d304-ca75-4492-ad61-254c5476f3a7","local_time":"20190205113825","is_ascension_mode":true,"campfire_choices":[],"neow_cost":"NONE","seed_source_timestamp":0,"circlet_count":0,"master_deck":["Defend_G","Defend_G","Defend_G","Defend_G","Defend_G","Strike_G","Strike_G","Strike_G","Strike_G","Survivor","Neutralize","Heel Hook","Quick Slash","Backstab","Escape Plan","Calculated Gamble","All Out Attack","A Thousand Cuts","Backflip","Backstab","Noxious Fumes","Adrenaline","All Out Attack"],"special_seed":0,"relics":["Ring of the Snake","Mummified Hand","CultistMask","PreservedInsect","Bronze Scales","Ornamental Fan"],"potions_floor_usage":[6,8,11],"damage_taken":[{"damage":1.0,"enemies":"Jaw Worm","floor":1.0,"turns":6.0},{"damage":0.0,"enemies":"Cultist","floor":2.0,"turns":5.0},{"damage":0.0,"enemies":"Small Slimes","floor":3.0,"turns":4.0},{"damage":2.0,"enemies":"Looter","floor":4.0,"turns":4.0},{"damage":0,"enemies":"Large Slime","floor":5,"turns":5},{"damage":13,"enemies":"3 Sentries","floor":6,"turns":8},{"damage":42,"enemies":"Lagavulin","floor":8,"turns":7},{"damage":0,"enemies":"Lots of Slimes","floor":10,"turns":1},{"damage":15,"enemies":"3 Sentries","floor":11,"turns":4},{"damage":1,"enemies":"3 Louse","floor":13,"turns":1},{"damage":3,"enemies":"Blue Slaver","floor":14,"turns":1}],"seed_played":"3512939593668171471","potions_obtained":[{"floor":1.0,"key":"Fire Potion"},{"floor":4,"key":"AttackPotion"},{"floor":6,"key":"EssenceOfSteel"},{"floor":13,"key":"SkillPotion"}],"is_trial":false,"path_per_floor":["M","M","M","M","M","E","?","E","T","M","E","$","M","M"],"character_chosen":"THE_SILENT","items_purchased":["Noxious Fumes","Adrenaline"],"campfire_rested":0,"item_purchase_floors":[12,12],"current_hp_per_floor":[76,76,76,74,74,61,61,19,19,19,4,4,3,0],"gold":76,"neow_bonus":"TEN_PERCENT_HP_BONUS","is_prod":false,"is_daily":false,"chose_seed":false,"campfire_upgraded":0,"win_rate":0,"timestamp":1549395505,"path_taken":["M","M","M","M","M","E","?","E","T","M","E","?","M","M"],"build_version":"2019-01-23","purchased_purges":1,"victory":false,"max_hp_per_floor":[77,77,77,77,77,77,77,77,77,77,77,77,77,77],"card_choices":[{"not_picked":["Blur","Dagger Throw"],"picked":"Heel Hook","floor":1.0},{"not_picked":["Backflip","Flechettes"],"picked":"Quick Slash","floor":2.0},{"not_picked":["Deflect","Flying Knee"],"picked":"Backstab","floor":3.0},{"not_picked":["All Out Attack","Accuracy"],"picked":"Escape Plan","floor":4},{"not_picked":["Acrobatics","Expertise"],"picked":"Calculated Gamble","floor":5},{"not_picked":["Outmaneuver","Accuracy"],"picked":"All Out Attack","floor":6},{"not_picked":["Dodge and Roll","Deadly Poison"],"picked":"A Thousand Cuts","floor":8},{"not_picked":["Slice","Blade Dance"],"picked":"Backflip","floor":10},{"not_picked":["Footwork","Distraction"],"picked":"Backstab","floor":11},{"not_picked":["Underhanded Strike","Endless Agony"],"picked":"All Out Attack","floor":13}],"player_experience":77980,"relics_obtained":[{"floor":6,"key":"Mummified Hand"},{"floor":8,"key":"PreservedInsect"},{"floor":9,"key":"Bronze Scales"},{"floor":11,"key":"Ornamental Fan"}],"event_choices":[{"damage_healed":0,"gold_gain":0,"player_choice":"Trade","damage_taken":0,"relics_obtained":["CultistMask"],"max_hp_gain":0,"max_hp_loss":0,"event_name":"FaceTrader","floor":7,"gold_loss":0}],"is_beta":false,"boss_relics":[],"items_purged_floors":[12],"is_endless":false,"potions_floor_spawned":[1,4,6,13],"killed_by":"Blue Slaver","ascension_level":1}