{"gold_per_floor":[117,117,117,129,316,328,368,50,50,50,63,76,86,96,96,96],"floor_reached":16,"playtime":224,"items_purged":[],"score":213,"play_id":"2c455624-719a-46b3-89ae-d3d462a88747","local_time":"20190216120409","is_ascension_mode":true,"campfire_choices":[{"floor":6,"key":"REST"},{"data":"Bash","floor":10,"key":"SMITH"},{"data":"Seeing Red","floor":15,"key":"SMITH"}],"neow_cost":"NONE","seed_source_timestamp":731494920897272,"circlet_count":0,"master_deck":["AscendersBane","Strike_R","Strike_R","Strike_R","Strike_R","Defend_R","Defend_R","Defend_R","Defend_R","Bash+1","Corruption","Doubt","Anger","Pommel Strike","Whirlwind","Spot Weakness","Seeing Red+1","Iron Wave"],"relics":["Burning Blood","NeowsBlessing","MawBank","Regal Pillow","Ice Cream","Letter Opener"],"potions_floor_usage":[12,14],"damage_taken":[{"damage":0,"enemies":"2 Louse","floor":1,"turns":1},{"damage":0,"enemies":"Gremlin Nob","floor":7,"turns":1},{"damage":0,"enemies":"Jaw Worm","floor":11,"turns":1},{"damage":0,"enemies":"Small Slimes","floor":12,"turns":2},{"damage":12,"enemies":"Looter","floor":13,"turns":3},{"damage":21,"enemies":"Blue Slaver","floor":14,"turns":3},{"damage":0,"enemies":"Slime Boss","floor":16,"turns":3}],"seed_played":"268917933362873915","potions_obtained":[{"floor":11,"key":"Poison Potion"},{"floor":13,"key":"Fruit Juice"},{"floor":14,"key":"EssenceOfSteel"}],"is_trial":false,"path_per_floor":["M","?","?","?","?","R","E","$","T","R","M","M","M","M","R","B"],"character_chosen":"IRONCLAD","items_purchased":["Ice Cream","Pommel Strike"],"campfire_rested":1,"item_purchase_floors":[8,8],"current_hp_per_floor":[74,74,49,42,42,64,70,70,70,70,75,75,69,59,59,59],"gold":96,"neow_bonus":"THREE_ENEMY_KILL","is_prod":false,"is_daily":false,"chose_seed":false,"campfire_upgraded":2,"win_rate":0,"timestamp":1550315049,"path_taken":["M","?","?","?","?","R","E","?","T","R","M","M","?","?","R","BOSS"],"build_version":"2019-01-23","purchased_purges":0,"victory":false,"max_hp_per_floor":[75,75,75,75,75,75,75,75,75,75,75,75,75,80,80,80],"card_choices":[{"not_picked":["Perfected Strike","Dual Wield"],"picked":"Clash","floor":1},{"not_picked":["Wild Strike","Havoc"],"picked":"Anger","floor":7},{"not_picked":["Warcry","Cleave"],"picked":"Whirlwind","floor":11},{"not_picked":["Ghostly Armor","Clash"],"picked":"Spot Weakness","floor":12},{"not_picked":["Entrench","True Grit"],"picked":"Seeing Red","floor":13},{"not_picked":["Feel No Pain","Warcry"],"picked":"Iron Wave","floor":14}],"player_experience":2287070,"relics_obtained":[{"floor":7,"key":"Regal Pillow"},{"floor":9,"key":"Letter Opener"}],"event_choices":[{"damage_healed":0,"gold_gain":0,"cards_transformed":["Clash"],"player_choice":"Change","damage_taken":0,"max_hp_gain":0,"max_hp_loss":0,"event_name":"Living Wall","floor":2,"gold_loss":0,"cards_obtained":["Corruption"]},{"damage_healed":0,"gold_gain":0,"player_choice":"Success","damage_taken":25,"relics_obtained":["MawBank"],"max_hp_gain":0,"max_hp_loss":0,"event_name":"Scrap Ooze","floor":3,"gold_loss":0},{"cards_removed":["Strike_R"],"damage_healed":0,"gold_gain":0,"player_choice":"Card Removal","damage_taken":7,"max_hp_gain":0,"max_hp_loss":0,"event_name":"Golden Wing","floor":4,"gold_loss":0},{"damage_healed":0,"gold_gain":175,"player_choice":"AGREE","damage_taken":0,"max_hp_gain":0,"max_hp_loss":0,"event_name":"Liars Game","floor":5,"gold_loss":0,"cards_obtained":["Doubt"]}],"is_beta":false,"boss_relics":[],"items_purged_floors":[],"is_endless":false,"potions_floor_spawned":[11,13,14],"killed_by":"Slime Boss","ascension_level":14}