{"gold_per_floor":[114,47,47,122,222,222,252,265,289,289,300,331,347,366,366,366],"floor_reached":16,"playtime":784,"items_purged":[],"score":187,"play_id":"fbc30362-2128-4065-91e8-24c7772a3d33","local_time":"20190131195301","is_ascension_mode":true,"campfire_choices":[{"floor":6,"key":"REST"},{"data":"Iron Wave","floor":10,"key":"SMITH"},{"floor":15,"key":"REST"}],"neow_cost":"NONE","seed_source_timestamp":13650015346658164,"circlet_count":0,"master_deck":["AscendersBane","Strike_R","Strike_R","Strike_R","Strike_R","Strike_R","Defend_R","Defend_R","Defend_R","Defend_R","Bash","Reaper","Shrug It Off","Evolve","Iron Wave+1","Iron Wave","Shrug It Off","Dropkick","Reckless Charge"],"relics":["Burning Blood","Dream Catcher","Regal Pillow","Strawberry"],"potions_floor_usage":[12,16],"damage_taken":[{"damage":9,"enemies":"Jaw Worm","floor":1,"turns":4},{"damage":37,"enemies":"3 Sentries","floor":7,"turns":17},{"damage":3,"enemies":"2 Louse","floor":8,"turns":3},{"damage":13,"enemies":"Small Slimes","floor":11,"turns":5},{"damage":23,"enemies":"Lagavulin","floor":12,"turns":7},{"damage":19,"enemies":"Exordium Thugs","floor":13,"turns":6},{"damage":45,"enemies":"Gremlin Gang","floor":14,"turns":8},{"damage":66,"enemies":"Slime Boss","floor":16,"turns":9}],"seed_played":"4236219028735092254","potions_obtained":[{"floor":11,"key":"PowerPotion"},{"floor":12,"key":"SneckoOil"},{"floor":14,"key":"Block Potion"}],"is_trial":false,"path_per_floor":["M","$","?","?","?","R","E","M","T","R","M","E","M","M","R","B"],"character_chosen":"IRONCLAD","items_purchased":["Evolve"],"campfire_rested":2,"item_purchase_floors":[2],"current_hp_per_floor":[65,65,65,54,54,75,56,63,63,63,60,50,47,19,58,0],"gold":366,"neow_bonus":"ONE_RANDOM_RARE_CARD","is_prod":false,"is_daily":false,"chose_seed":false,"campfire_upgraded":1,"win_rate":0,"timestamp":1548960781,"path_taken":["M","$","?","?","?","R","E","M","T","R","?","E","?","M","R","BOSS"],"build_version":"2019-01-23","purchased_purges":0,"victory":false,"max_hp_per_floor":[75,75,75,75,75,75,75,75,75,75,75,82,82,82,82,82],"card_choices":[{"not_picked":["Warcry","Wild Strike"],"picked":"Shrug It Off","floor":1},{"not_picked":["Anger","Fire Breathing","Perfected Strike"],"picked":"SKIP","floor":7},{"not_picked":["Shockwave","Spot Weakness"],"picked":"Iron Wave","floor":8},{"not_picked":["Sever Soul","Blood for Blood"],"picked":"Iron Wave","floor":11},{"not_picked":["Body Slam","Headbutt"],"picked":"Shrug It Off","floor":12},{"not_picked":["Bloodletting","Body Slam"],"picked":"Dropkick","floor":13},{"not_picked":["Heavy Blade","Flex","Juggernaut"],"picked":"SKIP","floor":14},{"not_picked":["Warcry","Disarm"],"picked":"Reckless Charge","floor":15}],"player_experience":343437,"relics_obtained":[{"floor":7,"key":"Dream Catcher"},{"floor":9,"key":"Regal Pillow"},{"floor":12,"key":"Strawberry"}],"event_choices":[{"damage_healed":0,"gold_gain":0,"player_choice":"Ignored","damage_taken":0,"max_hp_gain":0,"max_hp_loss":0,"event_name":"Liars Game","floor":3,"gold_loss":0},{"damage_healed":0,"gold_gain":75,"player_choice":"Gather Gold","damage_taken":11,"max_hp_gain":0,"max_hp_loss":0,"event_name":"World of Goop","floor":4,"gold_loss":0},{"damage_healed":0,"gold_gain":100,"player_choice":"Pray","damage_taken":0,"max_hp_gain":0,"max_hp_loss":0,"event_name":"Golden Shrine","floor":5,"gold_loss":0}],"is_beta":false,"boss_relics":[],"items_purged_floors":[],"is_endless":false,"potions_floor_spawned":[11,12,14],"killed_by":"Slime Boss","ascension_level":14}