{"gold_per_floor":[112,287,287,76,76,76,6,47,47,47,47],"floor_reached":11,"playtime":237,"items_purged":[],"score":114,"play_id":"77b2b78f-9e11-469d-95bd-ceabba828370","local_time":"20190210145930","is_ascension_mode":true,"campfire_choices":[{"data":"Apotheosis","floor":6.0,"key":"SMITH"}],"neow_cost":"NONE","seed_source_timestamp":0,"circlet_count":0,"master_deck":["AscendersBane","Strike_R","Strike_R","Strike_R","Strike_R","Strike_R","Defend_R","Defend_R","Defend_R","Defend_R+1","Bash","Heavy Blade","Doubt","Apotheosis+1","Uppercut+1","Metallicize","Sever Soul"],"special_seed":0,"relics":["Snecko Eye","Golden Idol","Self Forming Clay","Unceasing Top","Champion Belt"],"potions_floor_usage":[],"damage_taken":[{"damage":0.0,"enemies":"Cultist","floor":1.0,"turns":2.0},{"damage":17.0,"enemies":"Lagavulin","floor":8.0,"turns":7.0},{"damage":7,"enemies":"3 Sentries","floor":11,"turns":2}],"seed_played":"2942130618468260752","potions_obtained":[{"floor":8.0,"key":"SmokeBomb"}],"is_trial":false,"path_per_floor":["M","?","?","$","T","R","$","E","T","?","E"],"character_chosen":"IRONCLAD","items_purchased":["Apotheosis","Uppercut","Metallicize"],"campfire_rested":0,"item_purchase_floors":[4,4,7],"current_hp_per_floor":[68,68,50,50,50,50,50,33,33,18,11],"gold":47,"neow_bonus":"BOSS_RELIC","is_prod":false,"is_daily":false,"chose_seed":false,"campfire_upgraded":1,"win_rate":0,"timestamp":1549807170,"path_taken":["M","?","?","$","?","R","$","E","T","?","E"],"build_version":"2019-01-23","purchased_purges":0,"victory":false,"max_hp_per_floor":[75,75,75,75,75,75,75,75,75,75,75],"card_choices":[{"not_picked":["Anger","Warcry"],"picked":"Heavy Blade","floor":1.0},{"not_picked":["Wild Strike","Brutality"],"picked":"Sever Soul","floor":8.0}],"player_experience":2275046,"relics_obtained":[{"floor":5.0,"key":"Self Forming Clay"},{"floor":8.0,"key":"Unceasing Top"},{"floor":9.0,"key":"Champion Belt"}],"event_choices":[{"damage_healed":0.0,"max_hp_gain":0.0,"max_hp_loss":0.0,"gold_gain":175.0,"event_name":"Liars Game","player_choice":"AGREE","floor":2.0,"gold_loss":0.0,"damage_taken":0.0,"cards_obtained":["Doubt"]},{"damage_healed":0.0,"max_hp_gain":0.0,"max_hp_loss":0.0,"gold_gain":0.0,"event_name":"Golden Idol","player_choice":"Take Damage","floor":3.0,"gold_loss":0.0,"damage_taken":18.0,"relics_obtained":["Golden Idol"]},{"damage_healed":0.0,"max_hp_gain":0.0,"max_hp_loss":0.0,"gold_gain":0.0,"event_name":"Shining Light","player_choice":"Entered Light","floor":10.0,"gold_loss":0.0,"damage_taken":15.0,"cards_upgraded":["Uppercut","Defend_R"]}],"is_beta":false,"boss_relics":[],"items_purged_floors":[],"is_endless":false,"potions_floor_spawned":[8],"killed_by":"3 Sentries","ascension_level":14}