{"gold_per_floor":[112,37,50,50,3,3,3,3,3,103,129,129,161,177,177,274,274,285,285,305,305,136,136,154,189,216,216,216],"floor_reached":28,"playtime":1912,"items_purged":["Defend_R","Dual Wield"],"score":339,"play_id":"bb4e58af-f90d-40c1-a451-5afb4ab61d9e","local_time":"20190117190754","is_ascension_mode":true,"campfire_choices":[{"data":"Rage","floor":6.0,"key":"SMITH"},{"data":"Metallicize","floor":8.0,"key":"SMITH"},{"floor":12.0,"key":"REST"},{"data":"True Grit","floor":15.0,"key":"SMITH"},{"floor":23.0,"key":"REST"},{"floor":27.0,"key":"REST"}],"neow_cost":"NONE","seed_source_timestamp":12436412920541791,"circlet_count":0,"master_deck":["Strike_R","Strike_R","Strike_R","Strike_R","Defend_R","Bash","Rage+1","Metallicize+1","Headbutt","Rampage","Dropkick","True Grit+1","Demon Form","Iron Wave+1","Sever Soul","Second Wind","Shrug It Off"],"special_seed":0,"relics":["Burning Blood","Oddly Smooth Stone","Matryoshka","PreservedInsect","Bag of Marbles","Eternal Feather","Unceasing Top","Ancient Tea Set","Smiling Mask"],"potions_floor_usage":[28],"damage_taken":[{"damage":4.0,"enemies":"Small Slimes","floor":1.0,"turns":3.0},{"damage":10.0,"enemies":"2 Louse","floor":3.0,"turns":3.0},{"damage":23.0,"enemies":"Lagavulin","floor":11.0,"turns":9.0},{"damage":10.0,"enemies":"3 Sentries","floor":13.0,"turns":6.0},{"damage":6.0,"enemies":"Cultist","floor":14.0,"turns":3.0},{"damage":25.0,"enemies":"Slime Boss","floor":16.0,"turns":11.0},{"damage":20.0,"enemies":"3 Byrds","floor":18.0,"turns":9.0},{"damage":29.0,"enemies":"Colosseum Slavers","floor":19.0,"turns":7.0},{"damage":11.0,"enemies":"Shell Parasite","floor":20.0,"turns":8.0},{"damage":34.0,"enemies":"Chosen and Byrds","floor":24.0,"turns":6.0},{"damage":21.0,"enemies":"Book of Stabbing","floor":25.0,"turns":6.0},{"damage":60,"enemies":"Gremlin Leader","floor":28,"turns":6}],"seed_played":"-6628173963233577032","potions_obtained":[{"floor":1.0,"key":"Weak Potion"},{"floor":13.0,"key":"Poison Potion"},{"floor":20.0,"key":"GamblersBrew"},{"floor":24.0,"key":"Poison Potion"},{"floor":25.0,"key":"Energy Potion"}],"is_trial":false,"path_per_floor":["M","$","M","?","$","R","?","R","T","?","E","R","E","M","R","B",null,"M","?","M","?","$","R","M","E","T","R","E"],"character_chosen":"IRONCLAD","items_purchased":["Headbutt","Second Wind"],"campfire_rested":3,"item_purchase_floors":[5,22],"current_hp_per_floor":[74,74,70,75,75,75,68,68,68,68,51,76,72,72,72,53,77,63,40,35,35,35,69,41,26,26,60,0],"gold":216,"neow_bonus":"TRANSFORM_CARD","is_prod":false,"is_daily":false,"chose_seed":false,"campfire_upgraded":3,"win_rate":0,"timestamp":1547748474,"path_taken":["M","$","M","?","$","R","?","R","T","?","E","R","E","?","R","BOSS","M","?","M","?","$","R","M","E","T","R","E"],"build_version":"2019-01-10","purchased_purges":2,"victory":false,"max_hp_per_floor":[80,80,80,85,85,85,85,85,85,85,85,85,85,85,85,85,85,85,85,85,85,85,85,85,85,85,85,85],"card_choices":[{"not_picked":["Flame Barrier","Ghostly Armor"],"picked":"Metallicize","floor":1.0},{"not_picked":["Wild Strike","Searing Blow","Havoc"],"picked":"SKIP","floor":3.0},{"not_picked":["Havoc","Clash"],"picked":"Rampage","floor":11.0},{"not_picked":["Infernal Blade","Ghostly Armor"],"picked":"Dropkick","floor":13.0},{"not_picked":["Bloodletting","Havoc"],"picked":"True Grit","floor":14.0},{"not_picked":["Reaper","Dark Embrace"],"picked":"Demon Form","floor":16.0},{"not_picked":["Disarm+1","Warcry","Wild Strike"],"picked":"SKIP","floor":18.0},{"not_picked":["Body Slam","Warcry"],"picked":"Iron Wave+1","floor":20.0},{"not_picked":["Disarm","Seeing Red"],"picked":"Shrug It Off","floor":24.0},{"not_picked":["Headbutt","Reckless Charge","Inflame"],"picked":"SKIP","floor":25.0}],"player_experience":245651,"relics_obtained":[{"floor":9.0,"key":"Matryoshka"},{"floor":11.0,"key":"PreservedInsect"},{"floor":13.0,"key":"Bag of Marbles"},{"floor":25.0,"key":"Unceasing Top"},{"floor":26.0,"key":"Ancient Tea Set"},{"floor":26.0,"key":"Smiling Mask"}],"event_choices":[{"damage_healed":0.0,"max_hp_gain":5.0,"max_hp_loss":0.0,"gold_gain":0.0,"event_name":"Big Fish","player_choice":"Donut","floor":4.0,"gold_loss":0.0,"damage_taken":0.0},{"damage_healed":0.0,"max_hp_gain":0.0,"max_hp_loss":0.0,"gold_gain":0.0,"event_name":"Scrap Ooze","player_choice":"Success","floor":7.0,"gold_loss":0.0,"damage_taken":7.0,"relics_obtained":["Oddly Smooth Stone"]},{"damage_healed":0.0,"max_hp_gain":0.0,"max_hp_loss":0.0,"gold_gain":100.0,"event_name":"Golden Shrine","player_choice":"Pray","floor":10.0,"gold_loss":0.0,"damage_taken":0.0},{"damage_healed":0.0,"max_hp_gain":0.0,"max_hp_loss":0.0,"gold_gain":0.0,"event_name":"Colosseum","player_choice":"Fight","floor":19.0,"gold_loss":0.0,"damage_taken":0.0},{"damage_healed":0.0,"max_hp_gain":0.0,"max_hp_loss":0.0,"gold_gain":0.0,"event_name":"Colosseum","player_choice":"Fled From Nobs","floor":19.0,"gold_loss":0.0,"damage_taken":0.0},{"damage_healed":0.0,"max_hp_gain":0.0,"max_hp_loss":0.0,"gold_gain":0.0,"cards_transformed":["Defend_R","Defend_R"],"event_name":"Drug Dealer","player_choice":"Became Test Subject","floor":21.0,"gold_loss":0.0,"damage_taken":0.0,"cards_obtained":["Dual Wield","Sever Soul"]}],"is_beta":false,"boss_relics":[{"not_picked":["Coffee Dripper","Cursed Key"],"picked":"Eternal Feather"}],"items_purged_floors":[2,22],"is_endless":false,"potions_floor_spawned":[1,13,20,24,25],"killed_by":"Gremlin Leader","ascension_level":8}