{"gold_per_floor":[111,141,159,234,246,246,256,290,317,66,79,95,107,120,120,224,224,237,237,237],"floor_reached":20,"playtime":4639,"items_purged":[],"score":258,"play_id":"eb413948-342a-4acf-9d71-c6c60049e43c","local_time":"20180901135246","is_ascension_mode":true,"campfire_choices":[{"floor":6,"key":"REST"},{"floor":15,"key":"REST"}],"neow_cost":"NONE","seed_source_timestamp":40805995754924,"circlet_count":0,"master_deck":["Strike_B","Strike_B","Strike_B","Defend_B","Defend_B","Defend_B","Defend_B","Zap","Dualcast","Seek","Hello World","Loop","Tempest","Hologram","Reinforced Body","Leap","Doom and Gloom","FTL","Conserve Battery","Echo Form","FTL","Deep Breath"],"relics":["Cracked Core","Tiny Chest","Lantern","Bag of Marbles","Question Card","Busted Crown"],"potions_floor_usage":[8,11,11,18],"damage_taken":[{"damage":1,"enemies":"Cultist","floor":1,"turns":3},{"damage":0,"enemies":"2 Louse","floor":3,"turns":1},{"damage":18,"enemies":"Jaw Worm","floor":5,"turns":4},{"damage":6,"enemies":"Blue Slaver","floor":7,"turns":4},{"damage":38,"enemies":"Gremlin Nob","floor":8,"turns":4},{"damage":0,"enemies":"Lots of Slimes","floor":11,"turns":4},{"damage":2,"enemies":"Red Slaver","floor":12,"turns":3},{"damage":0,"enemies":"2 Fungi Beasts","floor":13,"turns":3},{"damage":1,"enemies":"Looter","floor":14,"turns":3},{"damage":2,"enemies":"The Guardian","floor":16,"turns":10},{"damage":11,"enemies":"3 Byrds","floor":18,"turns":3},{"damage":23,"enemies":"Colosseum Slavers","floor":20,"turns":4},{"damage":20,"enemies":"Colosseum Nobs","floor":20,"turns":2}],"seed_played":"352426187866859192","potions_obtained":[{"floor":1,"key":"Swift Potion"},{"floor":5,"key":"Explosive Potion"},{"floor":8,"key":"Energy Potion"},{"floor":11,"key":"Ancient Potion"},{"floor":13,"key":"LiquidBronze"}],"is_trial":false,"path_per_floor":["M","?","M","?","M","R","M","E","T","$","M","M","M","M","R","B",null,"M","?"],"character_chosen":"DEFECT","items_purchased":["Question Card"],"campfire_rested":2,"item_purchase_floors":[10],"current_hp_per_floor":[67,60,60,49,31,53,47,9,9,9,9,7,7,6,28,26,63,52,38,0],"gold":237,"neow_bonus":"TRANSFORM_CARD","is_prod":false,"is_daily":false,"chose_seed":false,"campfire_upgraded":0,"win_rate":0,"timestamp":1535802766,"path_taken":["M","?","M","?","M","R","M","E","T","$","M","?","M","M","R","BOSS","M","?","?"],"build_version":"2018-08-30","purchased_purges":0,"victory":false,"max_hp_per_floor":[75,75,75,75,75,75,75,75,75,75,75,75,75,75,75,75,75,75,75,75],"card_choices":[{"not_picked":["Scrape","Turbo"],"picked":"Hello World","floor":1},{"not_picked":["Doom and Gloom","Lockon"],"picked":"Loop","floor":3},{"not_picked":["Hologram","Darkness"],"picked":"Tempest","floor":5},{"not_picked":["Compile Driver","Barrage"],"picked":"Hologram","floor":7},{"not_picked":["Rebound","Force Field"],"picked":"Reinforced Body","floor":8},{"not_picked":["Heatsinks","Compile Driver","Hologram"],"picked":"Leap","floor":11},{"not_picked":["Compile Driver","Blizzard","Reprogram"],"picked":"Doom and Gloom","floor":12},{"not_picked":["BootSequence","Gash","Storm"],"picked":"FTL","floor":13},{"not_picked":["Scrape","All For One","Doom and Gloom"],"picked":"Conserve Battery","floor":14},{"not_picked":["Meteor Strike","Machine Learning","Fission"],"picked":"Echo Form","floor":16},{"not_picked":["Turbo+1"],"picked":"FTL","floor":18}],"player_experience":948312,"relics_obtained":[{"floor":8,"key":"Lantern"},{"floor":9,"key":"Bag of Marbles"}],"event_choices":[{"event_name":"Scrap Ooze","player_choice":"success","floor":2,"damage_taken":7},{"event_name":"World of Goop","player_choice":"Gather Gold","floor":4,"damage_taken":0},{"event_name":"Knowing Skull","player_choice":"CARD ","floor":19,"damage_taken":0},{"event_name":"Colosseum","player_choice":"Fight","floor":20,"damage_taken":0},{"event_name":"Colosseum","player_choice":"Fought Nobs","floor":20,"damage_taken":0}],"is_beta":false,"boss_relics":[{"not_picked":["Philosopher\u0027s Stone","Cursed Key"],"picked":"Busted Crown"}],"items_purged_floors":[],"is_endless":false,"potions_floor_spawned":[1,5,8,11,13,20],"killed_by":"Colosseum Nobs","ascension_level":9}