{"path_per_floor":["M","?","M","M","M","E","R","E","T","R","M","E","M","?","R","B",null,"M","$","?","?","M","E","?","?","T","R","M","E","M"],"character_chosen":"THE_SILENT","items_purchased":[],"gold_per_floor":[114,114,132,143,130,158,158,189,189,189,208,241,258,258,258,356,356,370,310,233,233,248,279,279,279,279,279,297,322,333,333],"floor_reached":31,"campfire_rested":3,"playtime":2444,"item_purchase_floors":[],"current_hp_per_floor":[60,53,52,52,51,24,45,38,38,59,55,51,51,51,51,17,57,54,54,54,54,51,31,31,31,31,52,52,45,33,6],"items_purged":["Pain"],"gold":333,"score":384,"play_id":"b6a1f8c2-3ec7-4d12-9d0a-a4ee2c072ef8","local_time":"20180614153111","is_prod":false,"is_daily":false,"chose_seed":false,"is_ascension_mode":true,"campfire_upgraded":1,"win_rate":0,"timestamp":1528983071,"campfire_choices":[{"floor":7.0,"key":"REST"},{"floor":10,"key":"REST"},{"data":"Blade Dance","floor":15,"key":"SMITH"},{"floor":27,"key":"REST"}],"path_taken":["M","?","?","M","M","E","R","E","T","R","?","E","M","?","R","BOSS","M","$","?","?","M","E","?","?","T","R","M","E","M","E"],"build_version":"2018-06-07v3","seed_source_timestamp":0,"purchased_purges":1,"victory":false,"master_deck":["Defend_G","Defend_G","Defend_G","Defend_G","Strike_G","Strike_G","Strike_G","Strike_G","Survivor+1","Neutralize","Flying Knee","Infinite Blades","Cloak And Dagger","Flying Knee","Cloak And Dagger","Well Laid Plans","Blade Dance+1","Calculated Gamble","Backflip","Die Die Die","Normality","Injury","Flying Knee+1","J.A.X.","Cloak And Dagger","After Image","Quick Slash+1","Storm of Steel"],"max_hp_per_floor":[70,70,70,70,70,70,70,70,70,70,70,70,70,70,70,70,70,70,70,70,70,70,70,70,70,70,70,70,70,70,70],"relics":["Ring of the Snake","Bag of Marbles","Happy Flower","Blue Candle","Calling Bell","Juzu Bracelet","Toolbox","Thread and Needle","Smiling Mask","Nloth\u0027s Gift","Dodecahedron","Dream Catcher"],"card_choices":[{"not_picked":["Expertise","Bane"],"picked":"Flying Knee","floor":1.0},{"not_picked":["Footwork","Heel Hook"],"picked":"Infinite Blades","floor":3.0},{"not_picked":["Reflex","Poisoned Stab"],"picked":"Cloak And Dagger","floor":4.0},{"not_picked":["Noxious Fumes","Caltrops"],"picked":"Flying Knee","floor":5.0},{"not_picked":["Outmaneuver","Dagger Throw"],"picked":"Cloak And Dagger","floor":6.0},{"not_picked":["Bullet Time","Distraction"],"picked":"Well Laid Plans","floor":8.0},{"not_picked":["Poisoned Stab","Sucker Punch"],"picked":"Blade Dance","floor":11},{"not_picked":["Bane","Underhanded Strike"],"picked":"Calculated Gamble","floor":12},{"not_picked":["Heel Hook","Wraith Form v2"],"picked":"Backflip","floor":13},{"not_picked":["Unload","Adrenaline"],"picked":"Die Die Die","floor":16},{"not_picked":["Slice","Terror"],"picked":"Flying Knee+1","floor":18},{"not_picked":["Slice+1","Bane","Heel Hook"],"picked":"SKIP","floor":22},{"not_picked":["Underhanded Strike+1","Bane+1"],"picked":"Cloak And Dagger","floor":23},{"not_picked":["Dagger Throw+1","Deflect+1"],"picked":"Quick Slash+1","floor":28},{"not_picked":["Terror","Poisoned Stab","Well Laid Plans+1"],"picked":"SKIP","floor":29},{"not_picked":["Acrobatics","Deflect"],"picked":"Storm of Steel","floor":30}],"player_experience":688028,"potions_floor_usage":[11,12,16,22,23,30],"damage_taken":[{"damage":3.0,"enemies":"2 Louse","floor":1.0,"turns":3.0},{"damage":1.0,"enemies":"Jaw Worm","floor":3.0,"turns":3.0},{"damage":0.0,"enemies":"Cultist","floor":4.0,"turns":5.0},{"damage":1.0,"enemies":"Exordium Thugs","floor":5.0,"turns":6.0},{"damage":27.0,"enemies":"Lagavulin","floor":6.0,"turns":7.0},{"damage":7.0,"enemies":"3 Sentries","floor":8.0,"turns":9.0},{"damage":4,"enemies":"Gremlin Gang","floor":11,"turns":5},{"damage":4,"enemies":"Gremlin Nob","floor":12,"turns":3},{"damage":0,"enemies":"Lots of Slimes","floor":13,"turns":4},{"damage":34,"enemies":"Hexaghost","floor":16,"turns":12},{"damage":3,"enemies":"Chosen","floor":18,"turns":5},{"damage":3,"enemies":"2 Thieves","floor":22,"turns":1},{"damage":35,"enemies":"Gremlin Leader","floor":23,"turns":7},{"damage":0,"enemies":"Snake Plant","floor":28,"turns":7},{"damage":7,"enemies":"Book of Stabbing","floor":29,"turns":7},{"damage":12,"enemies":"Centurion and Healer","floor":30,"turns":4},{"damage":27,"enemies":"Slavers","floor":31,"turns":2}],"relics_obtained":[{"floor":6.0,"key":"Bag of Marbles"},{"floor":8.0,"key":"Happy Flower"},{"floor":9.0,"key":"The Courier"},{"floor":12,"key":"Blue Candle"},{"floor":17,"key":"Juzu Bracelet"},{"floor":17,"key":"Toolbox"},{"floor":17,"key":"Thread and Needle"},{"floor":23,"key":"Smiling Mask"},{"floor":26,"key":"Dodecahedron"},{"floor":29,"key":"Dream Catcher"}],"event_choices":[{"event_name":"Golden Wing","player_choice":"Card Removal","floor":2.0,"damage_taken":0.0},{"event_name":"Purifier","player_choice":"One Purge","floor":14,"damage_taken":0},{"event_name":"Drug Dealer","player_choice":"Got JAXXED","floor":20,"damage_taken":0},{"event_name":"Ghosts","player_choice":"Ignored","floor":21,"damage_taken":0},{"event_name":"The Library","player_choice":"Read","floor":24,"damage_taken":0},{"event_name":"N\u0027loth","player_choice":"Traded a The Courier","floor":25,"damage_taken":0}],"boss_relics":[{"not_picked":["Philosopher\u0027s Stone","Tiny House"],"picked":"Calling Bell"}],"items_purged_floors":[19],"potions_floor_spawned":[4,5,8,11,12,16,22,28],"seed_played":"-2477878574289611283","killed_by":"Slavers","ascension_level":6,"potions_obtained":[{"floor":4.0,"key":"Weak Potion"},{"floor":5.0,"key":"Poison Potion"},{"floor":8.0,"key":"Strength Potion"},{"floor":11,"key":"Strength Potion"},{"floor":12,"key":"PowerPotion"},{"floor":16,"key":"Fire Potion"},{"floor":22,"key":"Regen Potion"},{"floor":28,"key":"Explosive Potion"}],"is_trial":false}