{"gold_per_floor":[118,118,129,129,149,149,169,201,201,201,201,55,55,71,71,175,175,187,112,112,112,131,131],"floor_reached":23,"playtime":804,"items_purged":["Parasite"],"score":246,"play_id":"11319087-15ef-4319-92be-7c522d3583b2","local_time":"20180708213849","is_ascension_mode":true,"campfire_choices":[{"data":"Streamline","floor":6.0,"key":"SMITH"},{"data":"Auto Shields","floor":11,"key":"SMITH"},{"data":"Rebound","floor":13,"key":"SMITH"},{"data":"Beam Cell","floor":15,"key":"SMITH"}],"neow_cost":"NONE","seed_source_timestamp":876610687447140,"circlet_count":0,"master_deck":["Strike_B+1","Strike_B","Strike_B","Defend_B","Defend_B","Defend_B","Defend_B+1","Zap","Dualcast","Streamline+1","Chill","Auto Shields+1","Coolheaded","Rebound+1","Beam Cell+1","Leap","Go for the Eyes","Machine Learning","Skim","RitualDagger","Glacier"],"special_seed":0,"relics":["Sozu","Art of War","Juzu Bracelet","Nuclear Battery"],"potions_floor_usage":[],"damage_taken":[{"damage":4.0,"enemies":"2 Louse","floor":1.0,"turns":3.0},{"damage":1.0,"enemies":"Cultist","floor":3.0,"turns":3.0},{"damage":2.0,"enemies":"Jaw Worm","floor":5.0,"turns":3.0},{"damage":0.0,"enemies":"3 Louse","floor":7.0,"turns":3.0},{"damage":16,"enemies":"Gremlin Nob","floor":8,"turns":5},{"damage":0,"enemies":"2 Fungi Beasts","floor":14,"turns":3},{"damage":11,"enemies":"The Guardian","floor":16,"turns":12},{"damage":6,"enemies":"Spheric Guardian","floor":18,"turns":4},{"damage":2,"enemies":"Shell Parasite","floor":22,"turns":4},{"damage":55,"enemies":"Gremlin Leader","floor":23,"turns":5}],"seed_played":"-7959364650062942465","potions_obtained":[],"is_trial":false,"path_per_floor":["M","?","M","?","M","R","M","E","T","?","R","$","R","M","R","B",null,"M","?","?","?","M"],"character_chosen":"DEFECT","items_purchased":["Beam Cell","Leap"],"campfire_rested":0,"item_purchase_floors":[12,12],"current_hp_per_floor":[64,64,63,48,46,46,46,30,30,48,48,48,48,48,48,37,63,57,57,51,51,49,0],"gold":131,"neow_bonus":"BOSS_RELIC","is_prod":false,"is_daily":false,"chose_seed":false,"campfire_upgraded":4,"win_rate":0,"timestamp":1531078729,"path_taken":["M","?","M","?","M","R","M","E","T","?","R","$","R","M","R","BOSS","M","?","?","?","M","E"],"build_version":"2018-07-05","purchased_purges":1,"victory":false,"max_hp_per_floor":[75,75,75,75,75,75,75,75,75,75,75,72,72,72,72,72,72,72,72,72,72,72,72],"card_choices":[{"not_picked":["Steam","Turbo"],"picked":"Streamline","floor":1.0},{"not_picked":["Barrage","Gash"],"picked":"Chill","floor":3.0},{"not_picked":["Stack","Gash"],"picked":"Auto Shields","floor":5.0},{"not_picked":["Chaos","Lockon"],"picked":"Coolheaded","floor":7.0},{"not_picked":["Go for the Eyes","Hyperbeam"],"picked":"Rebound","floor":8},{"not_picked":["Compile Driver","Steam Power"],"picked":"Go for the Eyes","floor":14},{"not_picked":["Thunder Strike","Fission"],"picked":"Machine Learning","floor":16},{"not_picked":["Ball Lightning","Barrage+1"],"picked":"Skim","floor":18},{"not_picked":["Redo","Compile Driver"],"picked":"Glacier","floor":22}],"player_experience":821113,"relics_obtained":[{"floor":8,"key":"Art of War"},{"floor":9,"key":"Juzu Bracelet"}],"event_choices":[{"event_name":"The Woman in Blue","player_choice":"Bought 0 Potions","floor":2.0,"damage_taken":0.0},{"event_name":"Shining Light","player_choice":"Entered Light","floor":4.0,"damage_taken":0.0},{"event_name":"Mushrooms","player_choice":"Healed and dodged fight","floor":10,"damage_taken":0},{"event_name":"Beggar","player_choice":"Gave Gold","floor":19,"damage_taken":0},{"event_name":"Nest","player_choice":"Joined the Cult","floor":20,"damage_taken":0},{"event_name":"Vampires","player_choice":"Ignored","floor":21,"damage_taken":0}],"boss_relics":[{"not_picked":["Fusion Hammer","Busted Crown"],"picked":"Nuclear Battery"}],"items_purged_floors":[12],"is_endless":false,"potions_floor_spawned":[14,16,18,22],"killed_by":"Gremlin Leader","ascension_level":6}