{"gold_per_floor":[117,117,129,129,79,108,122,138,138,180,192,214,73,73,73,171,171,183,3,103,118,43,78,78,94,144,154,165,179,31,48,48,48],"floor_reached":33,"playtime":2637,"items_purged":["Strike_R"],"score":441,"play_id":"15791875-61a2-45fe-9ea8-cb273512b3ce","local_time":"20190119105948","is_ascension_mode":true,"campfire_choices":[{"floor":11,"key":"REST"},{"data":"Iron Wave","floor":15,"key":"SMITH"},{"floor":24,"key":"REST"},{"floor":32,"key":"REST"}],"neow_cost":"NONE","seed_source_timestamp":12579368818167499,"circlet_count":0,"master_deck":["Strike_R+1","Strike_R+1","Strike_R+1","Strike_R","Defend_R","Defend_R","Defend_R+1","Bash","Shrug It Off","Iron Wave+1","Anger","True Grit","Barricade","Intimidate","Feed","Fire Breathing","Flex","Spot Weakness","Ghostly Armor+1"],"relics":["Burning Blood","NeowsBlessing","Centennial Puzzle","Mummified Hand","MawBank","Whetstone","Potion Belt","Orichalcum","Busted Crown","Pen Nib","Happy Flower","Dream Catcher"],"potions_floor_usage":[21,27,27,28,31,33],"damage_taken":[{"damage":0,"enemies":"2 Louse","floor":1,"turns":1},{"damage":0,"enemies":"Small Slimes","floor":3,"turns":1},{"damage":0,"enemies":"Lagavulin","floor":6,"turns":1},{"damage":0,"enemies":"Jaw Worm","floor":7,"turns":3},{"damage":1,"enemies":"Red Slaver","floor":8,"turns":3},{"damage":37,"enemies":"3 Sentries","floor":10,"turns":10},{"damage":10,"enemies":"3 Louse","floor":12,"turns":4},{"damage":46,"enemies":"Slime Boss","floor":16,"turns":11},{"damage":15,"enemies":"Shell Parasite","floor":18,"turns":7},{"damage":23,"enemies":"3 Byrds","floor":21,"turns":6},{"damage":30,"enemies":"Gremlin Leader","floor":23,"turns":11},{"damage":13,"enemies":"Cultist and Chosen","floor":25,"turns":8},{"damage":16,"enemies":"Centurion and Healer","floor":27,"turns":7},{"damage":6,"enemies":"Snecko","floor":28,"turns":5},{"damage":20,"enemies":"Sentry and Sphere","floor":29,"turns":5},{"damage":27,"enemies":"Centurion and Healer","floor":31,"turns":4},{"damage":61,"enemies":"Collector","floor":33,"turns":13}],"seed_played":"8146415632268688384","potions_obtained":[{"floor":3,"key":"Ancient Potion"},{"floor":7,"key":"Dexterity Potion"},{"floor":10,"key":"Dexterity Potion"},{"floor":23,"key":"BloodPotion"},{"floor":25,"key":"GamblersBrew"},{"floor":27,"key":"Regen Potion"}],"is_trial":false,"path_per_floor":["M","?","M","?","?","E","M","M","T","E","R","M","$","T","R","B",null,"M","$","?","M","$","E","R","M","T","M","M","M","$","M","R","B"],"character_chosen":"IRONCLAD","items_purchased":["Potion Belt","Feed","Fire Breathing","Dream Catcher"],"campfire_rested":3,"item_purchase_floors":[13,19,19,30],"current_hp_per_floor":[78,66,72,56,56,62,68,73,73,42,66,62,62,62,62,22,66,57,57,57,43,43,19,43,39,39,32,49,35,35,23,50,0],"gold":48,"neow_bonus":"THREE_ENEMY_KILL","is_prod":false,"is_daily":false,"chose_seed":false,"campfire_upgraded":1,"win_rate":0,"timestamp":1547891988,"path_taken":["M","?","M","?","?","E","M","M","T","E","R","?","$","?","R","BOSS","M","$","?","?","$","E","R","M","T","M","M","M","$","M","R","BOSS"],"build_version":"2019-01-17v2","purchased_purges":1,"victory":false,"max_hp_per_floor":[80,80,80,80,80,80,80,80,80,80,80,80,80,80,80,80,80,80,80,80,83,83,83,83,86,86,89,92,92,92,92,92,92],"card_choices":[{"not_picked":["Armaments","Clash"],"picked":"Shrug It Off","floor":1},{"not_picked":["Burning Pact","Seeing Red"],"picked":"Iron Wave","floor":3},{"not_picked":["Armaments","Havoc"],"picked":"Anger","floor":6},{"not_picked":["Spot Weakness","Anger"],"picked":"True Grit","floor":7},{"not_picked":["Dual Wield","Ghostly Armor","Hemokinesis"],"picked":"SKIP","floor":8},{"not_picked":["Carnage","Offering","Clothesline"],"picked":"SKIP","floor":10},{"not_picked":["Whirlwind","Infernal Blade","Combust"],"picked":"SKIP","floor":12},{"not_picked":["Exhume","Bludgeon"],"picked":"Barricade","floor":16},{"not_picked":[],"picked":"Intimidate","floor":18},{"not_picked":[],"picked":"Flex","floor":21},{"not_picked":["Havoc"],"picked":"SKIP","floor":23},{"not_picked":["Disarm"],"picked":"SKIP","floor":25},{"not_picked":["True Grit"],"picked":"SKIP","floor":27},{"not_picked":["Warcry"],"picked":"SKIP","floor":28},{"not_picked":[],"picked":"Spot Weakness","floor":29},{"not_picked":["Whirlwind"],"picked":"SKIP","floor":31},{"not_picked":[],"picked":"Ghostly Armor+1","floor":32}],"player_experience":269861,"relics_obtained":[{"floor":6,"key":"Mummified Hand"},{"floor":9,"key":"MawBank"},{"floor":10,"key":"Whetstone"},{"floor":14,"key":"Orichalcum"},{"floor":23,"key":"Pen Nib"},{"floor":26,"key":"Happy Flower"}],"event_choices":[{"damage_healed":0,"gold_gain":0,"player_choice":"Success","damage_taken":12,"relics_obtained":["Centennial Puzzle"],"max_hp_gain":0,"max_hp_loss":0,"event_name":"Scrap Ooze","floor":2,"gold_loss":0},{"damage_healed":0,"gold_gain":0,"player_choice":"Entered Light","damage_taken":16,"max_hp_gain":0,"max_hp_loss":0,"event_name":"Shining Light","floor":4,"gold_loss":0,"cards_upgraded":["Defend_R","Strike_R"]},{"cards_removed":["Defend_R"],"damage_healed":0,"gold_gain":0,"player_choice":"Card Removal","damage_taken":0,"max_hp_gain":0,"max_hp_loss":0,"event_name":"The Cleric","floor":5,"gold_loss":50},{"damage_healed":0,"gold_gain":100,"player_choice":"Pray","damage_taken":0,"max_hp_gain":0,"max_hp_loss":0,"event_name":"Golden Shrine","floor":20,"gold_loss":0}],"is_beta":false,"boss_relics":[{"not_picked":["Runic Dome","Ectoplasm"],"picked":"Busted Crown"}],"items_purged_floors":[22],"is_endless":false,"potions_floor_spawned":[3,7,10,23,25,27],"killed_by":"Collector","ascension_level":9}