{"gold_per_floor":[116,81,47,65,65,98,119,152,175,189,33,69,69,100,100,224,224,248,43,43,58,73,73,94,94,121,165,185,220,220],"floor_reached":30,"playtime":80216,"items_purged":[],"score":485,"play_id":"9d06bca8-bde4-4324-b1b1-ba9e9761a2b2","local_time":"20181128111535","is_ascension_mode":true,"campfire_choices":[{"data":"Footwork","floor":13,"key":"SMITH"},{"data":"Malaise","floor":15,"key":"SMITH"},{"data":"Caltrops","floor":23,"key":"SMITH"},{"floor":25,"key":"REST"}],"neow_cost":"NONE","seed_source_timestamp":837315591100332,"circlet_count":0,"master_deck":["AscendersBane","Defend_G","Defend_G","Defend_G","Defend_G","Defend_G","Strike_G","Strike_G","Strike_G","Strike_G","Strike_G","Survivor","Neutralize","Poisoned Stab","Leg Sweep","Dodge and Roll","Quick Slash","Backstab","Quick Slash","Footwork+1","Caltrops+1","Malaise+1","Doppelganger","Dodge and Roll","PiercingWail","Heel Hook","Slice+1","Prepared+1","Deadly Poison"],"relics":["Ring of the Snake","NeowsBlessing","Golden Idol","Pen Nib","Bronze Scales","Strawberry","Orichalcum","Centennial Puzzle","Regal Pillow","Black Star","Membership Card","PreservedInsect","Vajra","Pocketwatch","StoneCalendar","Matryoshka","Singing Bowl"],"potions_floor_usage":[8,14,27,27,27,29],"damage_taken":[{"damage":0,"enemies":"Cultist","floor":1,"turns":1},{"damage":0,"enemies":"Small Slimes","floor":4,"turns":1},{"damage":0,"enemies":"Gremlin Nob","floor":6,"turns":1},{"damage":0,"enemies":"Jaw Worm","floor":7,"turns":4},{"damage":12,"enemies":"3 Sentries","floor":8,"turns":9},{"damage":4,"enemies":"Red Slaver","floor":10,"turns":2},{"damage":10,"enemies":"Lagavulin","floor":12,"turns":9},{"damage":1,"enemies":"Gremlin Nob","floor":14,"turns":3},{"damage":5,"enemies":"Hexaghost","floor":16,"turns":10},{"damage":1,"enemies":"Shell Parasite","floor":18,"turns":8},{"damage":0,"enemies":"3 Byrds","floor":21,"turns":4},{"damage":1,"enemies":"Snake Plant","floor":22,"turns":5},{"damage":38,"enemies":"Sentry and Sphere","floor":24,"turns":7},{"damage":11,"enemies":"Slavers","floor":27,"turns":5},{"damage":15,"enemies":"3 Cultists","floor":28,"turns":6},{"damage":24,"enemies":"Gremlin Leader","floor":29,"turns":3},{"damage":14,"enemies":"Centurion and Healer","floor":30,"turns":2}],"seed_played":"2846241936909242522","potions_obtained":[{"floor":1,"key":"Block Potion"},{"floor":10,"key":"Fire Potion"},{"floor":12,"key":"Poison Potion"},{"floor":16,"key":"FearPotion"},{"floor":18,"key":"EssenceOfSteel"},{"floor":24,"key":"PowerPotion"},{"floor":28,"key":"PowerPotion"}],"is_trial":false,"path_per_floor":["M","?","$","M","?","E","M","E","T","M","$","E","R","E","R","B",null,"M","$","?","M","M","R","M","R","T","E","M","E","M"],"character_chosen":"THE_SILENT","items_purchased":["Leg Sweep","Orichalcum","Membership Card"],"campfire_rested":1,"item_purchase_floors":[3,11,19],"current_hp_per_floor":[63,70,70,70,53,53,53,41,48,44,44,34,34,33,33,28,65,64,64,64,64,63,63,25,63,63,52,37,15,1],"gold":220,"neow_bonus":"THREE_ENEMY_KILL","is_prod":false,"is_daily":false,"chose_seed":false,"campfire_upgraded":3,"win_rate":0,"timestamp":1543400135,"path_taken":["M","?","$","M","?","E","M","E","T","M","?","E","R","E","R","BOSS","M","?","?","M","M","R","M","R","T","E","?","E","M"],"build_version":"2018-11-15","purchased_purges":0,"victory":false,"max_hp_per_floor":[70,70,70,70,70,70,70,70,77,77,77,77,77,77,77,77,77,77,77,77,77,77,77,77,77,77,77,77,79,79],"card_choices":[{"not_picked":["Infinite Blades","Cloak And Dagger"],"picked":"Poisoned Stab","floor":1},{"not_picked":["Acrobatics","Flying Knee"],"picked":"Dodge and Roll","floor":4},{"not_picked":["Masterful Stab","Dagger Throw"],"picked":"Quick Slash","floor":6},{"not_picked":["Blade Dance","PiercingWail"],"picked":"Backstab","floor":7},{"not_picked":["Underhanded Strike","Concentrate"],"picked":"Quick Slash","floor":8},{"not_picked":["Setup","Dagger Throw"],"picked":"Footwork","floor":10},{"not_picked":["Riddle With Holes","Quick Slash"],"picked":"Caltrops","floor":12},{"not_picked":["Blade Dance","Outmaneuver"],"picked":"Malaise","floor":14},{"not_picked":["Corpse Explosion","Night Terror"],"picked":"Doppelganger","floor":16},{"not_picked":["Prepared","Underhanded Strike"],"picked":"Dodge and Roll","floor":18},{"not_picked":["Cloak And Dagger","Quick Slash+1"],"picked":"PiercingWail","floor":21},{"not_picked":["Backflip","Dodge and Roll"],"picked":"Heel Hook","floor":22},{"not_picked":["Masterful Stab","Backflip"],"picked":"Slice+1","floor":24},{"not_picked":["Doppelganger","Blur"],"picked":"Prepared+1","floor":27},{"not_picked":["Catalyst","Prepared+1"],"picked":"Deadly Poison","floor":28},{"not_picked":["Dodge and Roll","Cloak And Dagger","Tactician"],"picked":"Singing Bowl","floor":29}],"player_experience":1247850,"relics_obtained":[{"floor":6,"key":"Pen Nib"},{"floor":8,"key":"Bronze Scales"},{"floor":9,"key":"Strawberry"},{"floor":12,"key":"Centennial Puzzle"},{"floor":14,"key":"Regal Pillow"},{"floor":26,"key":"Vajra"},{"floor":27,"key":"Pocketwatch"},{"floor":27,"key":"StoneCalendar"},{"floor":29,"key":"Matryoshka"},{"floor":29,"key":"Singing Bowl"}],"event_choices":[{"damage_healed":17,"gold_gain":0,"player_choice":"Healed","damage_taken":0,"max_hp_gain":0,"max_hp_loss":0,"event_name":"The Cleric","floor":2,"gold_loss":35},{"damage_healed":0,"gold_gain":0,"player_choice":"Take Damage","damage_taken":17,"relics_obtained":["Golden Idol"],"max_hp_gain":0,"max_hp_loss":0,"event_name":"Golden Idol","floor":5,"gold_loss":0},{"damage_healed":0,"gold_gain":0,"player_choice":"Gave Potion","damage_taken":0,"relics_obtained":["PreservedInsect"],"max_hp_gain":0,"max_hp_loss":0,"event_name":"WeMeetAgain","floor":20,"gold_loss":0}],"is_beta":false,"boss_relics":[{"not_picked":["WristBlade","Philosopher\u0027s Stone"],"picked":"Black Star"}],"items_purged_floors":[],"is_endless":false,"potions_floor_spawned":[1,10,12,16,18,24,28],"killed_by":"Centurion and Healer","ascension_level":10}