{"gold_per_floor":[110,285,298,298,298,298,135,135,135,155,165,183,213,62,62,167,167,167],"floor_reached":18,"playtime":437,"items_purged":[],"score":278,"play_id":"c16e4959-1bba-4420-bc02-41c5c7dfe905","local_time":"20181012123715","is_ascension_mode":true,"campfire_choices":[{"data":"Shockwave","floor":6.0,"key":"SMITH"},{"data":"Bash","floor":8.0,"key":"SMITH"},{"data":"Metallicize","floor":15.0,"key":"SMITH"}],"neow_cost":"NONE","seed_source_timestamp":0,"circlet_count":0,"master_deck":["Strike_R","Strike_R","Strike_R","Strike_R","Strike_R","Defend_R","Defend_R","Defend_R","Defend_R","Bash+1","AscendersBane","Immolate+1","Clothesline","Shockwave+1","Offering","Sword Boomerang","Metallicize+1","Offering","Rupture","Brutality"],"special_seed":0,"relics":["Black Blood","Vajra","Omamori","Red Skull"],"potions_floor_usage":[],"damage_taken":[{"damage":5.0,"enemies":"Small Slimes","floor":1.0,"turns":2.0},{"damage":4.0,"enemies":"Jaw Worm","floor":3.0,"turns":4.0},{"damage":0.0,"enemies":"Cultist","floor":10.0,"turns":2.0},{"damage":0.0,"enemies":"2 Fungi Beasts","floor":11.0,"turns":1.0},{"damage":14.0,"enemies":"Gremlin Gang","floor":12.0,"turns":2.0},{"damage":12.0,"enemies":"Gremlin Nob","floor":13.0,"turns":2.0},{"damage":28.0,"enemies":"The Guardian","floor":16.0,"turns":12.0},{"damage":0,"enemies":"3 Byrds","floor":18,"turns":1}],"seed_played":"-4793978217067142550","potions_obtained":[{"floor":11.0,"key":"Weak Potion"},{"floor":13.0,"key":"Block Potion"}],"is_trial":false,"path_per_floor":["M","?","M","?","?","R","$","R","T","M","M","M","E","$","R","B",null],"character_chosen":"IRONCLAD","items_purchased":["Offering","Red Skull"],"campfire_rested":0,"item_purchase_floors":[7,14],"current_hp_per_floor":[73,73,75,75,75,75,75,75,75,80,80,72,66,66,66,44,71,71],"gold":167,"neow_bonus":"ONE_RANDOM_RARE_CARD","is_prod":false,"is_daily":false,"chose_seed":false,"campfire_upgraded":3,"win_rate":0,"timestamp":1539340635,"path_taken":["M","?","M","?","?","R","$","R","T","M","?","M","E","$","R","BOSS","M"],"build_version":"2018-10-11","purchased_purges":0,"victory":false,"max_hp_per_floor":[80,80,80,80,80,80,80,80,80,80,80,80,80,80,80,80,80,80],"card_choices":[{"not_picked":["Body Slam","Carnage"],"picked":"Clothesline","floor":1.0},{"not_picked":["Havoc","Iron Wave"],"picked":"Shockwave","floor":3.0},{"not_picked":["Anger","Perfected Strike"],"picked":"Sword Boomerang","floor":10.0},{"not_picked":["Wild Strike","Heavy Blade"],"picked":"Metallicize","floor":11.0},{"not_picked":["Iron Wave","Cleave"],"picked":"Offering","floor":12.0},{"not_picked":["Fiend Fire","Second Wind"],"picked":"Rupture","floor":13.0},{"not_picked":["Reaper","Exhume"],"picked":"Brutality","floor":16.0}],"player_experience":1081051,"relics_obtained":[{"floor":9.0,"key":"Vajra"},{"floor":13.0,"key":"Omamori"}],"event_choices":[{"event_name":"Liars Game","player_choice":"agreed","floor":2.0,"damage_taken":0.0},{"event_name":"Fountain of Cleansing","player_choice":"Removed Curse","floor":4.0,"damage_taken":0.0},{"event_name":"Living Wall","player_choice":"Grow","floor":5.0,"damage_taken":0.0}],"is_beta":false,"boss_relics":[{"not_picked":["Eternal Feather","Mark of Pain"],"picked":"Black Blood"}],"items_purged_floors":[],"is_endless":false,"potions_floor_spawned":[11,13],"killed_by":"3 Byrds","ascension_level":10}