{"gold_per_floor":[111,123,143,158,158,158,105,130,199,199,219,236,263,283,283,388,388,408,392,417,342,356,356,165,165,190,221,221,320,330,330],"floor_reached":31,"playtime":2565,"items_purged":[],"score":360,"play_id":"e59f58e3-2040-4abe-905a-7a0a92855645","local_time":"20180806155137","is_ascension_mode":true,"campfire_choices":[{"data":"Zap","floor":6.0,"key":"SMITH"},{"floor":10.0,"key":"REST"},{"floor":15.0,"key":"REST"},{"floor":23.0,"key":"REST"},{"data":"Defragment","floor":25.0,"key":"SMITH"}],"neow_cost":"NONE","seed_source_timestamp":0,"circlet_count":0,"master_deck":["Strike_B","Strike_B","Strike_B","Defend_B","Defend_B","Zap+1","Dualcast","Leap","Ball Lightning","FTL","Defragment+1","Conserve Battery","Auto Shields","Sweeping Beam","Cold Snap","Steam Power","Defragment+1","Rainbow","Stack","Conserve Battery","Auto Shields","Stack+1","Glacier","Reinforced Body","Writhe","Chaos+1"],"special_seed":0,"relics":["Empty Cage","Gambling Chip","Singing Bowl","Juzu Bracelet","Nuclear Battery","Red Mask","Art of War","Boot","Molten Egg 2","Turnip"],"potions_floor_usage":[31,31,31],"damage_taken":[{"damage":13.0,"enemies":"Jaw Worm","floor":1.0,"turns":4.0},{"damage":0.0,"enemies":"Small Slimes","floor":2.0,"turns":4.0},{"damage":2.0,"enemies":"Cultist","floor":3.0,"turns":4.0},{"damage":13.0,"enemies":"Exordium Thugs","floor":4.0,"turns":4.0},{"damage":15.0,"enemies":"3 Sentries","floor":8.0,"turns":7.0},{"damage":1.0,"enemies":"Blue Slaver","floor":11.0,"turns":3.0},{"damage":0.0,"enemies":"Looter","floor":12.0,"turns":3.0},{"damage":5.0,"enemies":"Lagavulin","floor":13.0,"turns":6.0},{"damage":12.0,"enemies":"Lots of Slimes","floor":14.0,"turns":4.0},{"damage":9.0,"enemies":"Slime Boss","floor":16.0,"turns":8.0},{"damage":9.0,"enemies":"3 Byrds","floor":18.0,"turns":5.0},{"damage":5.0,"enemies":"2 Thieves","floor":19.0,"turns":4.0},{"damage":31.0,"floor":20.0,"turns":5.0},{"damage":13.0,"enemies":"3 Cultists","floor":22.0,"turns":7.0},{"damage":5.0,"enemies":"Book of Stabbing","floor":27.0,"turns":8.0},{"damage":0.0,"enemies":"Snake Plant","floor":30.0,"turns":4.0},{"damage":34,"enemies":"Gremlin Leader","floor":31,"turns":7}],"seed_played":"487226616526490367","potions_obtained":[{"floor":8.0,"key":"Block Potion"},{"floor":12.0,"key":"FearPotion"},{"floor":13.0,"key":"SteroidPotion"},{"floor":14.0,"key":"SpeedPotion"},{"floor":18.0,"key":"Strength Potion"},{"floor":27.0,"key":"Strength Potion"},{"floor":30.0,"key":"SkillPotion"}],"is_trial":false,"path_per_floor":["M","M","M","M","?","R","$","E","T","R","M","M","E","M","R","B",null,"M","M","?","?","M","R","$","R","T","E","?","?","M"],"character_chosen":"DEFECT","items_purchased":["Conserve Battery","Art of War","Glacier"],"campfire_rested":3,"item_purchase_floors":[7,24,24],"current_hp_per_floor":[55,55,53,40,40,40,40,25,25,47,46,46,41,29,51,42,67,58,53,22,22,9,31,31,31,31,26,26,26,26,0],"gold":330,"neow_bonus":"BOSS_RELIC","is_prod":false,"is_daily":false,"chose_seed":false,"campfire_upgraded":2,"win_rate":0,"timestamp":1533563497,"path_taken":["M","M","M","M","?","R","?","E","T","R","M","M","E","M","R","BOSS","M","M","?","?","M","R","$","R","T","E","?","?","M","E"],"build_version":"2018-08-02","purchased_purges":0,"victory":false,"max_hp_per_floor":[75,75,75,75,75,75,75,75,75,75,75,75,75,75,75,75,75,75,75,75,75,75,75,75,75,75,75,75,75,75,75],"card_choices":[{"not_picked":["Rebound","Chill"],"picked":"Leap","floor":1.0},{"not_picked":["Chill","Cold Snap"],"picked":"Ball Lightning","floor":2.0},{"not_picked":["Turbo","Conserve Battery"],"picked":"FTL","floor":3.0},{"not_picked":["Beam Cell","BootSequence"],"picked":"Defragment","floor":4.0},{"not_picked":["Beam Cell","Self Repair"],"picked":"Auto Shields","floor":8.0},{"not_picked":["Redo","Scrape"],"picked":"Sweeping Beam","floor":11.0},{"not_picked":["Genetic Algorithm","Beam Cell"],"picked":"Cold Snap","floor":12.0},{"not_picked":["Coolheaded","Leap"],"picked":"Steam Power","floor":13.0},{"not_picked":["Tempest","Redo"],"picked":"Defragment","floor":14.0},{"not_picked":["Reboot","Fission"],"picked":"Rainbow","floor":16.0},{"not_picked":["Beam Cell","Heatsinks+1"],"picked":"Stack","floor":18.0},{"not_picked":["Sweeping Beam","Gash"],"picked":"Conserve Battery","floor":19.0},{"not_picked":["Melter+1","Hologram"],"picked":"Auto Shields","floor":20.0},{"not_picked":["Rip and Tear","Gash"],"picked":"Stack+1","floor":22.0},{"not_picked":["Compile Driver","Fusion"],"picked":"Reinforced Body","floor":27.0},{"not_picked":["Compile Driver+1","Steam Power"],"picked":"Chaos+1","floor":30.0}],"player_experience":863891,"relics_obtained":[{"floor":8.0,"key":"Gambling Chip"},{"floor":9.0,"key":"Singing Bowl"},{"floor":13.0,"key":"Juzu Bracelet"},{"floor":20.0,"key":"Red Mask"},{"floor":26.0,"key":"Boot"},{"floor":27.0,"key":"Molten Egg 2"}],"event_choices":[{"event_name":"Living Wall","player_choice":"Grow","floor":5.0,"damage_taken":0.0},{"event_name":"Masked Bandits","player_choice":"Fought over 392 gold","floor":20.0,"damage_taken":0.0},{"event_name":"Beggar","player_choice":"Gave Gold","floor":21.0,"damage_taken":0.0},{"event_name":"The Mausoleum","player_choice":"Yes","floor":28.0,"damage_taken":0.0},{"event_name":"Nest","player_choice":"Stole From Cult","floor":29.0,"damage_taken":0.0}],"is_beta":false,"boss_relics":[{"not_picked":["Tiny House","Astrolabe"],"picked":"Nuclear Battery"}],"items_purged_floors":[],"is_endless":false,"potions_floor_spawned":[8,12,13,14,18,27,30],"killed_by":"Gremlin Leader","ascension_level":7}