{"path_per_floor":["M","?","?","?","$","E","R","M","T","R","M","?","R","M","R","B",null,"M","?","?","M","M","R","E","R","T","M","M","E","M","E","R","B",null,"M","$","M","M","T","R","?","E","T","M","M","M","R","M","R"],"character_chosen":"IRONCLAD","items_purchased":["Whirlwind","Whetstone","Master of Strategy","Regen Potion"],"gold_per_floor":[113,113,113,113,2,35,35,47,47,47,60,60,60,76,76,180,180,193,193,193,213,225,225,260,260,284,297,312,338,356,384,384,482,482,492,74,89,105,105,105,105,139,139,151,166,183,183,197,197,197],"floor_reached":50,"campfire_rested":3,"playtime":1620,"current_hp_per_floor":[80,80,73,57,57,63,63,69,69,69,74,74,74,80,80,80,80,64,48,48,54,27,57,56,62,62,41,45,34,21,29,61,14,67,71,71,63,55,55,65,65,39,39,21,29,29,64,66,78,0],"items_purged":["Strike_R"],"gold":197,"score":793,"play_id":"d4ebc58e-9c74-4753-b4e5-ae8adf655c92","local_time":"20180522192315","is_prod":false,"is_daily":false,"chose_seed":false,"is_ascension_mode":true,"campfire_upgraded":7,"timestamp":1527009795,"campfire_choices":[{"data":"Whirlwind","floor":7,"key":"SMITH"},{"data":"Iron Wave","floor":10,"key":"SMITH"},{"data":"Anger","floor":13,"key":"SMITH"},{"data":"Anger","floor":15,"key":"SMITH"},{"floor":23,"key":"REST"},{"data":"Immolate","floor":25,"key":"SMITH"},{"floor":32,"key":"REST"},{"data":"Double Tap","floor":40,"key":"SMITH"},{"floor":47,"key":"REST"},{"data":"Flame Barrier","floor":49,"key":"SMITH"}],"path_taken":["M","?","?","?","?","E","R","?","T","R","M","?","R","M","R","BOSS","M","?","?","M","M","R","E","R","T","M","M","E","M","E","R","BOSS","M","$","M","M","?","R","?","E","T","M","M","M","R","?","R","BOSS"],"build_version":"2018-05-17","seed_source_timestamp":726512035620835,"purchased_purges":1,"victory":false,"master_deck":["Strike_R+1","Strike_R","Strike_R+1","Defend_R","Defend_R","Defend_R","Bash+1","Iron Wave+1","Whirlwind+1","Anger+1","Anger+1","Anger+1","Intimidate","Immolate+1","Shrug It Off+1","Necronomicurse","Decay","Clash","Double Tap+1","Clash+1","Flame Barrier+1","Flex+1","Offering","Thunderclap+1","Master of Strategy","Dramatic Entrance","Headbutt+1","Power Through+1","Heavy Blade+1","Blood for Blood+1"],"max_hp_per_floor":[80,80,80,80,80,80,80,80,80,80,80,80,80,80,80,80,80,80,80,80,80,80,80,80,80,80,80,80,80,80,80,80,85,85,85,85,85,85,85,85,85,85,85,85,85,85,85,85,85,85],"relics":["Burning Blood","NeowsBlessing","Shuriken","Toolbox","Eternal Feather","Necronomicon","Bronze Scales","Boot","Blood Vial","Dream Catcher","Runic Dome","Whetstone","Kunai","Potion Belt","Mercury Hourglass"],"card_choices":[{"not_picked":["Armaments","Warcry"],"picked":"Iron Wave","floor":1},{"not_picked":["Havoc","Clothesline"],"picked":"Anger","floor":6},{"not_picked":["Clothesline","Sever Soul"],"picked":"Anger","floor":8},{"not_picked":["Intimidate","Shrug It Off"],"picked":"Anger","floor":11},{"not_picked":["Blood for Blood","Sword Boomerang"],"picked":"Intimidate","floor":14},{"not_picked":["Demon Form","Dark Embrace"],"picked":"Immolate","floor":16},{"not_picked":["Flame Barrier+1","Ghostly Armor"],"picked":"Shrug It Off+1","floor":18},{"not_picked":["Carnage","Infernal Blade"],"picked":"Clash","floor":21},{"not_picked":["Pommel Strike","Wild Strike","Armaments"],"picked":"SKIP","floor":22},{"not_picked":["Burning Pact","Body Slam","Cleave"],"picked":"SKIP","floor":24},{"not_picked":["Shrug It Off","Fire Breathing"],"picked":"Double Tap","floor":27},{"not_picked":["Heavy Blade","Perfected Strike"],"picked":"Clash","floor":28},{"not_picked":["Havoc","Pummel+1","Armaments"],"picked":"SKIP","floor":29},{"not_picked":["Bloodletting","Armaments"],"picked":"Flame Barrier","floor":30},{"not_picked":["True Grit+1","Barricade"],"picked":"Flex+1","floor":31},{"not_picked":["Berserk","Dark Embrace"],"picked":"Offering","floor":33},{"not_picked":["Headbutt","True Grit+1"],"picked":"Thunderclap+1","floor":35},{"not_picked":["Thunderclap","Second Wind","Cleave"],"picked":"SKIP","floor":37},{"not_picked":["Flex","Armaments+1","Sword Boomerang"],"picked":"SKIP","floor":38},{"not_picked":["Jack Of All Trades","Blind"],"picked":"Dramatic Entrance","floor":41},{"not_picked":["Pommel Strike","Shockwave"],"picked":"Headbutt+1","floor":42},{"not_picked":["Second Wind+1","Disarm+1"],"picked":"Power Through+1","floor":44},{"not_picked":["Perfected Strike+1","Uppercut","Cleave"],"picked":"SKIP","floor":45},{"not_picked":["Corruption","Armaments+1","Wild Strike"],"picked":"SKIP","floor":46},{"not_picked":["Armaments","Perfected Strike"],"picked":"Heavy Blade+1","floor":47},{"not_picked":["Sentinel","Clothesline"],"picked":"Blood for Blood+1","floor":48}],"player_experience":502073,"potions_floor_usage":[18,29,33,33,45,50,50,50,50],"damage_taken":[{"damage":0,"enemies":"Jaw Worm","floor":1,"turns":1},{"damage":0,"enemies":"3 Sentries","floor":6,"turns":1},{"damage":0,"enemies":"Cultist","floor":8,"turns":1},{"damage":1,"enemies":"2 Louse","floor":11,"turns":2},{"damage":0,"enemies":"Large Slime","floor":14,"turns":3},{"damage":0,"enemies":"Slime Boss","floor":16,"turns":4},{"damage":22,"enemies":"2 Thieves","floor":18,"turns":3},{"damage":0,"enemies":"Chosen","floor":21,"turns":3},{"damage":33,"enemies":"Snake Plant","floor":22,"turns":4},{"damage":7,"enemies":"Slavers","floor":24,"turns":2},{"damage":27,"enemies":"Slaver and Parasite","floor":27,"turns":4},{"damage":2,"enemies":"Sentry and Sphere","floor":28,"turns":3},{"damage":17,"enemies":"Gremlin Leader","floor":29,"turns":4},{"damage":21,"enemies":"Snake Plant","floor":30,"turns":3},{"damage":0,"enemies":"Slavers","floor":31,"turns":1},{"damage":60,"enemies":"Collector","floor":33,"turns":4},{"damage":4,"enemies":"Orb Walker","floor":35,"turns":1},{"damage":16,"enemies":"3 Shapes","floor":37,"turns":3},{"damage":16,"enemies":"Sphere and 2 Shapes","floor":38,"turns":1},{"damage":34,"enemies":"Nemesis","floor":42,"turns":3},{"damage":26,"enemies":"Maw","floor":44,"turns":5},{"damage":9,"enemies":"3 Darklings","floor":45,"turns":3},{"damage":8,"enemies":"4 Shapes","floor":46,"turns":1},{"damage":6,"enemies":"Maw","floor":48,"turns":5},{"damage":98,"enemies":"Time Eater","floor":50,"turns":4}],"relics_obtained":[{"floor":6,"key":"Shuriken"},{"floor":9,"key":"Toolbox"},{"floor":19,"key":"Necronomicon"},{"floor":24,"key":"Bronze Scales"},{"floor":26,"key":"Boot"},{"floor":29,"key":"Blood Vial"},{"floor":31,"key":"Dream Catcher"},{"floor":39,"key":"Kunai"},{"floor":42,"key":"Potion Belt"},{"floor":43,"key":"Mercury Hourglass"}],"event_choices":[{"event_name":"Purifier","player_choice":"One Purge","floor":2,"damage_taken":0},{"event_name":"Golden Wing","player_choice":"Card Removal","floor":3,"damage_taken":0},{"event_name":"Shining Light","player_choice":"Entered Light","floor":4,"damage_taken":0},{"event_name":"Living Wall","player_choice":"Grow","floor":12,"damage_taken":0},{"event_name":"Cursed Tome","player_choice":"Obtained Book","floor":19,"damage_taken":0},{"event_name":"Forgotten Altar","player_choice":"Smashed Altar","floor":20,"damage_taken":0},{"event_name":"SensoryStone","player_choice":"Memory 1","floor":41,"damage_taken":0}],"boss_relics":[{"not_picked":["Runic Pyramid","Velvet Choker"],"picked":"Eternal Feather"},{"not_picked":["Snecko Eye","Orrery"],"picked":"Runic Dome"}],"potions_floor_spawned":[8,27,29,30,35,37,42,46],"seed_played":"1198810479571224688","killed_by":"Time Eater","ascension_level":5,"potions_obtained":[{"floor":8,"key":"PowerPotion"},{"floor":27,"key":"Weak Potion"},{"floor":29,"key":"Fire Potion"},{"floor":30,"key":"Fruit Juice"},{"floor":35,"key":"Dexterity Potion"},{"floor":37,"key":"SpeedPotion"},{"floor":42,"key":"SkillPotion"},{"floor":46,"key":"PowerPotion"}],"is_trial":false}