{"gold_per_floor":[113,113,188,121,98,98,123,48,71,96,108,138,155,175,175,279,279,204,204],"floor_reached":19,"playtime":6921,"items_purged":[],"score":361,"play_id":"c38e042c-d9f5-4c7b-bbb6-cf1ed569b292","local_time":"20181203015803","is_ascension_mode":true,"campfire_choices":[{"data":"Noxious Fumes","floor":6,"key":"SMITH"},{"data":"Bouncing Flask","floor":15,"key":"SMITH"}],"neow_cost":"NONE","seed_source_timestamp":1305886100281980,"circlet_count":0,"master_deck":["AscendersBane","Defend_G","Defend_G","Defend_G","Defend_G","Defend_G","Strike_G","Strike_G+1","Strike_G","Strike_G+1","Strike_G","Survivor","Neutralize","Poisoned Stab","Noxious Fumes+1","PiercingWail","Deflect","Footwork","Distraction","Bouncing Flask+1","Poisoned Stab","Poisoned Stab","PiercingWail","Venomology","Escape Plan"],"relics":["Ring of the Serpent","NeowsBlessing","Whetstone","Orichalcum","Gambling Chip","Bag of Preparation"],"potions_floor_usage":[12,16],"damage_taken":[{"damage":0,"enemies":"Small Slimes","floor":1,"turns":1},{"damage":0,"enemies":"Gremlin Nob","floor":7,"turns":1},{"damage":0,"enemies":"Lagavulin","floor":10,"turns":1},{"damage":0,"enemies":"Jaw Worm","floor":11,"turns":4},{"damage":4,"enemies":"Gremlin Nob","floor":12,"turns":4},{"damage":0,"enemies":"Cultist","floor":13,"turns":3},{"damage":0,"enemies":"2 Fungi Beasts","floor":14,"turns":4},{"damage":22,"enemies":"Slime Boss","floor":16,"turns":8},{"damage":5,"enemies":"2 Thieves","floor":18,"turns":5},{"damage":0,"enemies":"3 Byrds","floor":19,"turns":1}],"seed_played":"5304441828442816114","potions_obtained":[{"floor":11,"key":"GhostInAJar"},{"floor":14,"key":"Strength Potion"},{"floor":16,"key":"PowerPotion"}],"is_trial":false,"path_per_floor":["M","?","?","$","$","R","E","$","T","E","M","E","M","M","R","B",null,"M","M"],"character_chosen":"THE_SILENT","items_purchased":["Noxious Fumes","PiercingWail","Footwork"],"campfire_rested":0,"item_purchase_floors":[4,5,8],"current_hp_per_floor":[63,63,52,52,52,52,52,52,52,52,52,48,48,48,48,26,59,54,54],"gold":204,"neow_bonus":"THREE_ENEMY_KILL","is_prod":false,"is_daily":false,"chose_seed":false,"campfire_upgraded":2,"win_rate":0,"timestamp":1543798683,"path_taken":["M","?","?","?","$","R","E","?","T","E","M","E","M","M","R","BOSS","M","?"],"build_version":"2018-11-15","purchased_purges":0,"victory":false,"max_hp_per_floor":[70,70,70,70,70,70,70,70,70,70,70,70,70,70,70,70,70,70,70],"card_choices":[{"not_picked":["Dagger Throw","Concentrate"],"picked":"Poisoned Stab","floor":1},{"not_picked":["Sucker Punch","After Image"],"picked":"Deflect","floor":7},{"not_picked":["Prepared","Dash"],"picked":"Distraction","floor":10},{"not_picked":["Noxious Fumes","Eviscerate"],"picked":"Bouncing Flask","floor":11},{"not_picked":["Storm of Steel","Prepared"],"picked":"Poisoned Stab","floor":12},{"not_picked":["Finisher","Sucker Punch"],"picked":"Poisoned Stab","floor":13},{"not_picked":["Bouncing Flask","Flying Knee"],"picked":"PiercingWail","floor":14},{"not_picked":["Night Terror","After Image"],"picked":"Venomology","floor":16},{"not_picked":["Deflect","Quick Slash+1"],"picked":"Escape Plan","floor":18}],"player_experience":1551788,"relics_obtained":[{"floor":7,"key":"Whetstone"},{"floor":9,"key":"Orichalcum"},{"floor":10,"key":"Gambling Chip"},{"floor":12,"key":"Bag of Preparation"}],"event_choices":[{"damage_healed":0,"gold_gain":0,"player_choice":"Ignored","damage_taken":0,"max_hp_gain":0,"max_hp_loss":0,"event_name":"Golden Wing","floor":2,"gold_loss":0},{"damage_healed":0,"gold_gain":75,"player_choice":"Gather Gold","damage_taken":11,"max_hp_gain":0,"max_hp_loss":0,"event_name":"World of Goop","floor":3,"gold_loss":0}],"is_beta":false,"boss_relics":[{"not_picked":["Sozu","Busted Crown"],"picked":"Ring of the Serpent"}],"items_purged_floors":[],"is_endless":false,"potions_floor_spawned":[11,14,16],"killed_by":"3 Byrds","ascension_level":11}