{"gold_per_floor":[109,128,145,159,179,179,205,205,205,215,37,71,83,95,107,224,236,268,260,272,284,309,347,359,400,412,439,451,343,362,382,382,477,477,492,392,410,429,447,477,477,491,515,544,225,256,83,94,94,94],"floor_reached":51,"playtime":15164,"items_purged":["Strike_R","Strike_R","Anger","Strike_R"],"score":1473,"play_id":"b998f86a-db19-4f27-91e8-46d37cc9cb4b","local_time":"20190124164623","is_ascension_mode":true,"campfire_choices":[{"data":"Clothesline","floor":6.0,"key":"SMITH"},{"data":"True Grit","floor":13.0,"key":"SMITH"},{"data":"Panacea","floor":15.0,"key":"SMITH"},{"data":"Uppercut","floor":24.0,"key":"SMITH"},{"data":"Evolve","floor":28.0,"key":"SMITH"},{"data":"Armaments","floor":32.0,"key":"SMITH"},{"data":"Bash","floor":41.0,"key":"SMITH"},{"floor":49,"key":"REST"}],"neow_cost":"NONE","seed_source_timestamp":0,"circlet_count":0,"master_deck":["Strike_R","Defend_R","Defend_R","Defend_R","Defend_R","Bash+1","Panacea+1","Iron Wave","Evolve+1","Flame Barrier","Shrug It Off","Clothesline+1","Disarm","True Grit+1","Metallicize","Reaper","Demon Form","Uppercut+1","Whirlwind","True Grit+1","Power Through","Impervious","Intimidate+1","Armaments+1","Double Tap","Heavy Blade+1","Flame Barrier+1","Shrug It Off","Shrug It Off+1"],"special_seed":0,"relics":["Burning Blood","Pantograph","Ancient Tea Set","Oddly Smooth Stone","MawBank","Mark of Pain","Meat on the Bone","Nunchaku","Matryoshka","Sozu","Bag of Preparation","Frozen Egg 2","Orichalcum","Bag of Marbles","TheAbacus","Lantern"],"potions_floor_usage":[50,50],"damage_taken":[{"damage":0.0,"enemies":"Small Slimes","floor":1.0,"turns":3.0},{"damage":5.0,"enemies":"Jaw Worm","floor":2.0,"turns":6.0},{"damage":6.0,"enemies":"Cultist","floor":3.0,"turns":4.0},{"damage":19.0,"enemies":"Lots of Slimes","floor":4.0,"turns":4.0},{"damage":23.0,"enemies":"Gremlin Gang","floor":5.0,"turns":9.0},{"damage":45.0,"enemies":"Gremlin Nob","floor":7.0,"turns":6.0},{"damage":9.0,"enemies":"2 Fungi Beasts","floor":10.0,"turns":5.0},{"damage":4.0,"enemies":"Lagavulin","floor":12.0,"turns":17.0},{"damage":52.0,"enemies":"Slime Boss","floor":16.0,"turns":22.0},{"damage":1.0,"enemies":"Chosen","floor":18.0,"turns":7.0},{"damage":28.0,"enemies":"2 Thieves","floor":19.0,"turns":4.0},{"damage":18.0,"enemies":"Centurion and Healer","floor":22.0,"turns":9.0},{"damage":37.0,"enemies":"Gremlin Leader","floor":23.0,"turns":8.0},{"damage":34.0,"enemies":"Slavers","floor":25.0,"turns":9.0},{"damage":23.0,"enemies":"Sentry and Sphere","floor":27.0,"turns":9.0},{"damage":0.0,"enemies":"3 Cultists","floor":30.0,"turns":4.0},{"damage":9.0,"enemies":"Snecko","floor":31.0,"turns":10.0},{"damage":0.0,"enemies":"Champ","floor":33.0,"turns":11.0},{"damage":6.0,"enemies":"3 Shapes","floor":35.0,"turns":7.0},{"damage":18.0,"enemies":"3 Darklings","floor":37.0,"turns":7.0},{"damage":38.0,"enemies":"Sphere and 2 Shapes","floor":38.0,"turns":12.0},{"damage":39.0,"enemies":"Spire Growth","floor":39.0,"turns":7.0},{"damage":52.0,"enemies":"Reptomancer","floor":40.0,"turns":8.0},{"damage":15.0,"enemies":"Writhing Mass","floor":42.0,"turns":12.0},{"damage":6.0,"enemies":"Nemesis","floor":44.0,"turns":11.0},{"damage":41.0,"enemies":"Reptomancer","floor":46.0,"turns":9.0},{"damage":15.0,"enemies":"Maw","floor":48.0,"turns":10.0},{"damage":35,"enemies":"Awakened One","floor":50,"turns":13}],"seed_played":"-5285990244152726394","potions_obtained":[{"floor":2.0,"key":"Regen Potion"},{"floor":5.0,"key":"Explosive Potion"},{"floor":7.0,"key":"Swift Potion"},{"floor":16.0,"key":"Explosive Potion"},{"floor":19.0,"key":"Strength Potion"},{"floor":23.0,"key":"SneckoOil"},{"floor":25.0,"key":"Energy Potion"}],"is_trial":false,"path_per_floor":["M","M","M","M","M","R","E","?","T","M","$","E","R","?","R","B",null,"M","M","?","?","M","E","R","E","T","M","R","$","M","M","R","B",null,"M","$","M","M","M","E","R","M","T","E","$","E","$","M","R","B",null],"character_chosen":"IRONCLAD","items_purchased":["Oddly Smooth Stone","Metallicize","Armaments","TheAbacus","Shrug It Off"],"campfire_rested":1,"item_purchase_floors":[11,11,29,45,47],"current_hp_per_floor":[78,79,79,66,49,49,10,10,10,21,21,23,23,23,23,14,64,73,63,63,63,80,80,80,74,74,69,69,69,75,80,80,80,80,80,80,80,80,65,61,61,52,52,52,52,29,29,32,56,51],"gold":94,"neow_bonus":"RANDOM_COLORLESS","is_prod":false,"is_daily":false,"chose_seed":false,"campfire_upgraded":7,"win_rate":0,"timestamp":1548315983,"path_taken":["M","M","M","M","M","R","E","?","T","M","$","E","R","?","R","BOSS","M","M","?","?","M","E","R","E","T","?","R","$","M","M","R","BOSS","M","$","?","?","M","E","R","M","T","E","$","E","$","M","R","BOSS"],"build_version":"2019-01-23","purchased_purges":4,"victory":true,"max_hp_per_floor":[80,80,80,80,80,80,80,80,80,80,80,80,80,80,80,80,80,80,80,80,80,80,80,80,80,80,80,80,80,80,80,80,80,80,80,80,80,80,80,80,80,80,80,80,80,80,80,80,80,80],"card_choices":[{"not_picked":["Rage","Clash"],"picked":"Iron Wave","floor":1.0},{"not_picked":["Sentinel","Iron Wave"],"picked":"Evolve","floor":2.0},{"not_picked":["Havoc","Thunderclap"],"picked":"Flame Barrier","floor":3.0},{"not_picked":["Thunderclap","Warcry"],"picked":"Shrug It Off","floor":4.0},{"not_picked":["Sentinel","Juggernaut"],"picked":"Clothesline","floor":5.0},{"not_picked":["Entrench","Rupture"],"picked":"Disarm","floor":7.0},{"not_picked":["Shrug It Off","Intimidate"],"picked":"True Grit","floor":10.0},{"not_picked":["Thunderclap","Bloodletting"],"picked":"Reaper","floor":12.0},{"not_picked":["Limit Break","Dark Embrace"],"picked":"Demon Form","floor":16.0},{"not_picked":["Warcry","Anger"],"picked":"Uppercut","floor":18.0},{"not_picked":["Thunderclap+1","Body Slam"],"picked":"Whirlwind","floor":19.0},{"not_picked":["Clash+1","Seeing Red"],"picked":"Power Through","floor":22.0},{"not_picked":["Dual Wield","Demon Form"],"picked":"Anger","floor":23.0},{"not_picked":["Clothesline","Twin Strike"],"picked":"Impervious","floor":25.0},{"not_picked":["Twin Strike+1","Evolve"],"picked":"Intimidate+1","floor":27.0},{"not_picked":["Sever Soul","Armaments","Bloodletting"],"picked":"SKIP","floor":30.0},{"not_picked":["Iron Wave","Evolve","Dual Wield"],"picked":"SKIP","floor":31.0},{"not_picked":["Dark Embrace","Juggernaut"],"picked":"Double Tap","floor":33.0},{"not_picked":["Bloodletting+1","Feel No Pain+1"],"picked":"Heavy Blade+1","floor":35.0},{"not_picked":["Headbutt","True Grit","Sword Boomerang+1"],"picked":"SKIP","floor":37.0},{"not_picked":["Sword Boomerang+1","Rage+1","Ghostly Armor+1"],"picked":"SKIP","floor":38.0},{"not_picked":["Warcry","Thunderclap","Spot Weakness"],"picked":"SKIP","floor":39.0},{"not_picked":["Twin Strike+1","Berserk"],"picked":"Flame Barrier+1","floor":40.0},{"not_picked":["Wild Strike+1","Second Wind","Anger"],"picked":"SKIP","floor":42.0},{"not_picked":["Whirlwind","Havoc","Perfected Strike"],"picked":"SKIP","floor":44.0},{"not_picked":["Pommel Strike+1","Sentinel","Blood for Blood+1"],"picked":"SKIP","floor":46.0},{"not_picked":["Perfected Strike","True Grit"],"picked":"Shrug It Off+1","floor":48.0}],"player_experience":412882,"relics_obtained":[{"floor":7.0,"key":"Pantograph"},{"floor":9.0,"key":"Ancient Tea Set"},{"floor":12.0,"key":"MawBank"},{"floor":23.0,"key":"Meat on the Bone"},{"floor":25.0,"key":"Nunchaku"},{"floor":26.0,"key":"Matryoshka"},{"floor":40.0,"key":"Bag of Preparation"},{"floor":43.0,"key":"Frozen Egg 2"},{"floor":43.0,"key":"Orichalcum"},{"floor":44.0,"key":"Bag of Marbles"},{"floor":46.0,"key":"Lantern"}],"event_choices":[{"cards_removed":["Strike_R"],"damage_healed":0.0,"max_hp_gain":0.0,"max_hp_loss":0.0,"gold_gain":0.0,"event_name":"Living Wall","player_choice":"Forget","floor":8.0,"gold_loss":0.0,"damage_taken":0.0},{"damage_healed":0.0,"max_hp_gain":0.0,"max_hp_loss":0.0,"gold_gain":0.0,"event_name":"Liars Game","player_choice":"Ignored","floor":14.0,"gold_loss":0.0,"damage_taken":0.0},{"damage_healed":0.0,"max_hp_gain":0.0,"max_hp_loss":0.0,"gold_gain":0.0,"event_name":"Ghosts","player_choice":"Ignored","floor":20.0,"gold_loss":0.0,"damage_taken":0.0},{"damage_healed":0.0,"max_hp_gain":0.0,"max_hp_loss":0.0,"gold_gain":0.0,"event_name":"Duplicator","player_choice":"Copied","floor":21.0,"gold_loss":0.0,"damage_taken":0.0,"cards_obtained":["True Grit"]}],"is_beta":false,"boss_relics":[{"not_picked":["Calling Bell","Philosopher\u0027s Stone"],"picked":"Mark of Pain"},{"not_picked":["Astrolabe","Tiny House"],"picked":"Sozu"}],"items_purged_floors":[29,36,45,47],"is_endless":false,"potions_floor_spawned":[2,5,7,16,19,23,25,30,33,38,42,44],"ascension_level":9}