{"gold_per_floor":[116,116,116,132,152,152,210,228,255,255,302,332,349,360,360,360],"floor_reached":16,"playtime":418,"items_purged":[],"score":173,"play_id":"a415f70d-a20b-4515-a850-6268e8165790","local_time":"20190216195321","is_ascension_mode":true,"campfire_choices":[{"data":"Shockwave","floor":6,"key":"SMITH"},{"data":"Uppercut","floor":15,"key":"SMITH"}],"neow_cost":"NONE","seed_source_timestamp":7288354154073,"circlet_count":0,"master_deck":["AscendersBane","Strike_R","Strike_R+1","Strike_R","Strike_R","Strike_R","Defend_R","Defend_R","Defend_R","Defend_R+1","Bash","Shockwave+1","Good Instincts","Shrug It Off","Flame Barrier","Uppercut+1","Shrug It Off","Clothesline","Body Slam","Warcry"],"special_seed":0,"relics":["Burning Blood","NeowsBlessing","PreservedInsect","Art of War","Anchor","Dodecahedron"],"potions_floor_usage":[16],"damage_taken":[{"damage":0.0,"enemies":"2 Louse","floor":1.0,"turns":1.0},{"damage":0,"enemies":"Small Slimes","floor":4,"turns":1},{"damage":0,"enemies":"Cultist","floor":5,"turns":1},{"damage":32,"enemies":"3 Sentries","floor":7,"turns":15},{"damage":0,"enemies":"2 Fungi Beasts","floor":8,"turns":5},{"damage":12,"enemies":"Lagavulin","floor":12,"turns":6},{"damage":2,"enemies":"Blue Slaver","floor":13,"turns":4},{"damage":0,"enemies":"Looter","floor":14,"turns":3},{"damage":50,"enemies":"Slime Boss","floor":16,"turns":7}],"seed_played":"-6238059804309872680","potions_obtained":[{"floor":4,"key":"Swift Potion"},{"floor":8,"key":"SpeedPotion"}],"is_trial":false,"path_per_floor":["M","?","?","M","M","R","?","M","T","?","T","E","M","M","R","B"],"character_chosen":"IRONCLAD","items_purchased":[],"campfire_rested":0,"item_purchase_floors":[],"current_hp_per_floor":[74,74,74,75,75,75,49,55,55,40,40,34,38,44,44,0],"gold":360,"neow_bonus":"THREE_ENEMY_KILL","is_prod":false,"is_daily":false,"chose_seed":false,"campfire_upgraded":2,"win_rate":0,"timestamp":1550343201,"path_taken":["M","?","?","?","M","R","?","M","T","?","?","E","M","M","R","BOSS"],"build_version":"2019-01-23","purchased_purges":0,"victory":false,"max_hp_per_floor":[75,75,75,75,75,75,75,75,75,75,75,75,75,75,75,75],"card_choices":[{"not_picked":["Flex","Iron Wave"],"picked":"Shockwave","floor":1.0},{"not_picked":["Brutality","Reckless Charge"],"picked":"Shrug It Off","floor":4},{"not_picked":["Iron Wave","Clash"],"picked":"Flame Barrier","floor":5},{"not_picked":["Anger","Dropkick"],"picked":"Uppercut","floor":7},{"not_picked":["Carnage","Wild Strike"],"picked":"Shrug It Off","floor":8},{"not_picked":["Twin Strike","Armaments"],"picked":"Clothesline","floor":12},{"not_picked":["Berserk","Fire Breathing"],"picked":"Body Slam","floor":13},{"not_picked":["Cleave","Burning Pact"],"picked":"Warcry","floor":14}],"player_experience":2288273,"relics_obtained":[{"floor":7,"key":"PreservedInsect"},{"floor":9,"key":"Art of War"},{"floor":11,"key":"Anchor"},{"floor":12,"key":"Dodecahedron"}],"event_choices":[{"damage_healed":0.0,"max_hp_gain":0.0,"max_hp_loss":0.0,"gold_gain":0.0,"event_name":"The Cleric","player_choice":"Leave","floor":2.0,"gold_loss":0.0,"damage_taken":0.0},{"damage_healed":0,"gold_gain":0,"player_choice":"1 cards matched","damage_taken":0,"max_hp_gain":0,"max_hp_loss":0,"event_name":"Match and Keep!","floor":3,"gold_loss":0,"cards_obtained":["Good Instincts"]},{"damage_healed":0,"gold_gain":30,"player_choice":"Searched \u00273\u0027 times","damage_taken":0,"max_hp_gain":0,"max_hp_loss":0,"event_name":"Dead Adventurer","floor":7,"gold_loss":0},{"damage_healed":0,"gold_gain":0,"player_choice":"Entered Light","damage_taken":15,"max_hp_gain":0,"max_hp_loss":0,"event_name":"Shining Light","floor":10,"gold_loss":0,"cards_upgraded":["Defend_R","Strike_R"]}],"is_beta":false,"boss_relics":[],"items_purged_floors":[],"is_endless":false,"potions_floor_spawned":[4,8,12,14],"killed_by":"Slime Boss","ascension_level":14}