{"gold_per_floor":[109,109,109,128,138,138,169,187,266,298,298,298,315,330,330,430,430,440,440,68,78,78],"floor_reached":22,"playtime":1480,"items_purged":[],"score":290,"play_id":"70fd4270-7743-4145-a462-02c43bec1d31","local_time":"20180808164755","is_ascension_mode":true,"campfire_choices":[{"data":"Dualcast","floor":6.0,"key":"SMITH"},{"floor":12.0,"key":"REST"},{"floor":15.0,"key":"REST"}],"neow_cost":"NONE","seed_source_timestamp":0,"circlet_count":0,"master_deck":["Defend_B","Defend_B","Defend_B","Zap","Dualcast+1","Leap","Skim","Beam Cell","Streamline+1","Static Discharge+1","Conserve Battery","Glacier","Seek","Creative AI","Loop","Bite","Bite","Bite","Bite","Bite","Heatsinks","Leap","Undo"],"special_seed":0,"relics":["Sozu","Nunchaku","Shuriken","Whetstone","Black Star","Frozen Egg 2"],"potions_floor_usage":[],"damage_taken":[{"damage":0.0,"enemies":"Small Slimes","floor":1.0,"turns":3.0},{"damage":0.0,"enemies":"Cultist","floor":4.0,"turns":3.0},{"damage":2.0,"enemies":"2 Louse","floor":5.0,"turns":2.0},{"damage":34.0,"enemies":"3 Sentries","floor":7.0,"turns":10.0},{"damage":3.0,"enemies":"Exordium Thugs","floor":8.0,"turns":4.0},{"damage":21.0,"enemies":"Lagavulin","floor":10.0,"turns":7.0},{"damage":4.0,"enemies":"Exordium Wildlife","floor":13.0,"turns":3.0},{"damage":14.0,"enemies":"Gremlin Gang","floor":14.0,"turns":5.0},{"damage":18.0,"enemies":"Slime Boss","floor":16.0,"turns":11.0},{"damage":19.0,"enemies":"Chosen","floor":18.0,"turns":5.0},{"damage":27.0,"enemies":"3 Byrds","floor":21.0,"turns":6.0},{"damage":1,"enemies":"Centurion and Healer","floor":22,"turns":2}],"seed_played":"5880020425126394262","potions_obtained":[],"is_trial":false,"path_per_floor":["M","?","?","M","M","R","E","M","T","E","?","R","M","M","R","B",null,"M","?","$","M"],"character_chosen":"DEFECT","items_purchased":["Heatsinks","Leap","Frozen Egg 2"],"campfire_rested":2,"item_purchase_floors":[20,20,20],"current_hp_per_floor":[68,68,68,68,66,66,32,29,29,8,8,30,26,12,34,16,60,41,41,41,28,29],"gold":78,"neow_bonus":"BOSS_RELIC","is_prod":false,"is_daily":false,"chose_seed":false,"campfire_upgraded":1,"win_rate":0,"timestamp":1533739675,"path_taken":["M","?","?","M","?","R","E","M","T","E","?","R","?","M","R","BOSS","M","?","$","M","M"],"build_version":"2018-08-02","purchased_purges":0,"victory":false,"max_hp_per_floor":[75,75,75,75,75,75,75,75,75,75,75,75,75,75,75,75,75,75,52,52,52,52],"card_choices":[{"not_picked":["Coolheaded","Hologram"],"picked":"Leap","floor":1.0},{"not_picked":["Barrage","Heatsinks"],"picked":"Skim","floor":4.0},{"not_picked":["Hologram","Rip and Tear"],"picked":"Beam Cell","floor":5.0},{"not_picked":["Barrage","Leap"],"picked":"Streamline","floor":7.0},{"not_picked":["Hello World","Skim"],"picked":"Static Discharge","floor":8.0},{"not_picked":["Redo","Hologram"],"picked":"Conserve Battery","floor":10.0},{"not_picked":["Hello World","Chaos"],"picked":"Glacier","floor":13.0},{"not_picked":["Lockon","Static Discharge"],"picked":"Seek","floor":14.0},{"not_picked":["All For One","Hyperbeam"],"picked":"Creative AI","floor":16.0},{"not_picked":["Go for the Eyes","Rebound"],"picked":"Loop","floor":18.0},{"not_picked":["Ball Lightning","Biased Cognition+1"],"picked":"Undo","floor":21.0}],"player_experience":869665,"relics_obtained":[{"floor":7.0,"key":"Nunchaku"},{"floor":9.0,"key":"Shuriken"},{"floor":10.0,"key":"Whetstone"}],"event_choices":[{"event_name":"The Lab","player_choice":"Got Potions","floor":2.0,"damage_taken":0.0},{"event_name":"Purifier","player_choice":"One Purge","floor":3.0,"damage_taken":0.0},{"event_name":"Living Wall","player_choice":"Grow","floor":11.0,"damage_taken":0.0},{"event_name":"Vampires","player_choice":"Became a vampire","floor":19.0,"damage_taken":0.0}],"is_beta":false,"boss_relics":[{"not_picked":["Eternal Feather","Fusion Hammer"],"picked":"Black Star"}],"items_purged_floors":[],"is_endless":false,"potions_floor_spawned":[7,13,18],"killed_by":"Centurion and Healer","ascension_level":7}