{"gold_per_floor":[20,20,31,48,48,48,48,48,48,48,66,93,93,105,105,210,210,227,247,27,38,38,38,138,152,152,152,152,152,186,34,34,133,133,152,152,252,262,55,72,89,89,114,45,64,64,89,101],"floor_reached":48,"playtime":3891,"items_purged":["Havoc"],"score":693,"play_id":"8a38e1de-6650-45c5-8081-7c4bb01c8786","local_time":"20190118202925","is_ascension_mode":true,"campfire_choices":[{"data":"Rage","floor":6.0,"key":"SMITH"},{"data":"True Grit","floor":8.0,"key":"SMITH"},{"data":"Bash","floor":10.0,"key":"SMITH"},{"floor":13.0,"key":"REST"},{"floor":15.0,"key":"REST"},{"floor":23.0,"key":"REST"},{"floor":29.0,"key":"REST"},{"data":"Dual Wield","floor":32.0,"key":"SMITH"},{"floor":46.0,"key":"REST"}],"neow_cost":"NO_GOLD","seed_source_timestamp":12524893841877855,"circlet_count":0,"master_deck":["True Grit+1","Rage+1","Reaper","Uppercut","Clash+1","Dual Wield+1","Feed+1","Demon Form","Finesse","Sentinel","Dagger Throw+1","Conserve Battery"],"special_seed":0,"relics":["Burning Blood","Dead Branch","Ancient Tea Set","Pandora\u0027s Box","Whetstone","Molten Egg 2","Self Forming Clay","Vajra","PrismaticShard","Omamori","MawBank"],"potions_floor_usage":[48],"damage_taken":[{"damage":8.0,"enemies":"2 Louse","floor":1.0,"turns":2.0},{"damage":4.0,"enemies":"Jaw Worm","floor":3.0,"turns":5.0},{"damage":2.0,"enemies":"Small Slimes","floor":4.0,"turns":4.0},{"damage":9.0,"enemies":"Exordium Thugs","floor":11.0,"turns":4.0},{"damage":37.0,"enemies":"Gremlin Nob","floor":12.0,"turns":6.0},{"damage":15.0,"enemies":"3 Louse","floor":14.0,"turns":4.0},{"damage":41.0,"enemies":"The Guardian","floor":16.0,"turns":10.0},{"damage":9.0,"enemies":"Shell Parasite","floor":18.0,"turns":10.0},{"damage":0.0,"enemies":"Spheric Guardian","floor":19.0,"turns":4.0},{"damage":51.0,"enemies":"Cultist and Chosen","floor":21.0,"turns":8.0},{"damage":11.0,"enemies":"Snecko","floor":25.0,"turns":5.0},{"damage":7.0,"enemies":"Slavers","floor":30.0,"turns":5.0},{"damage":25.0,"enemies":"Champ","floor":33.0,"turns":10.0},{"damage":26.0,"enemies":"Orb Walker","floor":35.0,"turns":5.0},{"damage":0.0,"enemies":"3 Shapes","floor":38.0,"turns":5.0},{"damage":34.0,"enemies":"Maw","floor":40.0,"turns":6.0},{"damage":68.0,"enemies":"4 Shapes","floor":41.0,"turns":5.0},{"damage":29.0,"enemies":"Jaw Worm Horde","floor":45.0,"turns":6.0},{"damage":57.0,"enemies":"Reptomancer","floor":47.0,"turns":7.0},{"damage":43,"enemies":"Writhing Mass","floor":48,"turns":4}],"seed_played":"-6248983166749277835","potions_obtained":[{"floor":11.0,"key":"SkillPotion"},{"floor":12.0,"key":"LiquidBronze"},{"floor":14.0,"key":"AttackPotion"},{"floor":16.0,"key":"SpeedPotion"},{"floor":18.0,"key":"Regen Potion"},{"floor":21.0,"key":"Poison Potion"},{"floor":25.0,"key":"BloodPotion"},{"floor":40.0,"key":"Swift Potion"}],"is_trial":false,"path_per_floor":["M","?","M","M","?","R","$","R","T","R","M","E","R","M","R","B",null,"M","M","$","M","?","R","?","M","T","?","$","R","E","$","R","B",null,"M","?","?","M","$","M","M","?","T","$","M","R","E","M"],"character_chosen":"IRONCLAD","items_purchased":["Whetstone","Vajra","PrismaticShard","Sentinel"],"campfire_rested":5,"item_purchase_floors":[20,31,39,44],"current_hp_per_floor":[70,70,72,76,69,69,69,69,69,69,66,35,59,50,74,39,70,67,73,73,31,16,41,41,48,48,48,48,73,72,72,72,53,77,64,64,64,83,83,55,33,33,33,33,35,62,23,0],"gold":101,"neow_bonus":"REMOVE_TWO","is_prod":false,"is_daily":false,"chose_seed":false,"campfire_upgraded":4,"win_rate":0,"timestamp":1547839765,"path_taken":["M","?","M","M","?","R","$","R","T","R","M","E","R","M","R","BOSS","M","M","$","M","?","R","?","?","T","?","?","R","E","$","R","BOSS","M","?","?","?","?","M","M","?","T","$","M","R","E","M"],"build_version":"2019-01-17v2","purchased_purges":1,"victory":false,"max_hp_per_floor":[80,80,80,80,80,80,80,80,80,80,80,80,80,80,80,80,80,80,80,80,80,85,85,85,85,85,85,85,85,85,85,85,85,85,85,85,85,89,89,89,93,93,93,93,93,93,93,93],"card_choices":[{"not_picked":["Headbutt","Pommel Strike"],"picked":"True Grit","floor":1.0},{"not_picked":["Clothesline","Heavy Blade","Pommel Strike"],"picked":"SKIP","floor":3.0},{"not_picked":["Ghostly Armor","Anger"],"picked":"Rage","floor":4.0},{"not_picked":["Fire Breathing","Flame Barrier","Carnage"],"picked":"SKIP","floor":11.0},{"not_picked":["Fire Breathing","Whirlwind","Havoc"],"picked":"SKIP","floor":12.0},{"not_picked":["Pommel Strike","Dark Embrace","Wild Strike"],"picked":"SKIP","floor":14.0},{"not_picked":["Offering","Exhume"],"picked":"Reaper","floor":16.0},{"not_picked":["Armaments+1","Headbutt","Shrug It Off"],"picked":"SKIP","floor":18.0},{"not_picked":["Twin Strike","Dual Wield+1","Disarm"],"picked":"SKIP","floor":19.0},{"not_picked":["Body Slam","Carnage","Clothesline"],"picked":"SKIP","floor":21.0},{"not_picked":["Perfected Strike","Cleave+1","Infernal Blade"],"picked":"SKIP","floor":25.0},{"not_picked":["Power Through+1","Clothesline+1"],"picked":"Feed+1","floor":30.0},{"not_picked":["Impervious","Feed+1"],"picked":"Demon Form","floor":33.0},{"not_picked":["Carnage+1","Sword Boomerang+1","Bloodletting"],"picked":"SKIP","floor":35.0},{"not_picked":["Searing Blow+1","Clash+1","Entrench+1"],"picked":"SKIP","floor":38.0},{"not_picked":["Sword Boomerang+1","Master of Strategy"],"picked":"Finesse","floor":40.0},{"not_picked":["Force Field","Storm","Tempest"],"picked":"SKIP","floor":41.0},{"not_picked":["Cleave+1","Steam+1"],"picked":"Dagger Throw+1","floor":45.0},{"not_picked":["Turbo+1","Bandage Up+1"],"picked":"Conserve Battery","floor":47.0}],"player_experience":263380,"relics_obtained":[{"floor":9.0,"key":"Dead Branch"},{"floor":12.0,"key":"Ancient Tea Set"},{"floor":26.0,"key":"Molten Egg 2"},{"floor":30.0,"key":"Self Forming Clay"},{"floor":43.0,"key":"Omamori"},{"floor":47.0,"key":"MawBank"}],"event_choices":[{"damage_healed":0.0,"max_hp_gain":0.0,"max_hp_loss":0.0,"gold_gain":0.0,"event_name":"Golden Idol","player_choice":"Ignored","floor":2.0,"gold_loss":0.0,"damage_taken":0.0},{"cards_removed":["Defend_R"],"damage_healed":0.0,"max_hp_gain":0.0,"max_hp_loss":0.0,"gold_gain":0.0,"event_name":"Golden Wing","player_choice":"Card Removal","floor":5.0,"gold_loss":0.0,"damage_taken":7.0},{"damage_healed":0.0,"max_hp_gain":5.0,"max_hp_loss":0.0,"gold_gain":0.0,"event_name":"Forgotten Altar","player_choice":"Shed Blood","floor":22.0,"gold_loss":0.0,"damage_taken":20.0},{"damage_healed":0.0,"max_hp_gain":0.0,"max_hp_loss":0.0,"gold_gain":100.0,"event_name":"Golden Shrine","player_choice":"Pray","floor":24.0,"gold_loss":0.0,"damage_taken":0.0},{"cards_removed":["Bash"],"damage_healed":0.0,"max_hp_gain":0.0,"max_hp_loss":0.0,"gold_gain":0.0,"event_name":"Bonfire Elementals","player_choice":"Offered Basic","floor":27.0,"gold_loss":0.0,"damage_taken":0.0},{"cards_removed":["Headbutt"],"damage_healed":0.0,"max_hp_gain":0.0,"max_hp_loss":0.0,"gold_gain":0.0,"event_name":"Falling","player_choice":"Removed Attack","floor":36.0,"gold_loss":0.0,"damage_taken":0.0},{"damage_healed":0.0,"max_hp_gain":0.0,"max_hp_loss":0.0,"gold_gain":100.0,"event_name":"Golden Shrine","player_choice":"Pray","floor":37.0,"gold_loss":0.0,"damage_taken":0.0},{"cards_removed":["Intimidate"],"damage_healed":0.0,"max_hp_gain":0.0,"max_hp_loss":0.0,"gold_gain":0.0,"event_name":"Purifier","player_choice":"Purged","floor":42.0,"gold_loss":0.0,"damage_taken":0.0}],"is_beta":false,"boss_relics":[{"not_picked":["Sozu","Coffee Dripper"],"picked":"Pandora\u0027s Box"},{"not_picked":["Astrolabe","Runic Dome","Cursed Key"]}],"items_purged_floors":[20],"is_endless":false,"potions_floor_spawned":[11,12,14,16,18,21,25,40],"killed_by":"Writhing Mass","ascension_level":9}