{"gold_per_floor":[110,110,110,110,130,130,163,163,163,178,201,201,226,242,242,242],"floor_reached":16,"playtime":3735,"items_purged":[],"score":125,"play_id":"e6224fd0-de2c-499f-ba56-aaaf535459ed","local_time":"20180709232053","is_ascension_mode":false,"campfire_choices":[{"data":"Footwork","floor":6,"key":"SMITH"},{"data":"Neutralize","floor":8,"key":"SMITH"},{"data":"Prepared","floor":12,"key":"SMITH"},{"data":"Adrenaline","floor":15,"key":"SMITH"}],"neow_cost":"","seed_source_timestamp":0,"circlet_count":0,"master_deck":["Defend_G","Defend_G","Defend_G","Defend_G","Defend_G","Strike_G","Strike_G","Strike_G","Strike_G","Strike_G","Survivor","Neutralize+1","Backflip","Footwork+1","Deflect","Prepared+1","Quick Slash","Adrenaline+1"],"special_seed":17721,"relics":["Ring of the Snake","Golden Idol","Bag of Marbles","Pear","Boot"],"potions_floor_usage":[16,16],"damage_taken":[{"damage":2,"enemies":"Small Slimes","floor":1,"turns":4},{"damage":0,"enemies":"Jaw Worm","floor":5,"turns":5},{"damage":16,"enemies":"3 Sentries","floor":7,"turns":14},{"damage":0,"enemies":"2 Louse","floor":10,"turns":3},{"damage":0,"enemies":"Large Slime","floor":11,"turns":10},{"damage":3,"enemies":"Exordium Thugs","floor":14,"turns":7},{"damage":75,"enemies":"Hexaghost","floor":16,"turns":18}],"seed_played":"2365577451791200373","potions_obtained":[{"floor":1,"key":"Block Potion"},{"floor":5,"key":"FairyPotion"},{"floor":11,"key":"Fire Potion"}],"is_trial":false,"path_per_floor":["M","?","?","?","M","R","E","R","T","M","M","R","T","M","R"],"character_chosen":"THE_SILENT","items_purchased":[],"campfire_rested":0,"item_purchase_floors":[],"current_hp_per_floor":[68,73,73,66,66,66,50,50,60,60,60,60,60,57,57,0],"gold":242,"neow_bonus":"","is_prod":false,"is_daily":false,"chose_seed":false,"campfire_upgraded":4,"win_rate":0.0,"timestamp":1531146053,"path_taken":["M","?","?","?","?","R","E","R","T","M","?","R","?","M","R","BOSS"],"build_version":"2018-07-05","purchased_purges":0,"victory":false,"max_hp_per_floor":[70,75,75,75,75,75,75,75,85,85,85,85,85,85,85,85],"card_choices":[{"not_picked":["Leg Sweep","Dodge and Roll"],"picked":"Backflip","floor":1},{"not_picked":["Underhanded Strike","Outmaneuver"],"picked":"Footwork","floor":5},{"not_picked":["Underhanded Strike","Riddle With Holes"],"picked":"Deflect","floor":7},{"not_picked":["Poisoned Stab","Flechettes"],"picked":"Prepared","floor":10},{"not_picked":["Deflect","Dodge and Roll"],"picked":"Quick Slash","floor":11},{"not_picked":["Dagger Spray","Outmaneuver"],"picked":"Adrenaline","floor":14}],"player_experience":40814,"relics_obtained":[{"floor":7,"key":"Bag of Marbles"},{"floor":9,"key":"Pear"},{"floor":13,"key":"Boot"}],"event_choices":[{"event_name":"Big Fish","player_choice":"Donut","floor":2,"damage_taken":0},{"event_name":"Golden Idol","player_choice":"Take Wound","floor":3,"damage_taken":0},{"event_name":"Golden Wing","player_choice":"Card Removal","floor":4,"damage_taken":0}],"boss_relics":[],"items_purged_floors":[],"is_endless":false,"potions_floor_spawned":[1,5,11],"killed_by":"Hexaghost","ascension_level":0}