{"path_per_floor":["M","?","M","?","M","E","R","E","T","$","E","R","T","M","R","B",null,"M","M","M","$"],"character_chosen":"THE_SILENT","items_purchased":["Apotheosis","Footwork","Finesse","SteroidPotion"],"gold_per_floor":[112,112,123,123,141,171,171,197,271,10,37,37,108,125,125,228,228,239,164,174,35,35],"floor_reached":22,"campfire_rested":2,"playtime":1380,"item_purchase_floors":[10,10,21,21],"current_hp_per_floor":[62,62,58,51,51,36,36,3,3,3,1,22,22,14,35,30,60,30,31,10,10,0],"items_purged":[],"gold":35,"score":263,"play_id":"3a103b10-a8b8-4302-8576-e670189295e6","local_time":"20180613110954","is_prod":false,"is_daily":false,"chose_seed":false,"is_ascension_mode":true,"campfire_upgraded":1,"win_rate":0,"timestamp":1528880994,"campfire_choices":[{"data":"Venomology","floor":7,"key":"SMITH"},{"floor":12,"key":"REST"},{"floor":15,"key":"REST"}],"path_taken":["M","?","M","?","M","E","R","E","T","$","E","R","?","?","R","BOSS","M","M","M","$","M"],"build_version":"2018-06-07v3","seed_source_timestamp":178609795650863,"purchased_purges":0,"victory":false,"master_deck":["Defend_G","Defend_G","Defend_G","Defend_G","Strike_G","Strike_G","Strike_G","Strike_G","Survivor","Neutralize","Malaise","Noxious Fumes","Deadly Poison","Backflip","Venomology+1","Dagger Spray","Apotheosis","Footwork","Burst","Dodge and Roll","A Thousand Cuts","Bouncing Flask","Flying Knee","Finesse"],"max_hp_per_floor":[70,70,70,70,70,70,70,70,70,70,70,70,70,70,70,70,70,70,70,70,70,70],"relics":["Ring of the Snake","Dead Branch","Boot","Tough Bandages","Dodecahedron","Bottled Flame","Black Star"],"card_choices":[{"not_picked":["Prepared","Setup"],"picked":"Noxious Fumes","floor":1},{"not_picked":["Noxious Fumes","Dagger Throw"],"picked":"Deadly Poison","floor":3},{"not_picked":["Sucker Punch","Deflect"],"picked":"Backflip","floor":5},{"not_picked":["Eviscerate","Backflip"],"picked":"Venomology","floor":6},{"not_picked":["Choke","Quick Slash"],"picked":"Dagger Spray","floor":8},{"not_picked":["Deadly Poison","Bane"],"picked":"Burst","floor":11},{"not_picked":["Heel Hook","Distraction"],"picked":"Dodge and Roll","floor":14},{"not_picked":["Storm of Steel","Unload"],"picked":"A Thousand Cuts","floor":16},{"not_picked":["Dagger Throw","Dagger Spray"],"picked":"Bouncing Flask","floor":18},{"not_picked":["Malaise","Dagger Spray"],"picked":"Flying Knee","floor":19},{"not_picked":["Acrobatics","Dodge and Roll","Sucker Punch"],"picked":"SKIP","floor":20}],"player_experience":670236,"potions_floor_usage":[6,6,8,8,11,11,14,16,18,19,20],"damage_taken":[{"damage":1,"enemies":"Jaw Worm","floor":1,"turns":8},{"damage":4,"enemies":"Cultist","floor":3,"turns":6},{"damage":0,"enemies":"2 Louse","floor":5,"turns":3},{"damage":15,"enemies":"Lagavulin","floor":6,"turns":6},{"damage":33,"enemies":"Gremlin Nob","floor":8,"turns":4},{"damage":2,"enemies":"Lagavulin","floor":11,"turns":6},{"damage":8,"enemies":"Exordium Thugs","floor":14,"turns":5},{"damage":5,"enemies":"The Guardian","floor":16,"turns":10},{"damage":30,"enemies":"3 Byrds","floor":18,"turns":4},{"damage":11,"enemies":"2 Thieves","floor":19,"turns":5},{"damage":21,"enemies":"Centurion and Healer","floor":20,"turns":10},{"damage":13,"enemies":"Snake Plant","floor":22,"turns":3}],"relics_obtained":[{"floor":6,"key":"Dead Branch"},{"floor":8,"key":"Boot"},{"floor":9,"key":"Tough Bandages"},{"floor":11,"key":"Dodecahedron"},{"floor":13,"key":"Bottled Flame"}],"event_choices":[{"event_name":"The Lab","player_choice":"Got Potions","floor":2,"damage_taken":0},{"event_name":"Golden Wing","player_choice":"Card Removal","floor":4,"damage_taken":0}],"boss_relics":[{"not_picked":["Orrery","Velvet Choker"],"picked":"Black Star"}],"items_purged_floors":[],"potions_floor_spawned":[3,6,14,18],"seed_played":"2603366116576850872","killed_by":"Snake Plant","ascension_level":6,"potions_obtained":[{"floor":2,"key":"Swift Potion"},{"floor":2,"key":"EssenceOfSteel"},{"floor":2,"key":"FearPotion"},{"floor":6,"key":"FearPotion"},{"floor":14,"key":"SkillPotion"},{"floor":18,"key":"LiquidBronze"}],"is_trial":false}