{"gold_per_floor":[363,363,132,156,156,190,190,190,190,190,90,90,115,128,128,258,258,274,258,273,273,273],"floor_reached":22,"playtime":1465,"items_purged":["Injury","Regret"],"score":294,"play_id":"51362895-35bc-462b-bdb7-0c4e80f3e3e1","local_time":"20190121204533","is_ascension_mode":true,"campfire_choices":[{"floor":7,"key":"REST"},{"data":"Spot Weakness","floor":15,"key":"SMITH"}],"neow_cost":"TEN_PERCENT_HP_LOSS","seed_source_timestamp":12788486629489066,"circlet_count":0,"master_deck":["AscendersBane","Strike_R","Strike_R","Strike_R","Strike_R","Defend_R","Defend_R","Defend_R","Bash","Armaments","Flex","Evolve","Spot Weakness+1","Iron Wave","Armaments","Dark Embrace","Warcry+1","Sentinel","Second Wind","Seeing Red","Metallicize","Dramatic Entrance"],"relics":["Black Blood","Golden Idol","Vajra","FossilizedHelix","Incense Burner","Mercury Hourglass","Prayer Wheel"],"potions_floor_usage":[16,20,20,22],"damage_taken":[{"damage":7,"enemies":"2 Louse","floor":1,"turns":5},{"damage":0,"enemies":"Small Slimes","floor":4,"turns":4},{"damage":48,"enemies":"Lagavulin","floor":6,"turns":6},{"damage":0,"enemies":"Cultist","floor":13,"turns":3},{"damage":7,"enemies":"3 Louse","floor":14,"turns":3},{"damage":42,"enemies":"Hexaghost","floor":16,"turns":12},{"damage":8,"enemies":"Chosen","floor":18,"turns":7},{"damage":29,"enemies":"2 Thieves","floor":19,"turns":4},{"damage":29,"enemies":"Sentry and Sphere","floor":20,"turns":9},{"damage":23,"enemies":"Centurion and Healer","floor":22,"turns":7}],"seed_played":"-7871647120339007843","potions_obtained":[{"floor":6,"key":"Dexterity Potion"},{"floor":14,"key":"Dexterity Potion"},{"floor":19,"key":"Fire Potion"},{"floor":20,"key":"EssenceOfSteel"}],"is_trial":false,"path_per_floor":["M","?","$","M","?","E","R","?","T","T","$","?","M","M","R","B",null,"M","M","M","?","M"],"character_chosen":"IRONCLAD","items_purchased":["Vajra"],"campfire_rested":1,"item_purchase_floors":[3],"current_hp_per_floor":[71,71,71,72,72,30,51,44,44,44,44,44,50,49,49,13,57,59,40,21,21,0],"gold":273,"neow_bonus":"TWO_FIFTY_GOLD","is_prod":false,"is_daily":false,"chose_seed":false,"campfire_upgraded":1,"win_rate":0,"timestamp":1548099933,"path_taken":["M","?","$","M","?","E","R","?","T","?","$","?","M","M","R","BOSS","M","M","?","?","M"],"build_version":"2019-01-17v2","purchased_purges":2,"victory":false,"max_hp_per_floor":[72,72,72,72,72,72,72,72,72,72,72,72,72,72,72,72,72,72,72,72,72,72],"card_choices":[{"not_picked":["Sword Boomerang","Rupture"],"picked":"Armaments","floor":1},{"not_picked":["Body Slam","Pommel Strike"],"picked":"Flex","floor":4},{"not_picked":["Sword Boomerang","Limit Break"],"picked":"Evolve","floor":6},{"not_picked":["Searing Blow","Burning Pact"],"picked":"Spot Weakness","floor":13},{"not_picked":["Flex","Perfected Strike","Heavy Blade"],"picked":"SKIP","floor":13},{"not_picked":["Dropkick","Thunderclap"],"picked":"Iron Wave","floor":14},{"not_picked":["Heavy Blade","Carnage"],"picked":"Armaments","floor":14},{"not_picked":["Exhume","Limit Break"],"picked":"Dark Embrace","floor":16},{"not_picked":["Twin Strike","Heavy Blade"],"picked":"Warcry+1","floor":18},{"not_picked":["Anger","Body Slam"],"picked":"Sentinel","floor":18},{"not_picked":["Wild Strike","Offering"],"picked":"Second Wind","floor":19},{"not_picked":["Uppercut","Pommel Strike","Clothesline"],"picked":"SKIP","floor":19},{"not_picked":["Infernal Blade","Carnage"],"picked":"Seeing Red","floor":20},{"not_picked":["Clothesline","Infernal Blade"],"picked":"Metallicize","floor":20}],"player_experience":290402,"relics_obtained":[{"floor":6,"key":"Incense Burner"},{"floor":9,"key":"Mercury Hourglass"},{"floor":10,"key":"Prayer Wheel"}],"event_choices":[{"damage_healed":0,"gold_gain":0,"player_choice":"Take Wound","damage_taken":0,"relics_obtained":["Golden Idol"],"max_hp_gain":0,"max_hp_loss":0,"event_name":"Golden Idol","floor":2,"gold_loss":0,"cards_obtained":["Injury"]},{"damage_healed":0,"gold_gain":0,"player_choice":"Box","damage_taken":0,"relics_obtained":["FossilizedHelix"],"max_hp_gain":0,"max_hp_loss":0,"event_name":"Big Fish","floor":5,"gold_loss":0,"cards_obtained":["Regret"]},{"cards_removed":["Defend_R"],"damage_healed":0,"gold_gain":0,"player_choice":"Card Removal","damage_taken":7,"max_hp_gain":0,"max_hp_loss":0,"event_name":"Golden Wing","floor":8,"gold_loss":0},{"cards_removed":["Strike_R"],"damage_healed":0,"gold_gain":0,"player_choice":"Offered Basic","damage_taken":0,"max_hp_gain":0,"max_hp_loss":0,"event_name":"Bonfire Elementals","floor":12,"gold_loss":0},{"damage_healed":0,"gold_gain":0,"player_choice":"1 cards matched","damage_taken":0,"max_hp_gain":0,"max_hp_loss":0,"event_name":"Match and Keep!","floor":21,"gold_loss":0,"cards_obtained":["Dramatic Entrance"]}],"is_beta":false,"boss_relics":[{"not_picked":["Lizard Tail","Mark of Pain"],"picked":"Black Blood"}],"items_purged_floors":[3,11],"is_endless":false,"potions_floor_spawned":[6,14,19,20],"killed_by":"Centurion and Healer","ascension_level":12}