{"gold_per_floor":[13,24,43,62,62,89,89,100,123,154,164,3,3,68,68,68],"floor_reached":16,"playtime":1657,"items_purged":["Strike_R"],"score":112,"play_id":"46adf10e-5207-4612-9032-a7b03c627128","local_time":"20190220210740","is_ascension_mode":false,"campfire_choices":[{"floor":7,"key":"DIG"},{"floor":15,"key":"REST"}],"neow_cost":"NO_GOLD","seed_source_timestamp":5654353972804,"circlet_count":0,"master_deck":["Strike_R","Strike_R","Strike_R","Strike_R","Defend_R","Defend_R","Defend_R","Defend_R","Bash","Spot Weakness","Shrug It Off","Pommel Strike","Shrug It Off","Headbutt","Impervious","Body Slam","True Grit","Feel No Pain","Heavy Blade"],"relics":["Burning Blood","Shovel","Girya","Orichalcum","Oddly Smooth Stone","Anchor","Mummified Hand"],"potions_floor_usage":[6,14],"damage_taken":[{"damage":1,"enemies":"Cultist","floor":1,"turns":4},{"damage":15,"enemies":"Jaw Worm","floor":2,"turns":4},{"damage":8,"enemies":"2 Louse","floor":3,"turns":3},{"damage":6,"enemies":"2 Fungi Beasts","floor":4,"turns":4},{"damage":16,"enemies":"3 Sentries","floor":6,"turns":9},{"damage":15,"enemies":"Exordium Thugs","floor":8,"turns":7},{"damage":29,"enemies":"Lagavulin","floor":10,"turns":7},{"damage":1,"enemies":"Blue Slaver","floor":11,"turns":3},{"damage":19,"enemies":"Lagavulin Event","floor":14,"turns":7},{"damage":43,"enemies":"Slime Boss","floor":16,"turns":10}],"seed_played":"-7444794892996571","potions_obtained":[{"floor":1,"key":"Swift Potion"},{"floor":2,"key":"EssenceOfSteel"},{"floor":8,"key":"PowerPotion"},{"floor":11,"key":"SpeedPotion"}],"is_trial":false,"path_per_floor":["M","M","M","M","$","E","R","M","T","E","M","$","?","?","R","B"],"character_chosen":"IRONCLAD","items_purchased":["True Grit","Feel No Pain"],"campfire_rested":1,"item_purchase_floors":[12,12],"current_hp_per_floor":[80,71,69,69,69,59,59,50,50,27,32,32,32,19,43,0],"gold":68,"neow_bonus":"ONE_RARE_RELIC","is_prod":false,"is_daily":false,"chose_seed":false,"campfire_upgraded":0,"win_rate":0.0,"timestamp":1550722060,"path_taken":["M","?","M","M","$","E","R","M","T","E","M","$","?","?","R","BOSS"],"build_version":"2019-01-23","purchased_purges":1,"victory":false,"max_hp_per_floor":[80,80,80,80,80,80,80,80,80,80,80,80,80,80,80,80],"card_choices":[{"not_picked":["Sever Soul","Dual Wield"],"picked":"Spot Weakness","floor":1},{"not_picked":["Armaments","Ghostly Armor"],"picked":"Shrug It Off","floor":2},{"not_picked":["Dropkick","Shrug It Off"],"picked":"Pommel Strike","floor":3},{"not_picked":["Fire Breathing","Dual Wield","Rage"],"picked":"SKIP","floor":4},{"not_picked":["Twin Strike","Thunderclap"],"picked":"Shrug It Off","floor":6},{"not_picked":["Clash","Dual Wield"],"picked":"Headbutt","floor":8},{"not_picked":["Power Through","Fiend Fire"],"picked":"Impervious","floor":10},{"not_picked":["Second Wind","Iron Wave"],"picked":"Body Slam","floor":11},{"not_picked":["Burning Pact","Disarm"],"picked":"Heavy Blade","floor":14}],"player_experience":41709,"relics_obtained":[{"floor":6,"key":"Girya"},{"floor":7,"key":"Orichalcum"},{"floor":9,"key":"Oddly Smooth Stone"},{"floor":10,"key":"Anchor"},{"floor":14,"key":"Mummified Hand"}],"event_choices":[{"damage_healed":0,"gold_gain":0,"player_choice":"Fled","damage_taken":0,"max_hp_gain":0,"max_hp_loss":0,"event_name":"Scrap Ooze","floor":13,"gold_loss":0},{"damage_healed":0,"gold_gain":0,"player_choice":"Searched \u00271\u0027 times","damage_taken":0,"max_hp_gain":0,"max_hp_loss":0,"event_name":"Dead Adventurer","floor":14,"gold_loss":0}],"is_beta":false,"boss_relics":[],"items_purged_floors":[12],"is_endless":false,"potions_floor_spawned":[1,2,8,11],"killed_by":"Slime Boss","ascension_level":0}