{"gold_per_floor":[115,65,27,42,61,93,93,93,146,176,195,209,209,222,222,321,351,371,371,383,308,1,1,36,51,51,51,51,80,95,95,95,95],"floor_reached":33,"playtime":7198,"items_purged":[],"score":345,"play_id":"8b4f5434-d369-40de-a846-86f9a7349e09","local_time":"20180710232756","is_ascension_mode":false,"campfire_choices":[{"data":"After Image","floor":7.0,"key":"SMITH"},{"data":"Infinite Blades","floor":13.0,"key":"SMITH"},{"floor":15.0,"key":"REST"},{"data":"Strike_G","floor":23,"key":"PURGE"},{"floor":27,"key":"REST"},{"floor":32,"key":"REST"}],"neow_cost":"","seed_source_timestamp":0,"circlet_count":0,"master_deck":["Defend_G+1","Defend_G","Defend_G","Strike_G","Strike_G","Strike_G","Survivor","Neutralize+1","Backflip","Infinite Blades+1","Malaise","Dagger Spray+1","After Image+1","Sucker Punch+1","Flying Knee+1","Quick Slash+1","Slice+1","Dagger Spray+1","Unload+1","All Out Attack+1","Outmaneuver+1","Endless Agony+1","Deflect","Heel Hook+1","Terror","Calculated Gamble","Riddle With Holes+1","Distraction+1"],"special_seed":0,"relics":["Ring of the Snake","Dream Catcher","Vajra","Molten Egg 2","Tiny House","Peace Pipe","Whetstone","Bottled Tornado","Strawberry"],"potions_floor_usage":[30,33,33],"damage_taken":[{"damage":0.0,"enemies":"2 Louse","floor":1.0,"turns":2.0},{"damage":0.0,"enemies":"Jaw Worm","floor":4.0,"turns":4.0},{"damage":0.0,"enemies":"Cultist","floor":5.0,"turns":5.0},{"damage":20.0,"enemies":"Gremlin Nob","floor":6.0,"turns":6.0},{"damage":1.0,"enemies":"Lagavulin","floor":10.0,"turns":11.0},{"damage":0.0,"enemies":"3 Louse","floor":11.0,"turns":3.0},{"damage":0.0,"enemies":"Exordium Wildlife","floor":12.0,"turns":3.0},{"damage":1.0,"enemies":"Blue Slaver","floor":14.0,"turns":4.0},{"damage":53.0,"enemies":"The Guardian","floor":16.0,"turns":9.0},{"damage":7.0,"enemies":"Spheric Guardian","floor":18.0,"turns":4.0},{"damage":0.0,"enemies":"3 Byrds","floor":20.0,"turns":4.0},{"damage":31,"enemies":"Book of Stabbing","floor":24,"turns":6},{"damage":6,"enemies":"Snecko","floor":25,"turns":5},{"damage":0,"enemies":"Gremlin Leader","floor":29,"turns":6},{"damage":29,"enemies":"Slaver and Parasite","floor":30,"turns":6},{"damage":64,"enemies":"Automaton","floor":33,"turns":6}],"seed_played":"-2056248092578435409","potions_obtained":[{"floor":5.0,"key":"Fire Potion"},{"floor":6.0,"key":"SkillPotion"},{"floor":10.0,"key":"SteroidPotion"},{"floor":12.0,"key":"EssenceOfSteel"},{"floor":17.0,"key":"Block Potion"},{"floor":29,"key":"FearPotion"}],"is_trial":false,"path_per_floor":["M","?","$","M","M","E","R","?","T","E","M","M","R","M","R","B",null,"M","?","M","?","$","R","E","M","T","R","$","E","M","?","R"],"character_chosen":"THE_SILENT","items_purchased":["Infinite Blades","Peace Pipe"],"campfire_rested":3,"item_purchase_floors":[3,22],"current_hp_per_floor":[70,70,70,70,70,50,50,43,43,42,42,42,42,41,62,9,75,68,54,54,54,54,54,23,17,17,41,41,48,19,19,45,0],"gold":95,"neow_bonus":"","is_prod":false,"is_daily":false,"chose_seed":false,"campfire_upgraded":2,"win_rate":0.0,"timestamp":1531232876,"path_taken":["M","?","$","M","M","E","R","?","T","E","M","M","R","M","R","BOSS","M","?","M","?","$","R","E","?","T","R","$","E","M","?","R","BOSS"],"build_version":"2018-07-05","purchased_purges":0,"victory":false,"max_hp_per_floor":[70,70,70,70,70,70,70,70,70,70,70,70,70,70,70,70,75,75,80,80,80,80,80,80,80,80,80,80,87,87,87,87,87],"card_choices":[{"not_picked":["Masterful Stab","Deflect"],"picked":"Backflip","floor":1.0},{"not_picked":["Caltrops","Distraction"],"picked":"Malaise","floor":4.0},{"not_picked":["Acrobatics","Slice"],"picked":"Dagger Spray","floor":5.0},{"not_picked":["Leg Sweep","Outmaneuver"],"picked":"After Image","floor":6.0},{"not_picked":["Leg Sweep","Deflect"],"picked":"Sucker Punch","floor":10.0},{"not_picked":["Underhanded Strike+1","Eviscerate+1"],"picked":"Flying Knee+1","floor":11.0},{"not_picked":["Poisoned Stab+1","Outmaneuver"],"picked":"Quick Slash+1","floor":12.0},{"not_picked":["Poisoned Stab+1","Dagger Throw+1"],"picked":"Slice+1","floor":14.0},{"not_picked":["Acrobatics","Dodge and Roll"],"picked":"Dagger Spray+1","floor":15.0},{"not_picked":["Bullet Time","A Thousand Cuts"],"picked":"Unload+1","floor":16.0},{"not_picked":["Poisoned Stab+1","Bouncing Flask"],"picked":"All Out Attack+1","floor":17.0},{"not_picked":["PiercingWail","Quick Slash+1"],"picked":"Outmaneuver+1","floor":18.0},{"not_picked":["Footwork","Eviscerate+1"],"picked":"Endless Agony+1","floor":20.0},{"not_picked":["Dagger Spray+1","A Thousand Cuts"],"picked":"Deflect","floor":24},{"not_picked":["Dodge and Roll","Blur"],"picked":"Heel Hook+1","floor":25},{"not_picked":["Backflip","Dash+1"],"picked":"Terror","floor":27},{"not_picked":["Burst","Dodge and Roll+1"],"picked":"Calculated Gamble","floor":29},{"not_picked":["Deadly Poison","Caltrops+1"],"picked":"Riddle With Holes+1","floor":30},{"not_picked":["Sucker Punch+1","Flying Knee+1"],"picked":"Distraction+1","floor":32}],"player_experience":44549,"relics_obtained":[{"floor":6.0,"key":"Dream Catcher"},{"floor":9.0,"key":"Vajra"},{"floor":10.0,"key":"Molten Egg 2"},{"floor":24,"key":"Whetstone"},{"floor":26,"key":"Bottled Tornado"},{"floor":29,"key":"Strawberry"}],"event_choices":[{"event_name":"The Cleric","player_choice":"Card Removal","floor":2.0,"damage_taken":0.0},{"event_name":"Golden Wing","player_choice":"Card Removal","floor":8.0,"damage_taken":0.0},{"event_name":"Forgotten Altar","player_choice":"Shed Blood","floor":19.0,"damage_taken":0.0},{"event_name":"Beggar","player_choice":"Gave Gold","floor":21.0,"damage_taken":0.0},{"event_name":"Vampires","player_choice":"Ignored","floor":31,"damage_taken":0}],"boss_relics":[{"not_picked":["Coffee Dripper","Lizard Tail"],"picked":"Tiny House"}],"items_purged_floors":[],"is_endless":false,"potions_floor_spawned":[5,6,10,12,20,25,29],"killed_by":"Automaton","ascension_level":0}