{"gold_per_floor":[119,22,22,22,22,39,58,58,58,87,104,104,120,45,45,142,142,154,57,57,71,86,86,115,115,115,115,115,135,135,152,152,152],"floor_reached":33,"playtime":1150,"items_purged":[],"score":384,"play_id":"23b53b8a-bea7-40ca-896e-b2a552d1324a","local_time":"20181002001022","is_ascension_mode":true,"campfire_choices":[{"data":"Defragment","floor":8,"key":"SMITH"},{"data":"Recycle","floor":12,"key":"SMITH"},{"data":"Doom and Gloom","floor":15,"key":"SMITH"},{"floor":23,"key":"REST"},{"floor":25,"key":"REST"},{"floor":30,"key":"REST"},{"floor":32,"key":"REST"}],"neow_cost":"NONE","seed_source_timestamp":735153048514992,"circlet_count":0,"master_deck":["Strike_B","Strike_B","Strike_B","Strike_B+1","Defend_B","Defend_B","Defend_B","Defend_B+1","Zap+1","Dualcast","Self Repair","Defragment+1","Beam Cell","Hello World","Recycle+1","Leap","Steam","Doom and Gloom+1","FTL","Electrodynamics","Leap","Dark Shackles","Reprogram","Conserve Battery","Coolheaded"],"relics":["Cracked Core","NeowsBlessing","Boot","Bottled Lightning","Busted Crown","Nilry\u0027s Codex","Bag of Marbles","Kunai","The Courier"],"potions_floor_usage":[10,16,24,24,24,33],"damage_taken":[{"damage":0,"enemies":"Jaw Worm","floor":1,"turns":1},{"damage":0,"enemies":"Small Slimes","floor":6,"turns":1},{"damage":0,"enemies":"Cultist","floor":7,"turns":1},{"damage":27,"enemies":"3 Sentries","floor":10,"turns":7},{"damage":6,"enemies":"Looter","floor":11,"turns":3},{"damage":3,"enemies":"Exordium Wildlife","floor":13,"turns":3},{"damage":44,"enemies":"Slime Boss","floor":16,"turns":9},{"damage":12,"enemies":"Spheric Guardian","floor":18,"turns":5},{"damage":11,"enemies":"Shell Parasite","floor":21,"turns":5},{"damage":19,"enemies":"Snake Plant","floor":22,"turns":4},{"damage":25,"enemies":"Slavers","floor":24,"turns":3},{"damage":30,"enemies":"Snecko","floor":29,"turns":6},{"damage":23,"enemies":"Centurion and Healer","floor":31,"turns":5},{"damage":41,"enemies":"Champ","floor":33,"turns":13}],"seed_played":"-2932226474441716822","potions_obtained":[{"floor":1,"key":"Poison Potion"},{"floor":11,"key":"PowerPotion"},{"floor":16,"key":"Weak Potion"},{"floor":21,"key":"Poison Potion"},{"floor":22,"key":"GamblersBrew"},{"floor":24,"key":"LiquidBronze"},{"floor":31,"key":"SkillPotion"}],"is_trial":false,"path_per_floor":["M","$","?","?","?","M","M","R","T","E","M","R","M","$","R","B",null,"M","$","?","M","M","R","E","R","T","?","T","M","R","M","R"],"character_chosen":"DEFECT","items_purchased":["Defragment","Beam Cell","FTL","Dark Shackles"],"campfire_rested":4,"item_purchase_floors":[2,2,14,19],"current_hp_per_floor":[68,68,53,75,75,75,75,75,75,55,56,56,60,60,60,16,60,55,55,39,35,23,45,27,49,49,49,49,26,48,32,54,13],"gold":152,"neow_bonus":"THREE_ENEMY_KILL","is_prod":false,"is_daily":false,"chose_seed":false,"campfire_upgraded":3,"win_rate":0,"timestamp":1538431822,"path_taken":["M","$","?","?","?","?","M","R","T","E","M","R","M","?","R","BOSS","M","$","?","M","M","R","E","R","T","?","?","M","R","M","R","BOSS"],"build_version":"2018-09-27","purchased_purges":0,"victory":false,"max_hp_per_floor":[75,75,75,75,75,75,75,75,75,75,75,75,75,75,75,75,75,75,75,75,75,75,75,75,75,75,75,75,75,75,75,75,75],"card_choices":[{"not_picked":["Coolheaded","Conserve Battery"],"picked":"Self Repair","floor":1},{"not_picked":["Blizzard","Gash"],"picked":"Hello World","floor":6},{"not_picked":["Compile Driver","Self Repair"],"picked":"Recycle","floor":7},{"not_picked":["Hologram","Go for the Eyes"],"picked":"Leap","floor":10},{"not_picked":["Compile Driver","Cold Snap"],"picked":"Steam","floor":11},{"not_picked":["Turbo","Static Discharge"],"picked":"Doom and Gloom","floor":13},{"not_picked":["Rainbow","Creative AI"],"picked":"Electrodynamics","floor":16},{"not_picked":[],"picked":"Leap","floor":18},{"not_picked":["Aggregate"],"picked":"SKIP","floor":21},{"not_picked":[],"picked":"Reprogram","floor":22},{"not_picked":[],"picked":"Conserve Battery","floor":24},{"not_picked":["Streamline"],"picked":"SKIP","floor":29},{"not_picked":[],"picked":"Coolheaded","floor":31}],"player_experience":1019320,"relics_obtained":[{"floor":9,"key":"Boot"},{"floor":10,"key":"Bottled Lightning"},{"floor":20,"key":"Nilry\u0027s Codex"},{"floor":24,"key":"Bag of Marbles"},{"floor":26,"key":"Kunai"},{"floor":28,"key":"The Courier"}],"event_choices":[{"event_name":"Shining Light","player_choice":"Entered Light","floor":3,"damage_taken":0},{"event_name":"Big Fish","player_choice":"Banana","floor":4,"damage_taken":0},{"event_name":"Living Wall","player_choice":"Grow","floor":5,"damage_taken":0},{"event_name":"Cursed Tome","player_choice":"Obtained Book","floor":20,"damage_taken":0},{"event_name":"Ghosts","player_choice":"Ignored","floor":27,"damage_taken":0}],"is_beta":false,"boss_relics":[{"not_picked":["Philosopher\u0027s Stone","Lizard Tail"],"picked":"Busted Crown"}],"items_purged_floors":[],"is_endless":false,"potions_floor_spawned":[1,11,16,21,22,24,31],"killed_by":"Champ","ascension_level":9}