{"gold_per_floor":[119,131,150,63,63,95,57,76,76,76],"floor_reached":10,"playtime":300,"items_purged":[],"score":95,"play_id":"a5395380-4d1d-422b-b7c2-193b2d5f45c6","local_time":"20180806155651","is_ascension_mode":true,"campfire_choices":[],"neow_cost":"NONE","seed_source_timestamp":1810043018794989,"circlet_count":0,"master_deck":["Defend_G","Defend_G","Defend_G","Defend_G","Defend_G","Strike_G","Strike_G","Strike_G","Strike_G","Strike_G","Survivor","Neutralize","Clumsy","Clumsy","Normality","Backstab","Backstab","All Out Attack","Noxious Fumes","Outmaneuver","Regret","Prepared","Bane"],"relics":["Calling Bell","Blue Candle","Bag of Marbles","Thread and Needle","Juzu Bracelet","Gambling Chip","Matryoshka"],"potions_floor_usage":[3],"damage_taken":[{"damage":2,"enemies":"Cultist","floor":1,"turns":5},{"damage":0,"enemies":"2 Louse","floor":2,"turns":2},{"damage":0,"enemies":"Jaw Worm","floor":3,"turns":2},{"damage":30,"enemies":"Gremlin Nob","floor":6,"turns":5},{"damage":0,"enemies":"3 Louse","floor":8,"turns":2},{"damage":35,"enemies":"Lagavulin","floor":10,"turns":6}],"seed_played":"5042969672465833706","potions_obtained":[{"floor":1,"key":"Swift Potion"}],"is_trial":false,"path_per_floor":["M","M","M","$","?","E","?","M","T"],"character_chosen":"THE_SILENT","items_purchased":["Noxious Fumes","Outmaneuver"],"campfire_rested":0,"item_purchase_floors":[4,4],"current_hp_per_floor":[61,61,61,61,61,31,31,31,31,0],"gold":76,"neow_bonus":"BOSS_RELIC","is_prod":false,"is_daily":false,"chose_seed":false,"campfire_upgraded":0,"win_rate":0,"timestamp":1533563811,"path_taken":["M","M","?","?","?","E","?","M","T","E"],"build_version":"2018-08-02","purchased_purges":0,"victory":false,"max_hp_per_floor":[70,70,70,70,70,70,70,70,70,70],"card_choices":[{"not_picked":["Setup","Deflect"],"picked":"Backstab","floor":1},{"not_picked":["Sucker Punch","Quick Slash"],"picked":"Backstab","floor":2},{"not_picked":["Sucker Punch","Underhanded Strike"],"picked":"All Out Attack","floor":3},{"not_picked":["Dagger Spray","Riddle With Holes"],"picked":"Prepared","floor":6},{"not_picked":["Dagger Throw","Setup"],"picked":"Bane","floor":8}],"player_experience":866456,"relics_obtained":[{"floor":0,"key":"Blue Candle"},{"floor":0,"key":"Bag of Marbles"},{"floor":0,"key":"Thread and Needle"},{"floor":6,"key":"Gambling Chip"},{"floor":9,"key":"Matryoshka"}],"event_choices":[{"event_name":"Big Fish","player_choice":"Box","floor":5,"damage_taken":0},{"event_name":"World of Goop","player_choice":"Left","floor":7,"damage_taken":0}],"is_beta":false,"boss_relics":[],"items_purged_floors":[],"is_endless":false,"potions_floor_spawned":[1],"killed_by":"Lagavulin","ascension_level":8}