{"gold_per_floor":[119,132,151,169,169,169,202,219,219,230,249,282,304,304,304,383,383,395,409,111,131,131,131,46,65,139,139],"floor_reached":27,"playtime":1102,"items_purged":["Strike_R"],"score":454,"play_id":"602bdb61-25da-48b4-8fd8-c3511c5e5df6","local_time":"20190214204738","is_ascension_mode":true,"campfire_choices":[{"data":"Uppercut","floor":6.0,"key":"SMITH"},{"floor":15.0,"key":"REST"},{"floor":23.0,"key":"REST"}],"neow_cost":"TEN_PERCENT_HP_LOSS","seed_source_timestamp":107264600298313,"circlet_count":0,"master_deck":["AscendersBane","Strike_R","Strike_R+1","Strike_R","Strike_R","Defend_R","Defend_R","Defend_R+1","Defend_R","Bash","Fiend Fire","Rampage","Uppercut+1","Reckless Charge","Reaper","True Grit","Clothesline","Immolate","Power Through","Limit Break","Disarm","Disarm","Whirlwind","Shrug It Off","True Grit","Iron Wave","Corruption","Writhe","Anger+1"],"special_seed":0,"relics":["Burning Blood","FaceOfCleric","Paper Frog","Regal Pillow","Bag of Marbles","Odd Mushroom","Orrery","Medical Kit","Molten Egg 2","Anchor","Frozen Egg 2"],"potions_floor_usage":[25,25],"damage_taken":[{"damage":9.0,"enemies":"Jaw Worm","floor":1.0,"turns":3.0},{"damage":1.0,"enemies":"Cultist","floor":2.0,"turns":3.0},{"damage":1.0,"enemies":"2 Louse","floor":3.0,"turns":2.0},{"damage":40.0,"enemies":"Exordium Thugs","floor":4.0,"turns":7.0},{"damage":6.0,"enemies":"Gremlin Nob","floor":7.0,"turns":3.0},{"damage":10.0,"enemies":"3 Louse","floor":8.0,"turns":4.0},{"damage":13.0,"enemies":"Exordium Wildlife","floor":10.0,"turns":6.0},{"damage":11.0,"enemies":"Looter","floor":11.0,"turns":2.0},{"damage":18.0,"enemies":"3 Sentries","floor":12.0,"turns":6.0},{"damage":18.0,"enemies":"The Mushroom Lair","floor":13.0,"turns":4.0},{"damage":33.0,"enemies":"Slime Boss","floor":16.0,"turns":9.0},{"damage":42.0,"enemies":"3 Byrds","floor":18.0,"turns":8.0},{"damage":0.0,"enemies":"Chosen","floor":19.0,"turns":5.0},{"damage":13.0,"enemies":"Snake Plant","floor":21.0,"turns":3.0},{"damage":41,"enemies":"Cultist and Chosen","floor":25,"turns":7},{"damage":27,"enemies":"Gremlin Leader","floor":27,"turns":4}],"seed_played":"2840223293506485061","potions_obtained":[{"floor":1.0,"key":"AttackPotion"},{"floor":7.0,"key":"Block Potion"},{"floor":11.0,"key":"Block Potion"},{"floor":12.0,"key":"Weak Potion"},{"floor":16.0,"key":"BloodPotion"},{"floor":19.0,"key":"Regen Potion"},{"floor":25,"key":"Ancient Potion"}],"is_trial":false,"path_per_floor":["M","M","M","M","?","R","E","M","T","M","M","E","?","?","R","B",null,"M","M","$","M","?","R","?","M","T","E"],"character_chosen":"IRONCLAD","items_purchased":["Medical Kit"],"campfire_rested":2,"item_purchase_floors":[20],"current_hp_per_floor":[65,68,68,34,34,34,35,44,44,38,34,31,24,2,39,21,62,34,41,41,35,35,73,73,51,51,24],"gold":139,"neow_bonus":"THREE_RARE_CARDS","is_prod":false,"is_daily":false,"chose_seed":false,"campfire_upgraded":1,"win_rate":0,"timestamp":1550195258,"path_taken":["M","M","M","M","?","R","E","M","T","M","?","E","?","?","R","BOSS","M","M","$","M","?","R","?","M","T","E"],"build_version":"2019-01-23","purchased_purges":1,"victory":false,"max_hp_per_floor":[68,68,68,68,68,68,69,70,70,71,72,73,74,74,74,75,75,76,77,77,78,78,78,78,79,79,79],"card_choices":[{"not_picked":["Impervious","Exhume"],"picked":"Fiend Fire","floor":0.0},{"not_picked":["Power Through","Thunderclap"],"picked":"Rampage","floor":1.0},{"not_picked":["Pommel Strike","Wild Strike"],"picked":"Uppercut","floor":2.0},{"not_picked":["Seeing Red","Flex"],"picked":"Reckless Charge","floor":3.0},{"not_picked":["Heavy Blade","Pommel Strike"],"picked":"Reaper","floor":4.0},{"not_picked":["Armaments","Perfected Strike"],"picked":"True Grit","floor":7.0},{"not_picked":["Iron Wave","Burning Pact"],"picked":"Clothesline","floor":8.0},{"not_picked":["Warcry","Dual Wield","Twin Strike"],"picked":"SKIP","floor":10.0},{"not_picked":["Evolve","Pommel Strike"],"picked":"Immolate","floor":11.0},{"not_picked":["Hemokinesis","Twin Strike","Flex"],"picked":"SKIP","floor":12.0},{"not_picked":["Body Slam","Sword Boomerang"],"picked":"Power Through","floor":13.0},{"not_picked":["Bludgeon","Brutality"],"picked":"Limit Break","floor":16.0},{"not_picked":["Cleave","Twin Strike"],"picked":"Disarm","floor":17.0},{"not_picked":["Carnage","Clash"],"picked":"Disarm","floor":17.0},{"not_picked":["Cleave","Heavy Blade"],"picked":"Whirlwind","floor":17.0},{"not_picked":["Heavy Blade","Juggernaut"],"picked":"Shrug It Off","floor":17.0},{"not_picked":["Uppercut","Clash"],"picked":"True Grit","floor":18.0},{"not_picked":["Sword Boomerang","Body Slam"],"picked":"Iron Wave","floor":19.0},{"not_picked":["Flex","Hemokinesis"],"picked":"Corruption","floor":21.0},{"not_picked":["Perfected Strike+1","Wild Strike+1"],"picked":"Anger+1","floor":25}],"player_experience":1213385,"relics_obtained":[{"floor":7.0,"key":"Paper Frog"},{"floor":9.0,"key":"Regal Pillow"},{"floor":12.0,"key":"Bag of Marbles"},{"floor":13.0,"key":"Odd Mushroom"},{"floor":26,"key":"Frozen Egg 2"}],"event_choices":[{"damage_healed":0.0,"max_hp_gain":0.0,"max_hp_loss":0.0,"gold_gain":0.0,"event_name":"FaceTrader","player_choice":"Trade","floor":5.0,"gold_loss":0.0,"damage_taken":0.0,"relics_obtained":["FaceOfCleric"]},{"damage_healed":0.0,"max_hp_gain":0.0,"max_hp_loss":0.0,"gold_gain":0.0,"event_name":"Mushrooms","player_choice":"Fought Mushrooms","floor":13.0,"gold_loss":0.0,"damage_taken":0.0},{"damage_healed":0.0,"max_hp_gain":0.0,"max_hp_loss":0.0,"gold_gain":0.0,"event_name":"Shining Light","player_choice":"Entered Light","floor":14.0,"gold_loss":0.0,"damage_taken":22.0,"cards_upgraded":["Strike_R","Defend_R"]},{"damage_healed":0.0,"max_hp_gain":0.0,"max_hp_loss":0.0,"gold_gain":0.0,"event_name":"The Mausoleum","player_choice":"Opened","floor":22.0,"gold_loss":0.0,"damage_taken":0.0,"relics_obtained":["Molten Egg 2"],"cards_obtained":["Writhe"]},{"damage_healed":0.0,"max_hp_gain":0.0,"max_hp_loss":0.0,"gold_gain":0.0,"event_name":"Addict","player_choice":"Obtained Relic","floor":24.0,"gold_loss":85.0,"damage_taken":0.0,"relics_obtained":["Anchor"]}],"is_beta":false,"boss_relics":[{"not_picked":["Black Blood","Calling Bell"],"picked":"Orrery"}],"items_purged_floors":[20],"is_endless":false,"potions_floor_spawned":[1,7,11,12,16,19,25],"killed_by":"Gremlin Leader","ascension_level":20}