{"gold_per_floor":[119,119,0,0,75,75,109,127,127,166,179,204,254,273,273,364,364,379,379,429,452,377,377,396,419,442,442],"floor_reached":27,"playtime":783,"items_purged":["Injury"],"score":496,"play_id":"c2413694-5e50-4976-8a10-8c523be0e272","local_time":"20181214193758","is_ascension_mode":true,"campfire_choices":[{"floor":6.0,"key":"REST"},{"floor":15.0,"key":"REST"},{"data":"A Thousand Cuts","floor":23.0,"key":"SMITH"}],"neow_cost":"NONE","seed_source_timestamp":468076533376283,"circlet_count":0,"master_deck":["AscendersBane","Defend_G","Defend_G+1","Defend_G+1","Defend_G","Defend_G+1","Strike_G","Strike_G","Strike_G","Strike_G","Survivor+1","Neutralize","Poisoned Stab","Infinite Blades","Slice","Dash","Blur","Bouncing Flask","Poisoned Stab","Caltrops","A Thousand Cuts+1","Sucker Punch+1","Footwork","Dodge and Roll","Concentrate+1","Leg Sweep","Writhe"],"special_seed":0,"relics":["Ring of the Snake","NeowsBlessing","Golden Idol","Potion Belt","Matryoshka","War Paint","Cursed Key","Strawberry"],"potions_floor_usage":[],"damage_taken":[{"damage":0.0,"enemies":"Cultist","floor":1.0,"turns":1.0},{"damage":0.0,"enemies":"3 Sentries","floor":7.0,"turns":1.0},{"damage":0.0,"enemies":"2 Louse","floor":8.0,"turns":1.0},{"damage":44.0,"enemies":"Gremlin Nob","floor":10.0,"turns":5.0},{"damage":4.0,"enemies":"Jaw Worm","floor":11.0,"turns":6.0},{"damage":8.0,"enemies":"Exordium Wildlife","floor":12.0,"turns":5.0},{"damage":2.0,"enemies":"3 Louse","floor":14.0,"turns":4.0},{"damage":10.0,"enemies":"Hexaghost","floor":16.0,"turns":9.0},{"damage":13.0,"enemies":"Shell Parasite","floor":18.0,"turns":6.0},{"damage":0.0,"enemies":"Chosen","floor":21.0,"turns":5.0},{"damage":20.0,"enemies":"Centurion and Healer","floor":24.0,"turns":9.0},{"damage":10.0,"enemies":"Snake Plant","floor":25.0,"turns":4.0},{"damage":38,"enemies":"Slavers","floor":27,"turns":2}],"seed_played":"-5990490107869039955","potions_obtained":[{"floor":1.0,"key":"AttackPotion"},{"floor":8.0,"key":"Regen Potion"},{"floor":14.0,"key":"AttackPotion"},{"floor":16.0,"key":"AttackPotion"},{"floor":18.0,"key":"Regen Potion"}],"is_trial":false,"path_per_floor":["M","?","$","?","?","R","E","M","T","E","M","M","?","M","R","B",null,"M","?","?","M","?","R","M","M","T","E"],"character_chosen":"THE_SILENT","items_purchased":["Infinite Blades"],"campfire_rested":2,"item_purchase_floors":[3],"current_hp_per_floor":[59,59,59,39,28,47,47,47,47,17,13,5,5,3,22,12,53,40,40,40,54,54,54,34,24,31,0],"gold":442,"neow_bonus":"THREE_ENEMY_KILL","is_prod":false,"is_daily":false,"chose_seed":false,"campfire_upgraded":1,"win_rate":0,"timestamp":1544834278,"path_taken":["M","?","$","?","?","R","E","M","T","E","M","?","?","M","R","BOSS","M","?","?","M","?","R","M","M","T","E"],"build_version":"2018-12-13","purchased_purges":1,"victory":false,"max_hp_per_floor":[66,66,66,66,66,66,66,66,66,66,66,66,66,66,66,66,66,66,66,66,66,66,66,66,66,73,73],"card_choices":[{"not_picked":["Escape Plan","Deflect"],"picked":"Poisoned Stab","floor":1.0},{"not_picked":["PiercingWail","Reflex"],"picked":"Slice","floor":7.0},{"not_picked":["Reflex","Endless Agony"],"picked":"Dash","floor":8.0},{"not_picked":["Backflip","Setup"],"picked":"Blur","floor":10.0},{"not_picked":["Blade Dance","Infinite Blades"],"picked":"Bouncing Flask","floor":11.0},{"not_picked":["Acrobatics","Dagger Spray"],"picked":"Poisoned Stab","floor":12.0},{"not_picked":["Flying Knee","Slice"],"picked":"Caltrops","floor":14.0},{"not_picked":["Grand Finale","Doppelganger"],"picked":"A Thousand Cuts","floor":16.0},{"not_picked":["Dash","PiercingWail"],"picked":"Sucker Punch+1","floor":18.0},{"not_picked":["Infinite Blades","Underhanded Strike"],"picked":"Dodge and Roll","floor":21.0},{"not_picked":["Underhanded Strike+1","Bane"],"picked":"Concentrate+1","floor":24.0},{"not_picked":["Expertise","Slice"],"picked":"Leg Sweep","floor":25.0}],"player_experience":1231296,"relics_obtained":[{"floor":7.0,"key":"Potion Belt"},{"floor":9.0,"key":"Matryoshka"},{"floor":10.0,"key":"War Paint"},{"floor":26.0,"key":"Strawberry"}],"event_choices":[{"damage_healed":0.0,"max_hp_gain":0.0,"max_hp_loss":0.0,"gold_gain":0.0,"event_name":"Golden Idol","player_choice":"Take Wound","floor":2.0,"gold_loss":0.0,"damage_taken":0.0,"relics_obtained":["Golden Idol"],"cards_obtained":["Injury"]},{"damage_healed":0.0,"max_hp_gain":0.0,"max_hp_loss":0.0,"gold_gain":0.0,"event_name":"Shining Light","player_choice":"Entered Light","floor":4.0,"gold_loss":0.0,"damage_taken":20.0,"cards_upgraded":["Defend_G","Survivor"]},{"damage_healed":0.0,"max_hp_gain":0.0,"max_hp_loss":0.0,"gold_gain":75.0,"event_name":"World of Goop","player_choice":"Gather Gold","floor":5.0,"gold_loss":0.0,"damage_taken":11.0},{"damage_healed":0.0,"max_hp_gain":0.0,"max_hp_loss":0.0,"gold_gain":50.0,"event_name":"Golden Shrine","player_choice":"Pray","floor":13.0,"gold_loss":0.0,"damage_taken":0.0},{"damage_healed":0.0,"max_hp_gain":0.0,"max_hp_loss":0.0,"gold_gain":0.0,"event_name":"The Library","player_choice":"Read","floor":19.0,"gold_loss":0.0,"damage_taken":0.0,"cards_obtained":["Footwork"]},{"damage_healed":0.0,"max_hp_gain":0.0,"max_hp_loss":0.0,"gold_gain":50.0,"event_name":"Nest","player_choice":"Stole From Cult","floor":20.0,"gold_loss":0.0,"damage_taken":0.0},{"cards_removed":["Strike_G"],"damage_healed":0.0,"max_hp_gain":0.0,"max_hp_loss":0.0,"gold_gain":0.0,"event_name":"Beggar","player_choice":"Gave Gold","floor":22.0,"gold_loss":75.0,"damage_taken":0.0}],"is_beta":true,"boss_relics":[{"not_picked":["Eternal Feather","Ectoplasm"],"picked":"Cursed Key"}],"items_purged_floors":[3],"is_endless":false,"potions_floor_spawned":[1,8,14,16,18],"killed_by":"Slavers","ascension_level":20}