{"gold_per_floor":[218,38,57,71,371,371,390,390,470,470,513,70,70,109,109,198,198,212,236,236,250,230,230,253,276,276,276],"floor_reached":27,"playtime":821,"items_purged":["Injury"],"score":446,"play_id":"80d9f0c8-e14d-42cd-a344-87a77a71cfa4","local_time":"20181218125311","is_ascension_mode":true,"campfire_choices":[{"data":"Zap","floor":6.0,"key":"SMITH"},{"data":"Capacitor","floor":13.0,"key":"SMITH"},{"data":"Doom and Gloom","floor":15.0,"key":"SMITH"},{"data":"Recycle","floor":23,"key":"SMITH"}],"neow_cost":"NONE","seed_source_timestamp":47191235278810,"circlet_count":0,"master_deck":["AscendersBane","Strike_B","Strike_B","Strike_B","Strike_B","Defend_B","Defend_B","Defend_B","Defend_B","Zap+1","Dualcast","Sweeping Beam","Cold Snap","Barrage","Doom and Gloom+1","Cold Snap","Capacitor+1","Coolheaded","Echo Form","Recycle+1","Conserve Battery","Doubt"],"special_seed":0,"relics":["Cracked Core","Tiny Chest","Old Coin","Gremlin Horn","Symbiotic Virus","Golden Idol","Unceasing Top","Pear","Anchor","Cursed Key","Mercury Hourglass"],"potions_floor_usage":[19,24,27],"damage_taken":[{"damage":0.0,"enemies":"Cultist","floor":1.0,"turns":3.0},{"damage":0.0,"enemies":"Small Slimes","floor":3.0,"turns":2.0},{"damage":2.0,"enemies":"2 Louse","floor":4.0,"turns":3.0},{"damage":9.0,"enemies":"Blue Slaver","floor":7.0,"turns":3.0},{"damage":7.0,"enemies":"Gremlin Nob","floor":11.0,"turns":3.0},{"damage":20.0,"enemies":"3 Sentries","floor":14.0,"turns":3.0},{"damage":27.0,"enemies":"Slime Boss","floor":16.0,"turns":7.0},{"damage":13.0,"enemies":"Shell Parasite","floor":18.0,"turns":5.0},{"damage":7,"enemies":"2 Thieves","floor":19,"turns":3},{"damage":2,"enemies":"3 Cultists","floor":21,"turns":4},{"damage":10,"enemies":"Sentry and Sphere","floor":24,"turns":5},{"damage":10,"enemies":"Centurion and Healer","floor":25,"turns":6},{"damage":30,"enemies":"Book of Stabbing","floor":27,"turns":3}],"seed_played":"6252773279247062802","potions_obtained":[{"floor":4.0,"key":"Ancient Potion"},{"floor":11.0,"key":"Swift Potion"},{"floor":19,"key":"Block Potion"},{"floor":25,"key":"Weak Potion"}],"is_trial":false,"path_per_floor":["M","$","M","M","?","R","M","T","T","?","E","$","R","E","R","B",null,"M","M","$","M","?","R","M","M","T","E"],"character_chosen":"DEFECT","items_purchased":["Tiny Chest","Cold Snap","Pear","Capacitor"],"campfire_rested":0,"item_purchase_floors":[2,2,12,12],"current_hp_per_floor":[64,64,64,62,62,62,53,53,53,53,46,56,56,36,36,9,63,50,43,43,41,41,41,31,21,21,0],"gold":276,"neow_bonus":"HUNDRED_GOLD","is_prod":false,"is_daily":false,"chose_seed":false,"campfire_upgraded":4,"win_rate":0,"timestamp":1545155591,"path_taken":["M","$","M","?","?","R","?","?","T","?","E","$","R","E","R","BOSS","M","M","$","M","?","R","?","?","T","E"],"build_version":"2018-12-17","purchased_purges":1,"victory":false,"max_hp_per_floor":[71,71,71,71,71,71,71,71,71,71,71,81,81,81,81,81,81,81,81,81,81,81,81,81,81,81,81],"card_choices":[{"not_picked":["Gash","Fusion"],"picked":"Sweeping Beam","floor":1.0},{"not_picked":["Turbo","Storm"],"picked":"Barrage","floor":3.0},{"not_picked":["Rebound","Reprogram"],"picked":"Doom and Gloom","floor":4.0},{"not_picked":["Barrage","Steam Power"],"picked":"Cold Snap","floor":7.0},{"not_picked":["Sweeping Beam","Barrage","Storm"],"picked":"SKIP","floor":11.0},{"not_picked":["Leap","Barrage"],"picked":"Coolheaded","floor":14.0},{"not_picked":["Amplify","Machine Learning"],"picked":"Echo Form","floor":16.0},{"not_picked":["Compile Driver","Scrape"],"picked":"Recycle","floor":18.0},{"not_picked":["Coolheaded","Steam Power","Rebound"],"picked":"SKIP","floor":19},{"not_picked":["Turbo","Storm","Blizzard"],"picked":"SKIP","floor":21},{"not_picked":["Stack","Force Field","Compile Driver"],"picked":"SKIP","floor":24},{"not_picked":["Barrage","Tempest"],"picked":"Conserve Battery","floor":25}],"player_experience":1265044,"relics_obtained":[{"floor":5.0,"key":"Old Coin"},{"floor":8.0,"key":"Gremlin Horn"},{"floor":9.0,"key":"Symbiotic Virus"},{"floor":11.0,"key":"Unceasing Top"},{"floor":14.0,"key":"Anchor"},{"floor":26,"key":"Mercury Hourglass"}],"event_choices":[{"damage_healed":0.0,"max_hp_gain":0.0,"max_hp_loss":0.0,"gold_gain":0.0,"event_name":"Wheel of Change","player_choice":"Relic","floor":5.0,"gold_loss":0.0,"damage_taken":0.0},{"damage_healed":0.0,"max_hp_gain":0.0,"max_hp_loss":0.0,"gold_gain":0.0,"event_name":"Golden Idol","player_choice":"Take Wound","floor":10.0,"gold_loss":0.0,"damage_taken":0.0,"relics_obtained":["Golden Idol"],"cards_obtained":["Injury"]},{"damage_healed":0,"gold_gain":0,"player_choice":"Bought 1 Potion","damage_taken":0,"max_hp_gain":0,"max_hp_loss":0,"event_name":"The Woman in Blue","floor":22,"gold_loss":0}],"is_beta":true,"boss_relics":[{"not_picked":["White Beast Statue","Black Star"],"picked":"Cursed Key"}],"items_purged_floors":[12],"is_endless":false,"potions_floor_spawned":[4,11,16,19,21,25],"killed_by":"Book of Stabbing","ascension_level":20}