{"gold_per_floor":[111,286,286,297,307,307,23,23,23,38,54,54,109,128,128,230,230,248,268,183,44,44,44,79,79,79,79,79,79,4,4,4,4],"floor_reached":33,"playtime":1385,"items_purged":["Doubt","Regret"],"score":316,"play_id":"756996f6-ff97-4c93-96ff-3218b69baefc","local_time":"20180630222604","is_ascension_mode":true,"campfire_choices":[{"data":"Zap","floor":6,"key":"SMITH"},{"floor":15,"key":"DIG"},{"floor":23,"key":"DIG"},{"floor":25,"key":"DIG"},{"floor":27,"key":"DIG"},{"floor":32,"key":"DIG"}],"neow_cost":"NONE","seed_source_timestamp":187677381859327,"circlet_count":0,"master_deck":["Strike_B","Strike_B","Defend_B","Defend_B","Defend_B","Defend_B","Zap+1","Dualcast","Electrodynamics","Ball Lightning","Capacitor","Rebound","Thunder Strike+1","Consume","Stack","Lockon","Conserve Battery","Buffer","Sunder","Loop","Hologram","Decay"],"relics":["Cracked Core","Pantograph","Darkstone Periapt","Juzu Bracelet","Shovel","Potion Belt","White Beast Statue","The Courier","Bag of Preparation","Kunai","Orichalcum","Mummified Hand","Mercury Hourglass","Bronze Scales"],"potions_floor_usage":[11,13,14,16,16,19,24,29],"damage_taken":[{"damage":8,"enemies":"Small Slimes","floor":1,"turns":3},{"damage":7,"enemies":"Jaw Worm","floor":4,"turns":3},{"damage":1,"enemies":"Cultist","floor":5,"turns":3},{"damage":0,"enemies":"2 Fungi Beasts","floor":10,"turns":2},{"damage":0,"enemies":"Large Slime","floor":11,"turns":3},{"damage":11,"enemies":"3 Sentries","floor":13,"turns":5},{"damage":11,"enemies":"Red Slaver","floor":14,"turns":3},{"damage":26,"enemies":"Slime Boss","floor":16,"turns":6},{"damage":23,"enemies":"Spheric Guardian","floor":18,"turns":4},{"damage":13,"enemies":"Shell Parasite","floor":19,"turns":7},{"damage":36,"enemies":"Slavers","floor":24,"turns":4},{"damage":0,"enemies":"Snake Plant","floor":29,"turns":2},{"damage":68,"enemies":"Champ","floor":33,"turns":9}],"seed_played":"-9120296025824111110","potions_obtained":[{"floor":10,"key":"Fire Potion"},{"floor":11,"key":"Ancient Potion"},{"floor":13,"key":"Regen Potion"},{"floor":14,"key":"EssenceOfSteel"},{"floor":16,"key":"SkillPotion"},{"floor":18,"key":"Fire Potion"},{"floor":19,"key":"SmokeBomb"},{"floor":24,"key":"Ancient Potion"}],"is_trial":false,"path_per_floor":["M","?","T","M","M","R","$","?","T","M","M","?","?","M","R","B",null,"M","M","?","$","?","R","E","R","T","R","?","M","?","$","R"],"character_chosen":"DEFECT","items_purchased":["Thunder Strike","Block Potion","Loop"],"campfire_rested":0,"item_purchase_floors":[7,7,21],"current_hp_per_floor":[67,67,67,60,59,59,59,59,59,59,59,65,54,52,52,51,74,51,38,38,38,81,81,45,45,45,45,51,51,51,51,51,8],"gold":4,"neow_bonus":"TRANSFORM_CARD","is_prod":false,"is_daily":false,"chose_seed":false,"campfire_upgraded":1,"win_rate":0,"timestamp":1530390364,"path_taken":["M","?","?","?","M","R","$","?","T","M","?","?","?","M","R","BOSS","M","M","?","$","?","R","E","R","T","R","?","M","?","?","R","BOSS"],"build_version":"2018-06-28","purchased_purges":2,"victory":false,"max_hp_per_floor":[75,75,75,75,75,75,75,75,75,75,75,81,81,81,81,81,81,81,81,81,81,81,81,81,81,81,81,87,87,87,87,87,87],"card_choices":[{"not_picked":["Go for the Eyes","Barrage"],"picked":"Ball Lightning","floor":1},{"not_picked":["Static Discharge","Sweeping Beam"],"picked":"Capacitor","floor":4},{"not_picked":["Stack","Compile Driver"],"picked":"Rebound","floor":5},{"not_picked":["Beam Cell","Conserve Battery"],"picked":"Consume","floor":10},{"not_picked":["Barrage","Cold Snap"],"picked":"Stack","floor":11},{"not_picked":["Creative AI","Streamline"],"picked":"Lockon","floor":13},{"not_picked":["Turbo","Leap"],"picked":"Conserve Battery","floor":14},{"not_picked":["Amplify","Machine Learning"],"picked":"Buffer","floor":16},{"not_picked":["Rebound","Compile Driver","Blizzard"],"picked":"SKIP","floor":18},{"not_picked":["Coolheaded","Compile Driver"],"picked":"Sunder","floor":19},{"not_picked":["Storm+1","Blizzard"],"picked":"Hologram","floor":24}],"player_experience":805312,"relics_obtained":[{"floor":3,"key":"Pantograph"},{"floor":9,"key":"Darkstone Periapt"},{"floor":15,"key":"Potion Belt"},{"floor":23,"key":"Bag of Preparation"},{"floor":24,"key":"Kunai"},{"floor":25,"key":"Orichalcum"},{"floor":26,"key":"Mummified Hand"},{"floor":27,"key":"Mercury Hourglass"},{"floor":32,"key":"Bronze Scales"}],"event_choices":[{"event_name":"Liars Game","player_choice":"agreed","floor":2,"damage_taken":0},{"event_name":"Living Wall","player_choice":"Grow","floor":8,"damage_taken":0},{"event_name":"Big Fish","player_choice":"Box","floor":12,"damage_taken":0},{"event_name":"Dead Adventurer","player_choice":"Searched \u00272\u0027 times","floor":13,"damage_taken":0},{"event_name":"Addict","player_choice":"Obtained Relic","floor":20,"damage_taken":0},{"event_name":"Wheel of Change","player_choice":"Full Heal","floor":22,"damage_taken":0},{"event_name":"Forgotten Altar","player_choice":"Smashed Altar","floor":28,"damage_taken":0},{"event_name":"Beggar","player_choice":"Gave Gold","floor":30,"damage_taken":0}],"boss_relics":[{"not_picked":["Velvet Choker","Nuclear Battery"],"picked":"White Beast Statue"}],"items_purged_floors":[7,21],"is_endless":false,"potions_floor_spawned":[10,11,13,14,16,18,19,24,29],"killed_by":"Champ","ascension_level":5}