{"gold_per_floor":[109,109,156,81,101,126,145,145,193,203,233,233,243,269,269,371,371,388,401,417,431,441,441,452,479,479,479,509,509,522,550,550,648,648,664,664,675,317,334,334,363,15,42,56,56,103,114,145,145,145],"floor_reached":51,"playtime":6957,"items_purged":["Strike_B","Parasite"],"score":1068,"play_id":"b1f90792-cc45-43bd-9681-13e3c34a9576","local_time":"20190104102847","is_ascension_mode":true,"campfire_choices":[{"data":"Defragment","floor":8.0,"key":"SMITH"},{"floor":12.0,"key":"REST"},{"floor":15.0,"key":"REST"},{"floor":23.0,"key":"REST"},{"data":"Dualcast","floor":27.0,"key":"SMITH"},{"data":"Conserve Battery","floor":32.0,"key":"SMITH"},{"floor":40.0,"key":"REST"},{"floor":45,"key":"REST"},{"floor":49,"key":"REST"}],"neow_cost":"NONE","seed_source_timestamp":824447578188140,"circlet_count":0,"master_deck":["Strike_B","Strike_B","Defend_B","Defend_B","Defend_B","Defend_B","Zap+1","Dualcast+1","Melter","Defragment+1","Conserve Battery+1","Genetic Algorithm","Seek","Electrodynamics","Conserve Battery","Thunder Strike","Secret Weapon","White Noise+1","Coolheaded+1","Defragment+1","Defragment+1","Chaos+1"],"special_seed":0,"relics":["Cracked Core","NeowsBlessing","Vajra","Singing Bowl","Lantern","Pear","Cables","Busted Crown","Bag of Marbles","Shuriken","Question Card","Du-Vu Doll","Fusion Hammer","DataDisk","Lee\u0027s Waffle","DollysMirror","Happy Flower","Shovel","Potion Belt"],"potions_floor_usage":[46,48,50],"damage_taken":[{"damage":0.0,"enemies":"2 Louse","floor":1.0,"turns":1.0},{"damage":0.0,"enemies":"Jaw Worm","floor":5.0,"turns":1.0},{"damage":0.0,"enemies":"3 Sentries","floor":6.0,"turns":1.0},{"damage":5.0,"enemies":"Small Slimes","floor":7.0,"turns":3.0},{"damage":12.0,"enemies":"Exordium Thugs","floor":10.0,"turns":3.0},{"damage":34.0,"enemies":"Gremlin Nob","floor":11.0,"turns":4.0},{"damage":6.0,"enemies":"Looter","floor":13.0,"turns":3.0},{"damage":13.0,"enemies":"Lagavulin","floor":14.0,"turns":6.0},{"damage":22.0,"enemies":"Hexaghost","floor":16.0,"turns":9.0},{"damage":0.0,"enemies":"3 Byrds","floor":18.0,"turns":2.0},{"damage":0.0,"enemies":"Spheric Guardian","floor":19.0,"turns":1.0},{"damage":3.0,"enemies":"Centurion and Healer","floor":20.0,"turns":3.0},{"damage":20.0,"enemies":"Snake Plant","floor":21.0,"turns":3.0},{"damage":8.0,"enemies":"Chosen and Byrds","floor":22.0,"turns":3.0},{"damage":0.0,"enemies":"3 Cultists","floor":24.0,"turns":3.0},{"damage":3.0,"enemies":"Gremlin Leader","floor":25.0,"turns":4.0},{"damage":5.0,"enemies":"Slavers","floor":28.0,"turns":2.0},{"damage":12.0,"enemies":"Snecko","floor":30.0,"turns":6.0},{"damage":0.0,"enemies":"Gremlin Leader","floor":31.0,"turns":4.0},{"damage":35.0,"enemies":"Automaton","floor":33.0,"turns":10.0},{"damage":0.0,"enemies":"Orb Walker","floor":35.0,"turns":2.0},{"damage":22.0,"enemies":"3 Darklings","floor":37.0,"turns":2.0},{"damage":5.0,"enemies":"Writhing Mass","floor":39.0,"turns":6.0},{"damage":12.0,"enemies":"Reptomancer","floor":41.0,"turns":4.0},{"damage":0,"enemies":"Transient","floor":44,"turns":5},{"damage":38,"enemies":"2 Orb Walkers","floor":46,"turns":5},{"damage":33,"enemies":"Jaw Worm Horde","floor":47,"turns":2},{"damage":2,"enemies":"Giant Head","floor":48,"turns":8},{"damage":77,"enemies":"Donu and Deca","floor":50,"turns":9}],"seed_played":"1967212887567575773","potions_obtained":[{"floor":5.0,"key":"Explosive Potion"},{"floor":6.0,"key":"Weak Potion"},{"floor":10.0,"key":"Swift Potion"},{"floor":18.0,"key":"LiquidBronze"},{"floor":21.0,"key":"SpeedPotion"},{"floor":33.0,"key":"SmokeBomb"},{"floor":37.0,"key":"SpeedPotion"},{"floor":44,"key":"SpeedPotion"},{"floor":47,"key":"GamblersBrew"}],"is_trial":false,"path_per_floor":["M","?","T","$","M","E","M","R","T","M","E","R","M","E","R","B",null,"M","M","M","M","M","R","M","E","T","R","E","?","M","E","R","B",null,"M","?","M","$","M","R","E","E","$","T","M","R","?","M","E","R","B",null],"character_chosen":"DEFECT","items_purchased":["DataDisk","Lee\u0027s Waffle","DollysMirror","Dexterity Potion"],"campfire_rested":6,"item_purchase_floors":[38,38,42,42],"current_hp_per_floor":[75,75,75,75,75,77,74,74,74,62,38,64,58,47,74,52,81,83,85,84,66,60,90,92,91,91,91,88,88,78,78,78,43,93,95,95,73,118,115,120,108,108,108,110,119,83,50,48,84,7],"gold":145,"neow_bonus":"THREE_ENEMY_KILL","is_prod":false,"is_daily":false,"chose_seed":false,"campfire_upgraded":3,"win_rate":0,"timestamp":1546565327,"path_taken":["M","?","?","$","M","E","M","R","T","M","E","R","M","E","R","BOSS","M","M","M","M","M","R","M","E","T","R","E","?","M","E","R","BOSS","M","?","M","$","M","R","E","$","T","M","R","?","M","E","R","BOSS"],"build_version":"2018-12-20","purchased_purges":2,"victory":true,"max_hp_per_floor":[75,75,75,75,75,77,79,79,79,79,89,89,89,91,91,91,91,93,95,97,99,101,101,103,105,105,105,107,107,109,109,109,109,109,111,111,111,118,120,120,120,117,117,119,119,121,121,121,121,121],"card_choices":[{"not_picked":["Go for the Eyes","Redo"],"picked":"Melter","floor":1.0},{"not_picked":["Gash","Beam Cell"],"picked":"Defragment","floor":5.0},{"not_picked":["Chaos","White Noise","Hologram"],"picked":"Singing Bowl","floor":6.0},{"not_picked":["Skim","Barrage","Stack"],"picked":"Singing Bowl","floor":7.0},{"not_picked":["Scrape","Beam Cell"],"picked":"Conserve Battery","floor":10.0},{"not_picked":["Barrage","Sweeping Beam"],"picked":"Genetic Algorithm","floor":11.0},{"not_picked":["Go for the Eyes","Turbo"],"picked":"Seek","floor":13.0},{"not_picked":["Beam Cell","Force Field","Turbo"],"picked":"Singing Bowl","floor":14.0},{"not_picked":["Echo Form","Fission"],"picked":"Electrodynamics","floor":16.0},{"not_picked":["White Noise"],"picked":"Singing Bowl","floor":18.0},{"not_picked":["Double Energy"],"picked":"Singing Bowl","floor":19.0},{"not_picked":["Beam Cell"],"picked":"Singing Bowl","floor":20.0},{"not_picked":["Recycle"],"picked":"Singing Bowl","floor":21.0},{"not_picked":["Tempest"],"picked":"Singing Bowl","floor":22.0},{"not_picked":["Genetic Algorithm"],"picked":"Singing Bowl","floor":24.0},{"not_picked":["Beam Cell"],"picked":"Singing Bowl","floor":25.0},{"not_picked":["Steam"],"picked":"Singing Bowl","floor":28.0},{"not_picked":["Redo","Rebound"],"picked":"Singing Bowl","floor":30.0},{"not_picked":["Compile Driver"],"picked":"Conserve Battery","floor":31.0},{"not_picked":["Electrodynamics"],"picked":"Thunder Strike","floor":33.0},{"not_picked":["Genetic Algorithm","Go for the Eyes+1"],"picked":"Singing Bowl","floor":35.0},{"not_picked":["Sadistic Nature"],"picked":"Secret Weapon","floor":36.0},{"not_picked":["Barrage+1"],"picked":"White Noise+1","floor":37.0},{"not_picked":["Streamline","Go for the Eyes+1"],"picked":"Singing Bowl","floor":39.0},{"not_picked":["Steam"],"picked":"Coolheaded+1","floor":41},{"not_picked":["Fusion+1","Steam+1"],"picked":"Singing Bowl","floor":44},{"not_picked":["Conserve Battery","Storm"],"picked":"Singing Bowl","floor":46},{"not_picked":["Coolheaded"],"picked":"Defragment+1","floor":47},{"not_picked":["Meteor Strike"],"picked":"Chaos+1","floor":48}],"player_experience":268232,"relics_obtained":[{"floor":3.0,"key":"Vajra"},{"floor":6.0,"key":"Singing Bowl"},{"floor":9.0,"key":"Lantern"},{"floor":11.0,"key":"Pear"},{"floor":14.0,"key":"Cables"},{"floor":25.0,"key":"Bag of Marbles"},{"floor":26.0,"key":"Shuriken"},{"floor":28.0,"key":"Question Card"},{"floor":31.0,"key":"Du-Vu Doll"},{"floor":43,"key":"Happy Flower"},{"floor":46,"key":"Shovel"},{"floor":48,"key":"Potion Belt"}],"event_choices":[{"damage_healed":0.0,"max_hp_gain":0.0,"max_hp_loss":0.0,"gold_gain":0.0,"event_name":"Living Wall","player_choice":"Grow","floor":2.0,"gold_loss":0.0,"damage_taken":0.0,"cards_upgraded":["Zap"]},{"cards_removed":["Strike_B"],"damage_healed":0.0,"max_hp_gain":0.0,"max_hp_loss":0.0,"gold_gain":0.0,"event_name":"Wheel of Change","player_choice":"Card Removal","floor":29.0,"gold_loss":0.0,"damage_taken":0.0},{"damage_healed":0.0,"max_hp_gain":0.0,"max_hp_loss":0.0,"gold_gain":0.0,"event_name":"SensoryStone","player_choice":"Memory 1","floor":36.0,"gold_loss":0.0,"damage_taken":0.0},{"damage_healed":0,"gold_gain":0,"player_choice":"Fight","damage_taken":0,"max_hp_gain":0,"max_hp_loss":0,"event_name":"Mysterious Sphere","floor":46,"gold_loss":0}],"is_beta":false,"boss_relics":[{"not_picked":["Ectoplasm","Astrolabe"],"picked":"Busted Crown"},{"not_picked":["Philosopher\u0027s Stone","Coffee Dripper"],"picked":"Fusion Hammer"}],"items_purged_floors":[4,42],"is_endless":false,"potions_floor_spawned":[5,6,10,18,21,30,31,33,37,44,47],"ascension_level":5}