{"gold_per_floor":[112,187,202,219,219,252,252,279,279,279,291,304,337,348,348,348],"floor_reached":16,"playtime":559,"items_purged":[],"score":177,"play_id":"c867ab7c-3275-4f76-8dca-68c5aa4f90bf","local_time":"20180818193849","is_ascension_mode":true,"campfire_choices":[{"floor":7,"key":"REST"},{"floor":15,"key":"REST"}],"neow_cost":"NONE","seed_source_timestamp":340283789170681,"circlet_count":0,"master_deck":["Defend_G","Defend_G","Defend_G","Defend_G","Defend_G","Strike_G","Strike_G","Strike_G","Strike_G","Survivor","Neutralize","Flying Knee","Quick Slash","Backflip","Dash","Prepared","Flying Knee","Skewer"],"relics":["Velvet Choker","Juzu Bracelet","Singing Bowl","Pen Nib","Blue Candle"],"potions_floor_usage":[6,8,13,16],"damage_taken":[{"damage":0,"enemies":"2 Louse","floor":1,"turns":3},{"damage":4,"enemies":"Small Slimes","floor":3,"turns":4},{"damage":0,"enemies":"Cultist","floor":4,"turns":4},{"damage":35,"enemies":"Gremlin Nob","floor":6,"turns":5},{"damage":12,"enemies":"3 Sentries","floor":8,"turns":9},{"damage":1,"enemies":"Looter","floor":11,"turns":3},{"damage":0,"enemies":"Red Slaver","floor":12,"turns":4},{"damage":6,"enemies":"Gremlin Nob","floor":13,"turns":3},{"damage":4,"enemies":"Exordium Thugs","floor":14,"turns":4},{"damage":47,"enemies":"Slime Boss","floor":16,"turns":11}],"seed_played":"-6379468318198814193","potions_obtained":[{"floor":3,"key":"Swift Potion"},{"floor":6,"key":"Fire Potion"},{"floor":11,"key":"PowerPotion"},{"floor":12,"key":"Explosive Potion"}],"is_trial":false,"path_per_floor":["M","?","M","M","?","E","R","E","T","?","M","M","E","M","R"],"character_chosen":"THE_SILENT","items_purchased":[],"campfire_rested":2,"item_purchase_floors":[],"current_hp_per_floor":[63,52,48,48,70,35,56,44,44,44,43,43,37,35,56,9],"gold":348,"neow_bonus":"BOSS_RELIC","is_prod":false,"is_daily":false,"chose_seed":false,"campfire_upgraded":0,"win_rate":0,"timestamp":1534613929,"path_taken":["M","?","M","M","?","E","R","E","T","?","M","M","E","M","R","BOSS"],"build_version":"2018-08-16","purchased_purges":0,"victory":false,"max_hp_per_floor":[70,70,70,70,70,70,70,70,70,70,70,70,70,72,72,72],"card_choices":[{"not_picked":["Distraction","Slice"],"picked":"Flying Knee","floor":1},{"not_picked":["Bane","Dagger Spray"],"picked":"Crippling Poison","floor":3},{"not_picked":["Deflect","Blur"],"picked":"Quick Slash","floor":4},{"not_picked":["After Image","Reflex"],"picked":"Backflip","floor":6},{"not_picked":["Adrenaline","Distraction"],"picked":"Dash","floor":8},{"not_picked":["Poisoned Stab","Cloak And Dagger"],"picked":"Prepared","floor":11},{"not_picked":["Deadly Poison","Cloak And Dagger"],"picked":"Flying Knee","floor":12},{"not_picked":["Well Laid Plans","Deflect"],"picked":"Skewer","floor":13},{"not_picked":["Concentrate","Reflex","Poisoned Stab"],"picked":"Singing Bowl","floor":14}],"player_experience":892700,"relics_obtained":[{"floor":6,"key":"Juzu Bracelet"},{"floor":8,"key":"Singing Bowl"},{"floor":9,"key":"Pen Nib"},{"floor":13,"key":"Blue Candle"}],"event_choices":[{"event_name":"World of Goop","player_choice":"Gather Gold","floor":2,"damage_taken":0},{"event_name":"Bonfire Elementals","player_choice":"UNCOMMON","floor":5,"damage_taken":0},{"event_name":"Purifier","player_choice":"One Purge","floor":10,"damage_taken":0}],"is_beta":false,"boss_relics":[],"items_purged_floors":[],"is_endless":false,"potions_floor_spawned":[3,6,11,12],"killed_by":"Slime Boss","ascension_level":9}