{"gold_per_floor":[109,109,63,73,83,83,96,126,126,126,151,167,167,242,242,337,337,353,188,188,202,214,214,231,231,231,231,251,151,151,151,151,254,254,268,268,41,90,108,108,128,142,142,171,171,187,187,197,197,197],"floor_reached":51,"playtime":10987,"items_purged":["Perfected Strike","Injury","Bash"],"score":912,"play_id":"f644d777-f904-4e39-9fbb-2eac7a9d648c","local_time":"20180709210113","is_ascension_mode":false,"campfire_choices":[{"data":"Body Slam","floor":6.0,"key":"SMITH"},{"data":"Entrench","floor":13.0,"key":"SMITH"},{"data":"Battle Trance","floor":15.0,"key":"SMITH"},{"data":"Shockwave","floor":23.0,"key":"SMITH"},{"data":"Trip","floor":25.0,"key":"SMITH"},{"data":"Combust","floor":27.0,"key":"SMITH"},{"data":"Shrug It Off","floor":30.0,"key":"SMITH"},{"data":"Shrug It Off","floor":32.0,"key":"SMITH"},{"floor":40,"key":"REST"},{"floor":47,"key":"REST"},{"floor":49,"key":"REST"}],"neow_cost":"NONE","seed_source_timestamp":0,"circlet_count":0,"master_deck":["Strike_R","Strike_R","Strike_R","Strike_R","Strike_R","Defend_R","Defend_R","Defend_R","Defend_R","Body Slam+1","Shrug It Off+1","Battle Trance+1","Combust+1","Metallicize","Entrench+1","Shrug It Off+1","Trip+1","Shockwave+1","Twin Strike+1","Shockwave+1","Barricade","Entrench","Good Instincts","Iron Wave+1","Pommel Strike+1","Flame Barrier","Entrench+1","Bloodletting+1","Pain","Shrug It Off+1","Shrug It Off+1","Warcry+1","Dropkick","Headbutt+1"],"special_seed":0,"relics":["Burning Blood","Oddly Smooth Stone","Bird Faced Urn","Paper Frog","Dodecahedron","Cursed Key","Kunai","Prayer Wheel","Vajra","Regal Pillow","Champion Belt"],"potions_floor_usage":[50,50,50],"damage_taken":[{"damage":6.0,"enemies":"2 Louse","floor":1.0,"turns":2.0},{"damage":0.0,"enemies":"Cultist","floor":4.0,"turns":3.0},{"damage":2.0,"enemies":"Small Slimes","floor":5.0,"turns":4.0},{"damage":1.0,"enemies":"Looter","floor":7.0,"turns":4.0},{"damage":7.0,"enemies":"3 Sentries","floor":8.0,"turns":6.0},{"damage":17.0,"enemies":"Lagavulin","floor":11.0,"turns":7.0},{"damage":0.0,"enemies":"Blue Slaver","floor":12.0,"turns":4.0},{"damage":65.0,"enemies":"Slime Boss","floor":16.0,"turns":9.0},{"damage":20.0,"enemies":"3 Byrds","floor":18.0,"turns":4.0},{"damage":9.0,"enemies":"2 Thieves","floor":21.0,"turns":5.0},{"damage":12.0,"enemies":"Centurion and Healer","floor":22.0,"turns":6.0},{"damage":4.0,"enemies":"3 Cultists","floor":24.0,"turns":5.0},{"damage":12.0,"enemies":"Snake Plant","floor":28.0,"turns":3.0},{"damage":71.0,"enemies":"Collector","floor":33.0,"turns":10.0},{"damage":6,"enemies":"3 Shapes","floor":35,"turns":7},{"damage":64,"floor":38,"turns":9},{"damage":20,"enemies":"3 Darklings","floor":39,"turns":9},{"damage":20,"enemies":"4 Shapes","floor":41,"turns":3},{"damage":0,"enemies":"Maw","floor":42,"turns":5},{"damage":10,"enemies":"Nemesis","floor":44,"turns":9},{"damage":11,"floor":45,"turns":7},{"damage":38,"enemies":"3 Darklings","floor":46,"turns":14},{"damage":24,"enemies":"Sphere and 2 Shapes","floor":48,"turns":11},{"damage":73,"enemies":"Donu and Deca","floor":50,"turns":10}],"seed_played":"8725138763435822090","potions_obtained":[{"floor":4.0,"key":"Explosive Potion"},{"floor":7.0,"key":"Regen Potion"},{"floor":8.0,"key":"Block Potion"},{"floor":21.0,"key":"SteroidPotion"},{"floor":28.0,"key":"FearPotion"},{"floor":38,"key":"Swift Potion"},{"floor":39,"key":"Regen Potion"}],"is_trial":false,"path_per_floor":["M","?","$","M","M","R","M","E","T","?","E","M","R","?","R","B",null,"M","$","?","M","M","R","M","R","T","R","M","$","R","?","R","B",null,"M","?","$","?","M","R","M","M","T","E","?","M","R","M","R","B"],"character_chosen":"IRONCLAD","items_purchased":["Shrug It Off","Trip","Good Instincts"],"campfire_rested":3,"item_purchase_floors":[3,19,37],"current_hp_per_floor":[80,80,80,80,80,80,80,79,79,84,76,84,84,73,73,18,85,71,71,71,70,68,68,74,74,74,74,72,72,72,72,72,16,85,85,85,85,31,23,48,38,48,48,50,49,21,61,47,85,34],"gold":197,"neow_bonus":"RANDOM_COMMON_RELIC","is_prod":false,"is_daily":false,"chose_seed":false,"campfire_upgraded":8,"win_rate":0.0,"timestamp":1531137673,"path_taken":["M","?","$","M","M","R","?","E","T","?","E","M","R","?","R","BOSS","BOSS","M","$","?","M","M","R","M","R","T","R","M","$","R","?","R","BOSS","M","?","$","?","M","R","M","M","T","E","?","M","R","M","R","BOSS"],"build_version":"2018-07-05","purchased_purges":3,"victory":true,"max_hp_per_floor":[80,80,80,80,80,80,80,80,80,85,85,85,85,85,85,85,85,85,85,85,85,85,85,85,85,85,85,85,85,85,85,85,85,85,85,85,85,85,85,85,85,85,85,85,85,85,85,85,85,85],"card_choices":[{"not_picked":["Pommel Strike","Clothesline"],"picked":"Body Slam","floor":1.0},{"not_picked":["Clash","Warcry"],"picked":"Battle Trance","floor":4.0},{"not_picked":["Sword Boomerang","Whirlwind","Warcry"],"picked":"SKIP","floor":5.0},{"not_picked":["Fiend Fire","Sever Soul"],"picked":"Combust","floor":7.0},{"not_picked":["Twin Strike","Bloodletting"],"picked":"Metallicize","floor":8.0},{"not_picked":["Feel No Pain","Anger"],"picked":"Entrench","floor":11.0},{"not_picked":["Thunderclap","Carnage"],"picked":"Shrug It Off","floor":12.0},{"not_picked":["Dual Wield","Searing Blow","Heavy Blade"],"picked":"SKIP","floor":18.0},{"not_picked":["Blood for Blood","Clash"],"picked":"Shockwave","floor":21.0},{"not_picked":["Spot Weakness","Anger"],"picked":"Twin Strike+1","floor":22.0},{"not_picked":["Twin Strike","Heavy Blade","Thunderclap"],"picked":"SKIP","floor":24.0},{"not_picked":["Flex","Twin Strike+1"],"picked":"Shockwave+1","floor":28.0},{"not_picked":["Berserk","Feed"],"picked":"Barricade","floor":33.0},{"not_picked":["Anger","Cleave"],"picked":"Entrench","floor":35},{"not_picked":["Hemokinesis","Sword Boomerang+1"],"picked":"Iron Wave+1","floor":38},{"not_picked":["Heavy Blade","Twin Strike"],"picked":"Pommel Strike+1","floor":39},{"not_picked":["Bloodletting+1","Whirlwind","Corruption+1"],"picked":"SKIP","floor":39},{"not_picked":["Iron Wave","Cleave+1"],"picked":"Flame Barrier","floor":41},{"not_picked":["Flex+1","Perfected Strike"],"picked":"Entrench+1","floor":41},{"not_picked":["Clash","Carnage+1"],"picked":"Bloodletting+1","floor":42},{"not_picked":["Anger+1","Seeing Red","Warcry"],"picked":"SKIP","floor":42},{"not_picked":["Limit Break","Pommel Strike"],"picked":"Shrug It Off+1","floor":44},{"not_picked":["Reckless Charge+1","Blood for Blood+1"],"picked":"Shrug It Off+1","floor":46},{"not_picked":["Thunderclap","Shockwave"],"picked":"Warcry+1","floor":46},{"not_picked":["Perfected Strike","Armaments"],"picked":"Dropkick","floor":48},{"not_picked":["Cleave+1","Iron Wave"],"picked":"Headbutt+1","floor":48}],"player_experience":29827,"relics_obtained":[{"floor":8.0,"key":"Bird Faced Urn"},{"floor":9.0,"key":"Paper Frog"},{"floor":11.0,"key":"Dodecahedron"},{"floor":26.0,"key":"Kunai"},{"floor":38,"key":"Prayer Wheel"},{"floor":43,"key":"Vajra"},{"floor":44,"key":"Regal Pillow"},{"floor":45,"key":"Champion Belt"}],"event_choices":[{"event_name":"Match and Keep!","player_choice":"1 cards matched","floor":2.0,"damage_taken":0.0},{"event_name":"Big Fish","player_choice":"Donut","floor":10.0,"damage_taken":0.0},{"event_name":"World of Goop","player_choice":"Gather Gold","floor":14.0,"damage_taken":0.0},{"event_name":"Vampires","player_choice":"Ignored","floor":20.0,"damage_taken":0.0},{"event_name":"The Mausoleum","player_choice":"No","floor":31.0,"damage_taken":0.0},{"event_name":"Tomb of Lord Red Mask","player_choice":"Ignored","floor":36,"damage_taken":0},{"event_name":"Mysterious Sphere","player_choice":"Fight","floor":38,"damage_taken":0},{"event_name":"MindBloom","player_choice":"Fight","floor":45,"damage_taken":0}],"boss_relics":[{"not_picked":["Runic Dome","Black Blood"],"picked":"Cursed Key"},{"not_picked":["Runic Pyramid","Mark of Pain","Calling Bell"]}],"items_purged_floors":[19,29,37],"is_endless":false,"potions_floor_spawned":[4,7,8,21,28,38,39,41,45],"ascension_level":0}