{"gold_per_floor":[110,110,60,60,79,79,79,79,102,29,49,65,65,77,89,101],"floor_reached":16,"playtime":362,"items_purged":[],"score":150,"play_id":"fcaf08eb-4ae1-472f-8877-3da2a6dda2a9","local_time":"20190131193947","is_ascension_mode":true,"campfire_choices":[{"floor":6,"key":"REST"},{"floor":8,"key":"REST"},{"data":"True Grit","floor":15,"key":"SMITH"}],"neow_cost":"TEN_PERCENT_HP_LOSS","seed_source_timestamp":13649644153796287,"circlet_count":0,"master_deck":["AscendersBane","Strike_R","Strike_R","Strike_R+1","Strike_R+1","Defend_R","Defend_R","Defend_R","Bash","Demon Form","True Grit+1","Rage","Headbutt"],"relics":["Burning Blood","Golden Idol","Dream Catcher","MawBank"],"potions_floor_usage":[12],"damage_taken":[{"damage":19,"enemies":"Jaw Worm","floor":1,"turns":5},{"damage":4,"enemies":"2 Louse","floor":5,"turns":3},{"damage":2,"enemies":"Small Slimes","floor":11,"turns":4},{"damage":22,"enemies":"Looter","floor":12,"turns":3},{"damage":48,"enemies":"Slime Boss","floor":16,"turns":9}],"seed_played":"4682023027880901402","potions_obtained":[{"floor":11,"key":"SteroidPotion"}],"is_trial":false,"path_per_floor":["M","?","$","?","M","R","?","R","T","$","M","M","?","?","R","B"],"character_chosen":"IRONCLAD","items_purchased":["True Grit","Rage"],"campfire_rested":2,"item_purchase_floors":[3,10],"current_hp_per_floor":[55,41,41,24,26,46,39,59,59,59,63,47,47,47,47,0],"gold":101,"neow_bonus":"THREE_RARE_CARDS","is_prod":false,"is_daily":false,"chose_seed":false,"campfire_upgraded":1,"win_rate":0,"timestamp":1548959987,"path_taken":["M","?","$","?","M","R","?","R","T","?","?","M","?","?","R","BOSS"],"build_version":"2019-01-23","purchased_purges":0,"victory":false,"max_hp_per_floor":[68,68,68,68,68,68,68,68,68,68,68,68,68,68,68,68],"card_choices":[{"not_picked":["Reaper","Exhume"],"picked":"Demon Form","floor":0},{"not_picked":["Wild Strike","Power Through","Clothesline"],"picked":"SKIP","floor":1},{"not_picked":["Blood for Blood","Thunderclap","Sever Soul"],"picked":"SKIP","floor":5},{"not_picked":["Intimidate","Heavy Blade"],"picked":"Headbutt","floor":11},{"not_picked":["Intimidate","Heavy Blade","Whirlwind"],"picked":"SKIP","floor":12}],"player_experience":343075,"relics_obtained":[{"floor":9,"key":"Dream Catcher"}],"event_choices":[{"damage_healed":0,"gold_gain":0,"player_choice":"Entered Light","damage_taken":14,"max_hp_gain":0,"max_hp_loss":0,"event_name":"Shining Light","floor":2,"gold_loss":0,"cards_upgraded":["Strike_R","Strike_R"]},{"damage_healed":0,"gold_gain":0,"player_choice":"Take Damage","damage_taken":17,"relics_obtained":["Golden Idol"],"max_hp_gain":0,"max_hp_loss":0,"event_name":"Golden Idol","floor":4,"gold_loss":0},{"cards_removed":["Defend_R"],"damage_healed":0,"gold_gain":0,"player_choice":"Card Removal","damage_taken":7,"max_hp_gain":0,"max_hp_loss":0,"event_name":"Golden Wing","floor":7,"gold_loss":0},{"damage_healed":0,"gold_gain":0,"player_choice":"Searched \u00272\u0027 times","damage_taken":0,"relics_obtained":["MawBank"],"max_hp_gain":0,"max_hp_loss":0,"event_name":"Dead Adventurer","floor":13,"gold_loss":0},{"cards_removed":["Strike_R"],"damage_healed":0,"gold_gain":0,"player_choice":"Purged","damage_taken":0,"max_hp_gain":0,"max_hp_loss":0,"event_name":"Purifier","floor":14,"gold_loss":0}],"is_beta":false,"boss_relics":[],"items_purged_floors":[],"is_endless":false,"potions_floor_spawned":[11],"killed_by":"Slime Boss","ascension_level":14}