{"gold_per_floor":[113,130,100,100,65,98,98,114,166,195,208,383,401,429,429,429],"floor_reached":16,"playtime":6658,"items_purged":[],"score":174,"play_id":"bac714ad-5898-488f-848f-53a83c472a8a","local_time":"20180929202148","is_ascension_mode":true,"campfire_choices":[{"data":"Zap","floor":7.0,"key":"SMITH"},{"floor":15.0,"key":"REST"}],"neow_cost":"","seed_source_timestamp":543066658823232,"circlet_count":0,"master_deck":["Strike_B","Strike_B","Strike_B","Strike_B","Defend_B","Defend_B","Defend_B","Zap+1","Dualcast","Conserve Battery","Coolheaded","Sunder","Loop","Reinforced Body","Stack","Doubt","Streamline","Multi-Cast"],"special_seed":0,"relics":["Cracked Core","Ancient Tea Set","Lantern","Bottled Tornado","WingedGreaves"],"potions_floor_usage":[16,16,16,16],"damage_taken":[{"damage":1.0,"enemies":"Cultist","floor":1.0,"turns":4.0},{"damage":1.0,"enemies":"2 Louse","floor":2.0,"turns":3.0},{"damage":23.0,"enemies":"Gremlin Nob","floor":6.0,"turns":4.0},{"damage":0.0,"enemies":"Small Slimes","floor":8.0,"turns":2.0},{"damage":1.0,"enemies":"3 Sentries","floor":10.0,"turns":5.0},{"damage":5.0,"enemies":"3 Louse","floor":11.0,"turns":2.0},{"damage":4.0,"enemies":"Large Slime","floor":13.0,"turns":7.0},{"damage":5.0,"enemies":"Lagavulin","floor":14.0,"turns":8.0},{"damage":64,"enemies":"Slime Boss","floor":16,"turns":14}],"seed_played":"-2642057926850213776","potions_obtained":[{"floor":2.0,"key":"EssenceOfSteel"},{"floor":3.0,"key":"FearPotion"},{"floor":3.0,"key":"SpeedPotion"},{"floor":10.0,"key":"SpeedPotion"},{"floor":11.0,"key":"SkillPotion"},{"floor":14.0,"key":"EntropicBrew"}],"is_trial":false,"path_per_floor":["M","M","?","?","?","E","R","M","T","E","M","?","M","E","R"],"character_chosen":"DEFECT","items_purchased":[],"campfire_rested":1,"item_purchase_floors":[],"current_hp_per_floor":[67,66,66,59,75,52,52,52,52,51,46,46,42,37,59,10],"gold":429,"neow_bonus":"","is_prod":false,"is_daily":false,"chose_seed":false,"campfire_upgraded":1,"win_rate":0,"timestamp":1538245308,"path_taken":["M","M","?","?","?","E","R","?","T","E","M","?","M","E","R","BOSS"],"build_version":"2018-09-27","purchased_purges":0,"victory":false,"max_hp_per_floor":[75,75,75,75,75,75,75,75,75,75,75,75,75,75,75,75],"card_choices":[{"not_picked":["Leap","Rebound"],"picked":"Conserve Battery","floor":1.0},{"not_picked":["Hologram","Barrage"],"picked":"Coolheaded","floor":2.0},{"not_picked":["Redo","Turbo"],"picked":"Sunder","floor":6.0},{"not_picked":["Heatsinks","Compile Driver"],"picked":"Loop","floor":8.0},{"not_picked":["Fusion","Beam Cell"],"picked":"Reinforced Body","floor":10.0},{"not_picked":["Blizzard","Streamline"],"picked":"Stack","floor":11.0},{"not_picked":["Static Discharge","Force Field"],"picked":"Streamline","floor":13.0},{"not_picked":["Cold Snap","Stack"],"picked":"Multi-Cast","floor":14.0}],"player_experience":1010154,"relics_obtained":[{"floor":6.0,"key":"Ancient Tea Set"},{"floor":9.0,"key":"Lantern"},{"floor":10.0,"key":"Bottled Tornado"},{"floor":14.0,"key":"WingedGreaves"}],"event_choices":[{"event_name":"The Woman in Blue","player_choice":"Bought 2 Potions","floor":3.0,"damage_taken":0.0},{"event_name":"Golden Wing","player_choice":"Card Removal","floor":4.0,"damage_taken":0.0},{"event_name":"The Cleric","player_choice":"Healed","floor":5.0,"damage_taken":0.0},{"event_name":"Liars Game","player_choice":"agreed","floor":12.0,"damage_taken":0.0}],"is_beta":false,"boss_relics":[],"items_purged_floors":[],"is_endless":false,"potions_floor_spawned":[2,10,11,14],"killed_by":"Slime Boss","ascension_level":9}