{"path_per_floor":["M","M","M","?","$","E","R","?","T","R","E","?","?","E","R","B",null,"M","M","?","?","M"],"character_chosen":"DEFECT","items_purchased":["Rebound"],"gold_per_floor":[112,130,147,147,123,148,148,113,113,113,143,143,143,178,178,282,282,295,305,305,230,242,242],"floor_reached":23,"campfire_rested":0,"playtime":1639,"item_purchase_floors":[],"current_hp_per_floor":[75,74,73,55,55,39,39,57,57,57,45,45,45,44,44,21,75,67,67,53,53,50,0],"items_purged":[],"gold":242,"score":217,"play_id":"2adeb949-c066-499f-9445-4757897b0d98","local_time":"20180603142401","is_prod":false,"is_daily":false,"chose_seed":false,"is_ascension_mode":true,"campfire_upgraded":3,"win_rate":0.0,"timestamp":1528028641,"campfire_choices":[{"data":"Rainbow","floor":7.0,"key":"SMITH"},{"data":"Zap","floor":10.0,"key":"SMITH"},{"data":"Chaos","floor":15.0,"key":"SMITH"}],"path_taken":["M","M","M","?","$","E","R","?","T","R","E","?","?","E","R","BOSS","M","M","?","?","M","E"],"build_version":"2018-05-31","seed_source_timestamp":0,"purchased_purges":0,"victory":false,"master_deck":["Strike_B","Strike_B","Strike_B","Defend_B","Defend_B","Zap+1","Dualcast","BootSequence","Conserve Battery","Sweeping Beam","Leap","Rebound","Rainbow+1","Chaos+1","Coolheaded","Fission","Beam Cell","Hello World","Redo+1"],"max_hp_per_floor":[75,75,75,75,75,75,75,75,75,75,75,75,75,75,75,75,75,75,75,80,80,80,80],"relics":["Cracked Core","Meat on the Bone","Juzu Bracelet","Blue Candle","Vajra","Singing Bowl","Velvet Choker"],"card_choices":[{"not_picked":["Loop","Aggregate"],"picked":"BootSequence","floor":0.0},{"not_picked":["Leap","Rebound"],"picked":"Conserve Battery","floor":1.0},{"not_picked":["Leap","Storm"],"picked":"Sweeping Beam","floor":2.0},{"not_picked":["Barrage","Cold Snap"],"picked":"Leap","floor":3.0},{"not_picked":["Ball Lightning","Chaos"],"picked":"Rainbow","floor":6.0},{"not_picked":["Beam Cell","Darkness"],"picked":"Chaos","floor":11.0},{"not_picked":["Steam","Hello World"],"picked":"Coolheaded","floor":14.0},{"not_picked":["Seek","All For One"],"picked":"Fission","floor":16.0},{"not_picked":["Steam+1","Reprogram"],"picked":"Beam Cell","floor":18.0},{"not_picked":["Rebound","Streamline+1"],"picked":"Hello World","floor":19.0},{"not_picked":["Rebound","Sweeping Beam"],"picked":"Redo+1","floor":22}],"player_experience":549523,"potions_floor_usage":[22],"damage_taken":[{"damage":0.0,"enemies":"2 Louse","floor":1.0,"turns":2.0},{"damage":1.0,"enemies":"Jaw Worm","floor":2.0,"turns":3.0},{"damage":1.0,"enemies":"Cultist","floor":3.0,"turns":4.0},{"damage":28.0,"enemies":"3 Sentries","floor":6.0,"turns":7.0},{"damage":12.0,"enemies":"Lagavulin","floor":11.0,"turns":6.0},{"damage":13.0,"enemies":"3 Sentries","floor":14.0,"turns":6.0},{"damage":35.0,"enemies":"Hexaghost","floor":16.0,"turns":12.0},{"damage":8.0,"enemies":"Shell Parasite","floor":18.0,"turns":8.0},{"damage":0.0,"enemies":"Chosen","floor":19.0,"turns":4.0},{"damage":3,"enemies":"Snecko","floor":22,"turns":7},{"damage":61,"enemies":"Gremlin Leader","floor":23,"turns":5}],"relics_obtained":[{"floor":6.0,"key":"Juzu Bracelet"},{"floor":9.0,"key":"Blue Candle"},{"floor":11.0,"key":"Vajra"},{"floor":14.0,"key":"Singing Bowl"}],"event_choices":[{"event_name":"Scrap Ooze","player_choice":"success","floor":4.0,"damage_taken":18.0},{"event_name":"The Cleric","player_choice":"Healed","floor":8.0,"damage_taken":0.0},{"event_name":"Bonfire Elementals","player_choice":"BASIC","floor":12.0,"damage_taken":0.0},{"event_name":"Purifier","player_choice":"One Purge","floor":13.0,"damage_taken":0.0},{"event_name":"Forgotten Altar","player_choice":"Shed Blood","floor":20.0,"damage_taken":0.0},{"event_name":"Beggar","player_choice":"Gave Gold","floor":21.0,"damage_taken":0.0}],"boss_relics":[],"items_purged_floors":[],"potions_floor_spawned":[2,3,6,18],"seed_played":"1954726104496529759","killed_by":"Gremlin Leader","ascension_level":1,"potions_obtained":[{"floor":2.0,"key":"GamblersBrew"},{"floor":3.0,"key":"Weak Potion"},{"floor":6.0,"key":"Poison Potion"},{"floor":18.0,"key":"Block Potion"}],"is_trial":false}