{"gold_per_floor":[119,129,129,144,155,155,180,180,180,180,180,105,169,188,188,285,285,303,303,317,55,55,55,68,68,68,84,84,99,111,11,11,115,115,125,44,44,63,63,63,79,79,79,93,93,111,125,143,143,143],"floor_reached":51,"playtime":2467,"items_purged":["Regret","Strike_B"],"score":676,"play_id":"86a84514-4f17-4f99-903d-0a9dd0f212e5","local_time":"20190221145545","is_ascension_mode":false,"campfire_choices":[{"data":"Zap","floor":6.0,"key":"SMITH"},{"data":"Streamline","floor":8.0,"key":"SMITH"},{"data":"Steam","floor":11.0,"key":"SMITH"},{"data":"Strike_B","floor":15.0,"key":"PURGE"},{"data":"Defend_B","floor":23.0,"key":"PURGE"},{"data":"Hologram","floor":25.0,"key":"SMITH"},{"data":"Dualcast","floor":28,"key":"SMITH"},{"data":"Defend_B","floor":32,"key":"PURGE"},{"data":"Madness","floor":40,"key":"SMITH"},{"data":"Madness","floor":42,"key":"SMITH"},{"data":"Hologram","floor":49,"key":"SMITH"}],"neow_cost":"NONE","seed_source_timestamp":0,"circlet_count":0,"master_deck":["Strike_B","Strike_B","Defend_B","Defend_B","Zap+1","Dualcast+1","FTL","Steam+1","Rebound","Conserve Battery","Streamline+1","Hologram+1","Cold Snap","Echo Form","Steam+1","BootSequence+1","Reinforced Body+1","Consume+1","Stack+1","Chaos+1","Skim","Madness+1","Madness+1","Stack+1","Hologram+1"],"special_seed":0,"relics":["White Beast Statue","Bag of Preparation","Bottled Lightning","Calipers","Peace Pipe","Runic Dome","Pantograph","Philosopher\u0027s Stone","Thread and Needle"],"potions_floor_usage":[27,30,30,33,35,50],"damage_taken":[{"damage":0.0,"enemies":"Small Slimes","floor":1.0,"turns":3.0},{"damage":0.0,"enemies":"Cultist","floor":2.0,"turns":4.0},{"damage":0.0,"enemies":"Jaw Worm","floor":4.0,"turns":4.0},{"damage":15.0,"enemies":"Looter","floor":5.0,"turns":4.0},{"damage":18.0,"enemies":"Lagavulin","floor":7.0,"turns":6.0},{"damage":0.0,"enemies":"Gremlin Nob","floor":13.0,"turns":2.0},{"damage":0.0,"enemies":"Large Slime","floor":14.0,"turns":5.0},{"damage":37.0,"enemies":"The Guardian","floor":16.0,"turns":11.0},{"damage":0.0,"enemies":"Spheric Guardian","floor":18.0,"turns":2.0},{"damage":0.0,"enemies":"3 Byrds","floor":20.0,"turns":5.0},{"damage":9.0,"enemies":"Sentry and Sphere","floor":24.0,"turns":5.0},{"damage":0,"enemies":"Centurion and Healer","floor":27,"turns":8},{"damage":2,"enemies":"Chosen and Byrds","floor":29,"turns":5},{"damage":7,"enemies":"3 Cultists","floor":30,"turns":6},{"damage":29,"enemies":"Automaton","floor":33,"turns":12},{"damage":0,"enemies":"3 Darklings","floor":35,"turns":4},{"damage":0,"enemies":"3 Shapes","floor":38,"turns":6},{"damage":6,"enemies":"Spire Growth","floor":41,"turns":6},{"damage":0,"enemies":"Sphere and 2 Shapes","floor":44,"turns":8},{"damage":0,"enemies":"Transient","floor":46,"turns":5},{"damage":6,"enemies":"Jaw Worm Horde","floor":47,"turns":7},{"damage":3,"enemies":"Spire Growth","floor":48,"turns":5},{"damage":8,"enemies":"Awakened One","floor":50,"turns":20}],"seed_played":"-7554730940685468872","potions_obtained":[{"floor":1.0,"key":"Regen Potion"},{"floor":2.0,"key":"Energy Potion"},{"floor":4.0,"key":"Regen Potion"},{"floor":5.0,"key":"Swift Potion"},{"floor":7.0,"key":"FearPotion"},{"floor":13.0,"key":"FocusPotion"},{"floor":14.0,"key":"Explosive Potion"},{"floor":18.0,"key":"AttackPotion"},{"floor":20.0,"key":"Block Potion"},{"floor":24.0,"key":"AttackPotion"},{"floor":27,"key":"AttackPotion"},{"floor":30,"key":"FairyPotion"},{"floor":33,"key":"Fire Potion"},{"floor":35,"key":"GamblersBrew"},{"floor":38,"key":"Swift Potion"}],"is_trial":false,"path_per_floor":["M","M","?","M","M","R","E","R","T","?","R","$","?","M","R","B",null,"M","?","M","$","?","R","M","R","T","M","R","M","M","$","R","B",null,"M","$","?","M","?","R","M","R","T","M","$","M","M","M","R","B",null],"character_chosen":"DEFECT","items_purchased":["Pantograph","Skim"],"campfire_rested":0,"item_purchase_floors":[21,36],"current_hp_per_floor":[75,75,75,75,69,69,65,65,65,65,65,65,65,65,65,28,75,75,75,75,75,75,75,66,66,66,66,66,64,57,57,57,46,75,75,75,66,66,66,66,60,60,60,60,60,60,54,51,51,67],"gold":143,"neow_bonus":"BOSS_RELIC","is_prod":false,"is_daily":false,"chose_seed":true,"campfire_upgraded":8,"win_rate":0,"timestamp":1550728545,"path_taken":["M","M","?","M","?","R","E","R","T","?","R","$","?","M","R","BOSS","M","?","M","$","?","R","M","R","T","M","R","M","M","$","R","BOSS","M","$","?","M","?","R","M","R","T","M","$","?","M","M","R","BOSS"],"build_version":"2019-01-23","purchased_purges":2,"victory":true,"max_hp_per_floor":[75,75,75,75,75,75,75,75,75,75,75,75,75,75,75,75,75,75,75,75,75,75,75,75,75,75,75,75,75,75,75,75,75,75,75,75,75,75,75,75,75,75,75,75,75,75,75,75,75,75],"card_choices":[{"not_picked":["Rebound","Redo"],"picked":"FTL","floor":1.0},{"not_picked":["Leap","Conserve Battery"],"picked":"Steam","floor":2.0},{"not_picked":["Beam Cell","Double Energy"],"picked":"Rebound","floor":4.0},{"not_picked":["Go for the Eyes","Turbo"],"picked":"Conserve Battery","floor":5.0},{"not_picked":["Coolheaded","Beam Cell"],"picked":"Streamline","floor":7.0},{"not_picked":["Chaos","Rebound"],"picked":"Hologram","floor":13.0},{"not_picked":["Double Energy","Coolheaded"],"picked":"Cold Snap","floor":14.0},{"not_picked":["All For One","Thunder Strike"],"picked":"Echo Form","floor":16.0},{"not_picked":["Go for the Eyes+1","Recycle"],"picked":"Steam+1","floor":18.0},{"not_picked":["Barrage","Cold Snap"],"picked":"BootSequence+1","floor":20.0},{"not_picked":["Streamline","Defragment+1"],"picked":"Reinforced Body+1","floor":24.0},{"not_picked":["Cold Snap","Steam"],"picked":"Consume+1","floor":27},{"not_picked":["Compile Driver","Recycle","Sweeping Beam+1"],"picked":"SKIP","floor":29},{"not_picked":["Sweeping Beam+1","Turbo"],"picked":"Stack+1","floor":30},{"not_picked":["Melter","Compile Driver"],"picked":"Chaos+1","floor":35},{"not_picked":["Blizzard+1","Sunder+1","Beam Cell"],"picked":"SKIP","floor":38},{"not_picked":["Conserve Battery+1","Storm+1"],"picked":"Stack+1","floor":41},{"not_picked":["Streamline","Gash+1","Sweeping Beam+1"],"picked":"SKIP","floor":44},{"not_picked":["Steam+1","Rebound+1","Darkness+1"],"picked":"SKIP","floor":46},{"not_picked":["Streamline","Rebound"],"picked":"Hologram","floor":47},{"not_picked":["Consume","Cold Snap+1","Genetic Algorithm"],"picked":"SKIP","floor":48}],"player_experience":539933,"relics_obtained":[{"floor":7.0,"key":"Bag of Preparation"},{"floor":9.0,"key":"Bottled Lightning"},{"floor":13.0,"key":"Peace Pipe"},{"floor":43,"key":"Thread and Needle"}],"event_choices":[{"damage_healed":0.0,"max_hp_gain":0.0,"max_hp_loss":0.0,"gold_gain":0.0,"event_name":"The Woman in Blue","player_choice":"Bought 0 Potions","floor":3.0,"gold_loss":0.0,"damage_taken":0.0},{"damage_healed":0.0,"max_hp_gain":0.0,"max_hp_loss":0.0,"gold_gain":0.0,"event_name":"Big Fish","player_choice":"Box","floor":10.0,"gold_loss":0.0,"damage_taken":0.0,"relics_obtained":["Calipers"],"cards_obtained":["Regret"]},{"damage_healed":0.0,"max_hp_gain":0.0,"max_hp_loss":0.0,"gold_gain":0.0,"event_name":"Dead Adventurer","player_choice":"Searched \u00272\u0027 times","floor":13.0,"gold_loss":0.0,"damage_taken":0.0},{"damage_healed":0.0,"max_hp_gain":0.0,"max_hp_loss":0.0,"gold_gain":0.0,"event_name":"Vampires","player_choice":"Ignored","floor":19.0,"gold_loss":0.0,"damage_taken":0.0},{"damage_healed":0.0,"max_hp_gain":0.0,"max_hp_loss":0.0,"gold_gain":0.0,"event_name":"Beggar","player_choice":"Ignored","floor":22.0,"gold_loss":0.0,"damage_taken":0.0},{"damage_healed":0,"gold_gain":0,"player_choice":"Embrace Madness","damage_taken":9,"max_hp_gain":0,"max_hp_loss":0,"event_name":"Winding Halls","floor":37,"gold_loss":0,"cards_obtained":["Madness","Madness"]},{"damage_healed":0,"gold_gain":0,"player_choice":"0 cards matched","damage_taken":0,"max_hp_gain":0,"max_hp_loss":0,"event_name":"Match and Keep!","floor":39,"gold_loss":0,"cards_obtained":[]}],"is_beta":false,"boss_relics":[{"not_picked":["Fusion Hammer","Lizard Tail"],"picked":"Runic Dome"},{"not_picked":["Tiny House","Cursed Key"],"picked":"Philosopher\u0027s Stone"}],"items_purged_floors":[12,31],"is_endless":false,"potions_floor_spawned":[1,2,4,5,7,13,14,16,18,20,24,27,29,30,33,35,38,41,44,46,47,48],"ascension_level":0}