{"gold_per_floor":[110,60,74,91,91,91,101,101,126,126,141,60,60,79,79,174,174,189,189,1,27,40,60,60,60,60,87,112,112,140,159,159,159],"floor_reached":33,"playtime":1397,"items_purged":[],"score":445,"play_id":"5fb35529-97bb-4bdc-bc73-c8b6479cce1e","local_time":"20180722122122","is_ascension_mode":true,"campfire_choices":[{"data":"Dash","floor":6,"key":"SMITH"},{"data":"Deadly Poison","floor":8,"key":"SMITH"},{"data":"Survivor","floor":10,"key":"SMITH"},{"floor":15,"key":"REST"},{"floor":25,"key":"REST"},{"floor":32,"key":"REST"}],"neow_cost":"NONE","seed_source_timestamp":500002726200826,"circlet_count":0,"master_deck":["Defend_G","Defend_G","Defend_G","Defend_G+1","Defend_G+1","Survivor+1","Neutralize","Writhe","Clumsy","Dash+1","Deadly Poison+1","Caltrops+1","PiercingWail","Leg Sweep","Venomology","Bullet Time","Tools of the Trade+1","Footwork+1","Backstab","Dash","Tools of the Trade+1","Backflip","Bite","Bite","Bite","Bite","Bite","Doppelganger","Calculated Gamble"],"relics":["Calling Bell","Lantern","Frozen Egg 2","Nunchaku","Matryoshka","Regal Pillow","Bronze Scales","Runic Dome","Enchiridion","Potion Belt","Red Mask","Ancient Tea Set","Ninja Scroll","Juzu Bracelet","Pen Nib","Bottled Lightning"],"potions_floor_usage":[11,16,18,21,23,28,30,30,30,30,33],"damage_taken":[{"damage":14,"enemies":"Small Slimes","floor":1,"turns":6},{"damage":1,"enemies":"2 Louse","floor":3,"turns":4},{"damage":5,"enemies":"Cultist","floor":4,"turns":5},{"damage":2,"enemies":"Exordium Thugs","floor":7,"turns":5},{"damage":0,"enemies":"Blue Slaver","floor":11,"turns":4},{"damage":0,"enemies":"Exordium Wildlife","floor":14,"turns":3},{"damage":5,"enemies":"The Guardian","floor":16,"turns":11},{"damage":14,"enemies":"Spheric Guardian","floor":18,"turns":5},{"damage":30,"floor":21,"turns":3},{"damage":0,"enemies":"3 Byrds","floor":22,"turns":4},{"damage":14,"enemies":"Snecko","floor":23,"turns":6},{"damage":25,"enemies":"Gremlin Leader","floor":28,"turns":7},{"damage":0,"enemies":"Slavers","floor":30,"turns":6},{"damage":11,"enemies":"Chosen and Byrds","floor":31,"turns":5},{"damage":77,"enemies":"Champ","floor":33,"turns":9}],"seed_played":"-785114243279438878","potions_obtained":[{"floor":1,"key":"SpeedPotion"},{"floor":3,"key":"GhostInAJar"},{"floor":7,"key":"SpeedPotion"},{"floor":14,"key":"GhostInAJar"},{"floor":21,"key":"FairyPotion"},{"floor":22,"key":"Strength Potion"},{"floor":23,"key":"Dexterity Potion"},{"floor":30,"key":"Energy Potion"}],"is_trial":false,"path_per_floor":["M","?","M","M","T","R","M","R","T","R","M","$","?","M","R","B",null,"M","?","$","?","M","M","?","R","T","T","E","?","E","M","R"],"character_chosen":"THE_SILENT","items_purchased":["Venomology","Potion Belt","Backstab"],"campfire_rested":3,"item_purchase_floors":[12,20,20],"current_hp_per_floor":[49,49,48,43,43,43,41,41,41,41,41,41,27,27,63,58,67,53,37,37,7,7,4,4,40,40,40,15,15,25,24,49,0],"gold":159,"neow_bonus":"BOSS_RELIC","is_prod":false,"is_daily":false,"chose_seed":false,"campfire_upgraded":3,"win_rate":0,"timestamp":1532254882,"path_taken":["M","?","?","M","?","R","M","R","T","R","M","?","?","?","R","BOSS","M","?","$","?","M","M","?","R","T","?","E","?","E","M","R","BOSS"],"build_version":"2018-07-19v2","purchased_purges":0,"victory":false,"max_hp_per_floor":[70,70,70,70,70,70,70,70,70,70,70,70,70,70,70,70,70,70,70,70,70,70,70,70,70,70,70,70,49,49,49,49,49],"card_choices":[{"not_picked":["Deflect","Prepared"],"picked":"Dash","floor":1},{"not_picked":["Bane","Backflip"],"picked":"Deadly Poison","floor":3},{"not_picked":["Eviscerate","Dagger Throw"],"picked":"Caltrops+1","floor":4},{"not_picked":["Slice","Prepared"],"picked":"PiercingWail","floor":7},{"not_picked":["Dagger Throw","Quick Slash"],"picked":"Leg Sweep","floor":11},{"not_picked":["Quick Slash","Choke"],"picked":"Bullet Time","floor":14},{"not_picked":["Phantasmal Killer","Wraith Form v2+1"],"picked":"Tools of the Trade+1","floor":16},{"not_picked":["Concentrate","Quick Slash+1"],"picked":"Footwork+1","floor":18},{"not_picked":["Sucker Punch+1","Deadly Poison"],"picked":"Dash","floor":21},{"not_picked":["Slice+1","Sucker Punch","Masterful Stab"],"picked":"SKIP","floor":22},{"not_picked":["Setup","Bane"],"picked":"Tools of the Trade+1","floor":23},{"not_picked":["Eviscerate","Distraction"],"picked":"Backflip","floor":28},{"not_picked":["Cloak And Dagger+1","Eviscerate"],"picked":"Doppelganger","floor":30},{"not_picked":["Dagger Spray","Deflect"],"picked":"Calculated Gamble","floor":31}],"player_experience":831429,"relics_obtained":[{"floor":0,"key":"Lantern"},{"floor":0,"key":"Frozen Egg 2"},{"floor":0,"key":"Nunchaku"},{"floor":5,"key":"Matryoshka"},{"floor":9,"key":"Regal Pillow"},{"floor":9,"key":"Bronze Scales"},{"floor":19,"key":"Enchiridion"},{"floor":21,"key":"Red Mask"},{"floor":26,"key":"Ancient Tea Set"},{"floor":26,"key":"Ninja Scroll"},{"floor":27,"key":"Juzu Bracelet"},{"floor":28,"key":"Pen Nib"},{"floor":30,"key":"Bottled Lightning"}],"event_choices":[{"event_name":"The Cleric","player_choice":"Card Removal","floor":2,"damage_taken":0},{"event_name":"Shining Light","player_choice":"Entered Light","floor":13,"damage_taken":0},{"event_name":"Cursed Tome","player_choice":"Obtained Book","floor":19,"damage_taken":0},{"event_name":"Masked Bandits","player_choice":"Fought over 1 gold","floor":21,"damage_taken":0},{"event_name":"Ghosts","player_choice":"Ignored","floor":24,"damage_taken":0},{"event_name":"Vampires","player_choice":"Became a vampire","floor":29,"damage_taken":0}],"is_beta":false,"boss_relics":[{"not_picked":["Eternal Feather","Lizard Tail"],"picked":"Runic Dome"}],"items_purged_floors":[],"is_endless":false,"potions_floor_spawned":[1,3,7,14,21,22,23,30],"killed_by":"Champ","ascension_level":8}