{"path_per_floor":["M","?","$","?","?","E","R","$","T","E","M","M","E","?","R","B",null,"M","?","?","?","?","R"],"character_chosen":"THE_SILENT","items_purchased":["Finesse","Corpse Explosion","Bouncing Flask","Crippling Poison","Dexterity Potion","Energy Potion"],"gold_per_floor":[111,111,15,90,340,374,374,50,98,127,140,158,185,185,185,285,285,296,296,221,221,221,221,221],"floor_reached":24,"campfire_rested":1,"playtime":706,"current_hp_per_floor":[70,70,70,59,59,59,59,59,59,59,52,36,14,14,35,36,70,66,66,66,66,53,53,0],"items_purged":[],"gold":221,"score":325,"play_id":"fee93580-b495-4dd1-996f-de3578d99012","local_time":"20180508190359","is_prod":false,"is_daily":false,"chose_seed":false,"is_ascension_mode":true,"campfire_upgraded":2,"timestamp":1525799039,"path_taken":["M","?","$","?","?","E","R","$","T","E","M","M","E","?","R","BOSS","M","?","?","?","?","R","E"],"build_version":"2018-05-03","seed_source_timestamp":410074316567771,"purchased_purges":0,"victory":false,"master_deck":["Defend_G","Defend_G","Defend_G","Defend_G","Defend_G","Strike_G","Strike_G","Strike_G","Strike_G","Survivor","Neutralize","Deadly Poison+1","Distraction","Finesse","Catalyst","Corpse Explosion+1","Bouncing Flask","Crippling Poison","Setup","Blur","Deadly Poison","Envenom","Night Terror+1","Backflip","Catalyst"],"max_hp_per_floor":[70,70,70,70,70,70,70,70,70,70,70,70,70,70,70,70,70,70,70,70,70,75,75,75],"relics":["Ring of the Snake","NeowsBlessing","Pantograph","Prayer Wheel","Dodecahedron","Bag of Preparation","Black Star"],"card_choices":[{"not_picked":["Dagger Spray","Malaise"],"picked":"Deadly Poison","floor":1},{"not_picked":["Riddle With Holes","Concentrate"],"picked":"Catalyst","floor":6},{"not_picked":["Dagger Throw","Terror"],"picked":"Setup","floor":10},{"not_picked":["Quick Slash","Distraction"],"picked":"Blur","floor":11},{"not_picked":["Sucker Punch","Poisoned Stab"],"picked":"Deadly Poison","floor":12},{"not_picked":["Terror","Quick Slash"],"picked":"Envenom","floor":13},{"not_picked":["Grand Finale","Doppelganger"],"picked":"Night Terror","floor":16},{"not_picked":["Sucker Punch","PiercingWail"],"picked":"Backflip","floor":18}],"player_experience":423911,"potions_floor_usage":[13,13,16],"damage_taken":[{"damage":0,"enemies":"2 Louse","floor":1,"turns":1},{"damage":0,"enemies":"Lagavulin","floor":6,"turns":1},{"damage":0,"enemies":"Gremlin Nob","floor":10,"turns":1},{"damage":7,"enemies":"Cultist","floor":11,"turns":4},{"damage":16,"enemies":"Small Slimes","floor":12,"turns":3},{"damage":22,"enemies":"Lagavulin","floor":13,"turns":3},{"damage":24,"enemies":"The Guardian","floor":16,"turns":9},{"damage":4,"enemies":"Chosen","floor":18,"turns":4},{"damage":61,"enemies":"Gremlin Leader","floor":24,"turns":4}],"event_choices":[{"event_name":"Transmorgrifier","player_choice":"Transform","floor":2,"damage_taken":0},{"event_name":"World of Goop","player_choice":"Gather Gold","floor":4,"damage_taken":0},{"event_name":"Golden Shrine","player_choice":"Desecrate","floor":5,"damage_taken":0},{"event_name":"Living Wall","player_choice":"Grow","floor":14,"damage_taken":0},{"event_name":"Duplicator","player_choice":"One dupe","floor":19,"damage_taken":0},{"event_name":"Beggar","player_choice":"Gave Gold","floor":20,"damage_taken":0},{"event_name":"Ghosts","player_choice":"Ignored","floor":21,"damage_taken":0},{"event_name":"Forgotten Altar","player_choice":"Shed Blood","floor":22,"damage_taken":0}],"boss_relics":[{"not_picked":["White Beast Statue","Runic Dome"],"picked":"Black Star"}],"potions_floor_spawned":[6,10,12],"seed_played":"-525549682102918759","killed_by":"Gremlin Leader","ascension_level":3,"is_trial":false}