{"gold_per_floor":[118,45,45,45,220,220,252,269,269,298,310,325,325,340,340,443,443,429,429,444,198,198,198,55,83,108,208,208],"floor_reached":28,"playtime":1675,"items_purged":["Strike_R"],"score":484,"play_id":"985104c6-5240-404a-998b-7643b2f0791e","local_time":"20190123201329","is_ascension_mode":true,"campfire_choices":[{"data":"Evolve","floor":6,"key":"SMITH"},{"data":"Rage","floor":15,"key":"SMITH"},{"floor":23,"key":"REST"}],"neow_cost":"NONE","seed_source_timestamp":12959152118643104,"circlet_count":0,"master_deck":["AscendersBane","Strike_R","Strike_R","Strike_R","Strike_R+1","Defend_R","Defend_R","Defend_R","Defend_R","Bash","Reckless Charge+1","Evolve+1","Doubt","Rage+1","Metallicize","Feed","Rage","Second Wind","Double Tap","Spot Weakness","Mayhem"],"relics":["Burning Blood","NeowsBlessing","Meat on the Bone","Gremlin Horn","Mango","Mark of Pain","Red Skull","PreservedInsect","Orichalcum","Centennial Puzzle"],"potions_floor_usage":[10,10,10,20],"damage_taken":[{"damage":0,"enemies":"Small Slimes","floor":1,"turns":1},{"damage":0,"enemies":"Jaw Worm","floor":4,"turns":1},{"damage":0,"enemies":"Lagavulin","floor":7,"turns":1},{"damage":6,"enemies":"Cultist","floor":8,"turns":4},{"damage":19,"enemies":"3 Sentries","floor":10,"turns":8},{"damage":18,"enemies":"Red Slaver","floor":11,"turns":4},{"damage":5,"enemies":"Exordium Wildlife","floor":12,"turns":3},{"damage":11,"enemies":"Blue Slaver","floor":14,"turns":5},{"damage":62,"enemies":"Slime Boss","floor":16,"turns":16},{"damage":31,"enemies":"2 Thieves","floor":18,"turns":4},{"damage":19,"enemies":"Shell Parasite","floor":20,"turns":7},{"damage":66,"enemies":"Book of Stabbing","floor":25,"turns":6},{"damage":31,"enemies":"Snake Plant","floor":28,"turns":4}],"seed_played":"-8476332676679698594","potions_obtained":[{"floor":1,"key":"FearPotion"},{"floor":7,"key":"AttackPotion"},{"floor":8,"key":"EntropicBrew"},{"floor":11,"key":"SpeedPotion"},{"floor":16,"key":"Energy Potion"},{"floor":18,"key":"PowerPotion"}],"is_trial":false,"path_per_floor":["?","?","M","?","?","?","?"],"character_chosen":"IRONCLAD","items_purchased":["Evolve","Mayhem","PreservedInsect"],"campfire_rested":1,"item_purchase_floors":[2,21,24],"current_hp_per_floor":[78,78,62,68,68,68,74,74,74,75,66,70,75,73,73,32,91,69,45,44,44,44,79,79,31,31,31,0],"gold":208,"neow_bonus":"THREE_ENEMY_KILL","is_prod":false,"is_daily":false,"chose_seed":false,"campfire_upgraded":2,"win_rate":0,"timestamp":1548270809,"path_taken":["M","$","?","M","?","R","E","M","T","E","?","M","?","M","R","BOSS","M","?","M","$","?","R","$","E","T","?","M"],"build_version":"2019-01-23","purchased_purges":1,"victory":false,"max_hp_per_floor":[80,80,80,80,80,80,80,80,80,94,97,100,105,108,108,111,111,114,119,119,119,119,119,119,119,119,119,119],"card_choices":[{"not_picked":["Flame Barrier","Warcry"],"picked":"Reckless Charge","floor":1},{"not_picked":["Anger","Carnage","Wild Strike"],"picked":"SKIP","floor":4},{"not_picked":["Perfected Strike","Havoc"],"picked":"Rage","floor":7},{"not_picked":["Flex","Bloodletting"],"picked":"Metallicize","floor":8},{"not_picked":["Inflame","Disarm"],"picked":"Feed","floor":10},{"not_picked":["Armaments","Shrug It Off"],"picked":"Rage","floor":11},{"not_picked":["Armaments","Headbutt","Wild Strike"],"picked":"SKIP","floor":12},{"not_picked":["Iron Wave","Warcry"],"picked":"Second Wind","floor":14},{"not_picked":["Limit Break","Berserk"],"picked":"Double Tap","floor":16},{"not_picked":["Combust","Warcry"],"picked":"Spot Weakness","floor":18},{"not_picked":["Sever Soul","Clash","Combust"],"picked":"SKIP","floor":20},{"not_picked":["Shockwave","Combust+1","Body Slam"],"picked":"SKIP","floor":25}],"player_experience":302119,"relics_obtained":[{"floor":7,"key":"Meat on the Bone"},{"floor":9,"key":"Gremlin Horn"},{"floor":10,"key":"Mango"},{"floor":25,"key":"Orichalcum"},{"floor":26,"key":"Centennial Puzzle"}],"event_choices":[{"damage_healed":0,"gold_gain":0,"player_choice":"Entered Light","damage_taken":16,"max_hp_gain":0,"max_hp_loss":0,"event_name":"Shining Light","floor":3,"gold_loss":0,"cards_upgraded":["Reckless Charge","Strike_R"]},{"damage_healed":0,"gold_gain":175,"player_choice":"AGREE","damage_taken":0,"max_hp_gain":0,"max_hp_loss":0,"event_name":"Liars Game","floor":5,"gold_loss":0,"cards_obtained":["Doubt"]},{"damage_healed":0,"gold_gain":0,"player_choice":"Donut","damage_taken":0,"max_hp_gain":5,"max_hp_loss":0,"event_name":"Big Fish","floor":13,"gold_loss":0},{"damage_healed":0,"gold_gain":0,"player_choice":"Shed Blood","damage_taken":29,"max_hp_gain":5,"max_hp_loss":0,"event_name":"Forgotten Altar","floor":19,"gold_loss":0},{"damage_healed":0,"gold_gain":0,"player_choice":"Opened","damage_taken":0,"relics_obtained":["Red Skull"],"max_hp_gain":0,"max_hp_loss":0,"event_name":"The Mausoleum","floor":22,"gold_loss":0},{"damage_healed":0,"gold_gain":100,"player_choice":"Pray","damage_taken":0,"max_hp_gain":0,"max_hp_loss":0,"event_name":"Golden Shrine","floor":27,"gold_loss":0}],"is_beta":false,"boss_relics":[{"not_picked":["Eternal Feather","Black Star"],"picked":"Mark of Pain"}],"items_purged_floors":[21],"is_endless":false,"potions_floor_spawned":[1,7,8,11,16,18],"killed_by":"Snake Plant","ascension_level":12}