{"path_per_floor":["M","M","M","$","?","E","R","?","T","E","$","E","M","E","R","B",null,"M","M","$","M","M","R","M","R","T","$","?","M","$","E","R","B",null,"M","?","?","$","M","R","M","E","T","E","M","R","?","M","R","B"],"character_chosen":"THE_SILENT","items_purchased":["Dodge and Roll","Sadistic Nature","Fire Potion","Deflect","GhostInAJar","Mummified Hand","Well Laid Plans","Noxious Fumes","Footwork"],"gold_per_floor":[113,131,144,43,10,38,38,38,107,433,184,212,222,249,249,354,354,367,385,285,305,320,320,340,340,340,2,101,112,43,73,73,176,176,194,194,194,120,134,134,147,179,179,205,217,217,263,283,283,283],"floor_reached":51,"campfire_rested":7,"playtime":3506,"item_purchase_floors":[4,11,11,20,20,27,27,30,38],"current_hp_per_floor":[58,52,49,49,49,31,52,52,52,47,47,34,34,22,43,9,55,53,45,45,32,22,43,31,52,52,52,52,33,33,30,51,28,60,59,59,59,59,58,58,48,29,29,30,15,37,26,8,30,11],"items_purged":["Pain"],"gold":283,"score":1061,"play_id":"a2a923d0-bbd3-4651-8179-34ab038842f7","local_time":"20180619105759","is_prod":false,"is_daily":false,"chose_seed":false,"is_ascension_mode":true,"campfire_upgraded":1,"win_rate":0,"timestamp":1529398679,"campfire_choices":[{"floor":7,"key":"REST"},{"floor":15,"key":"REST"},{"floor":23,"key":"REST"},{"floor":25,"key":"REST"},{"floor":32,"key":"REST"},{"data":"Catalyst","floor":40,"key":"SMITH"},{"floor":46,"key":"REST"},{"floor":49,"key":"REST"}],"path_taken":["M","M","M","$","?","E","R","?","T","E","$","E","M","E","R","BOSS","M","M","$","M","M","R","M","R","T","?","?","?","?","E","R","BOSS","M","?","?","?","M","R","M","E","T","E","?","R","?","M","R","BOSS"],"build_version":"2018-06-14v2","seed_source_timestamp":490912225700811,"purchased_purges":1,"victory":true,"master_deck":["Defend_G","Defend_G","Defend_G","Defend_G","Strike_G","Strike_G","Strike_G","Survivor","Neutralize","Caltrops","Adrenaline","Crippling Poison+1","Poisoned Stab","Catalyst+1","Dodge and Roll","Sucker Punch","Dodge and Roll","Sadistic Nature","Bullet Time","Deadly Poison","Envenom","Die Die Die","Outmaneuver+1","Crippling Poison+1","Deflect","Backstab","Escape Plan","Well Laid Plans","Caltrops","Noxious Fumes","A Thousand Cuts","A Thousand Cuts","Backflip+1","Footwork","Quick Slash+1","Dagger Spray+1","Tools of the Trade","Bane+1"],"max_hp_per_floor":[70,70,70,70,70,70,70,70,70,70,70,70,70,70,70,70,70,70,70,70,70,70,70,70,70,70,70,70,70,70,70,70,70,70,70,70,70,70,70,70,70,72,72,74,76,76,76,76,76,76],"relics":["Ring of the Snake","Bag of Marbles","Matryoshka","Old Coin","Snake Skull","Centennial Puzzle","Runic Pyramid","Gremlin Horn","Calipers","Mummified Hand","Bronze Scales","Lizard Tail","Singing Bowl","Darkstone Periapt","Bottled Flame","Bottled Lightning","Girya"],"card_choices":[{"not_picked":["Acrobatics","Sucker Punch"],"picked":"Crippling Poison","floor":1},{"not_picked":["Outmaneuver","Footwork"],"picked":"Poisoned Stab","floor":2},{"not_picked":["Setup","PiercingWail"],"picked":"Catalyst","floor":3},{"not_picked":["Eviscerate","Reflex"],"picked":"Sucker Punch","floor":6},{"not_picked":["Crippling Poison","Quick Slash"],"picked":"Dodge and Roll","floor":10},{"not_picked":["Dagger Throw","Quick Slash"],"picked":"Bullet Time","floor":12},{"not_picked":["Dash","Backflip"],"picked":"Deadly Poison","floor":13},{"not_picked":["Slice","Dodge and Roll"],"picked":"Envenom","floor":14},{"not_picked":["Venomology","Tools of the Trade"],"picked":"Die Die Die","floor":16},{"not_picked":["Cloak And Dagger","Deadly Poison"],"picked":"Outmaneuver+1","floor":18},{"not_picked":["Sucker Punch","Dagger Throw"],"picked":"Crippling Poison+1","floor":19},{"not_picked":["Slice","Outmaneuver"],"picked":"Backstab","floor":21},{"not_picked":["Deflect","Slice"],"picked":"Escape Plan","floor":22},{"not_picked":["Flying Knee","Dagger Throw+1","Dagger Spray"],"picked":"SKIP","floor":24},{"not_picked":["Accuracy","Flying Knee"],"picked":"Caltrops","floor":29},{"not_picked":["Outmaneuver","Backflip"],"picked":"A Thousand Cuts","floor":31},{"not_picked":["Phantasmal Killer","Unload"],"picked":"A Thousand Cuts","floor":33},{"not_picked":["Underhanded Strike+1","Flying Knee+1"],"picked":"Backflip+1","floor":35},{"not_picked":["Infinite Blades+1","Accuracy"],"picked":"Quick Slash+1","floor":39},{"not_picked":["Prepared+1","Underhanded Strike+1"],"picked":"Dagger Spray+1","floor":41},{"not_picked":["Endless Agony+1","Acrobatics+1","Heel Hook+1"],"picked":"Singing Bowl","floor":42},{"not_picked":["Choke","Cloak And Dagger+1","Sucker Punch"],"picked":"Singing Bowl","floor":44},{"not_picked":["Sucker Punch","Bane","Dagger Spray"],"picked":"Singing Bowl","floor":45},{"not_picked":["Masterful Stab","Quick Slash"],"picked":"Tools of the Trade","floor":47},{"not_picked":["Backflip","Quick Slash+1"],"picked":"Bane+1","floor":48}],"player_experience":752148,"potions_floor_usage":[6,10,10,10,10,10,10,12,14,14,16,24,31,33,35,50,50,50],"damage_taken":[{"damage":5,"enemies":"Cultist","floor":1,"turns":4},{"damage":6,"enemies":"Jaw Worm","floor":2,"turns":6},{"damage":3,"enemies":"2 Louse","floor":3,"turns":3},{"damage":18,"enemies":"3 Sentries","floor":6,"turns":9},{"damage":5,"enemies":"Gremlin Nob","floor":10,"turns":4},{"damage":13,"enemies":"Lagavulin","floor":12,"turns":6},{"damage":0,"enemies":"Red Slaver","floor":13,"turns":3},{"damage":12,"enemies":"Gremlin Nob","floor":14,"turns":3},{"damage":34,"enemies":"The Guardian","floor":16,"turns":9},{"damage":2,"enemies":"Shell Parasite","floor":18,"turns":3},{"damage":8,"enemies":"3 Byrds","floor":19,"turns":3},{"damage":13,"enemies":"Snake Plant","floor":21,"turns":3},{"damage":10,"enemies":"Centurion and Healer","floor":22,"turns":5},{"damage":12,"enemies":"3 Cultists","floor":24,"turns":5},{"damage":19,"enemies":"Chosen and Byrds","floor":29,"turns":6},{"damage":3,"enemies":"Slavers","floor":31,"turns":4},{"damage":23,"enemies":"Collector","floor":33,"turns":7},{"damage":1,"enemies":"3 Darklings","floor":35,"turns":4},{"damage":1,"enemies":"3 Shapes","floor":39,"turns":3},{"damage":10,"enemies":"3 Darklings","floor":41,"turns":4},{"damage":21,"enemies":"Giant Head","floor":42,"turns":6},{"damage":1,"enemies":"Nemesis","floor":44,"turns":5},{"damage":17,"enemies":"4 Shapes","floor":45,"turns":3},{"damage":11,"floor":47,"turns":3},{"damage":18,"enemies":"Maw","floor":48,"turns":5},{"damage":65,"enemies":"Time Eater","floor":50,"turns":5}],"relics_obtained":[{"floor":6,"key":"Bag of Marbles"},{"floor":9,"key":"Matryoshka"},{"floor":10,"key":"Old Coin"},{"floor":12,"key":"Snake Skull"},{"floor":14,"key":"Centennial Puzzle"},{"floor":26,"key":"Gremlin Horn"},{"floor":26,"key":"Calipers"},{"floor":31,"key":"Bronze Scales"},{"floor":42,"key":"Singing Bowl"},{"floor":43,"key":"Darkstone Periapt"},{"floor":43,"key":"Bottled Flame"},{"floor":44,"key":"Bottled Lightning"},{"floor":47,"key":"Girya"}],"event_choices":[{"event_name":"World of Goop","player_choice":"Left","floor":5,"damage_taken":0},{"event_name":"The Lab","player_choice":"Got Potions","floor":8,"damage_taken":0},{"event_name":"Nest","player_choice":"Stole From Cult","floor":28,"damage_taken":0},{"event_name":"Upgrade Shrine","player_choice":"Upgraded","floor":36,"damage_taken":0},{"event_name":"Falling","player_choice":"Removed Attack","floor":37,"damage_taken":0},{"event_name":"Mysterious Sphere","player_choice":"Fight","floor":47,"damage_taken":0}],"boss_relics":[{"not_picked":["Empty Cage","Coffee Dripper"],"picked":"Runic Pyramid"},{"not_picked":["Orrery","Astrolabe"],"picked":"Lizard Tail"}],"items_purged_floors":[4],"is_endless":false,"potions_floor_spawned":[1,2,14,16,22,24,29,31,33,39,44,45,47,48],"seed_played":"-640618514979722731","ascension_level":7,"potions_obtained":[{"floor":1,"key":"Explosive Potion"},{"floor":2,"key":"Ancient Potion"},{"floor":8,"key":"EssenceOfSteel"},{"floor":8,"key":"EntropicBrew"},{"floor":14,"key":"LiquidBronze"},{"floor":16,"key":"FearPotion"},{"floor":22,"key":"GhostInAJar"},{"floor":24,"key":"LiquidBronze"},{"floor":31,"key":"AttackPotion"},{"floor":33,"key":"Dexterity Potion"},{"floor":39,"key":"Explosive Potion"},{"floor":47,"key":"EssenceOfSteel"},{"floor":48,"key":"PowerPotion"}],"is_trial":false}