{"gold_per_floor":[115,40,40,50,50,50,78,78,103,6,35,10,10,45,45,122,122,136,155,174,132,132],"floor_reached":22,"playtime":967,"items_purged":[],"score":500,"play_id":"864c7169-f39e-42db-a8de-919a35e23e30","local_time":"20190205232948","is_ascension_mode":true,"campfire_choices":[{"data":"Dagger Spray","floor":6.0,"key":"SMITH"},{"data":"Caltrops","floor":8.0,"key":"SMITH"},{"data":"Skewer","floor":13.0,"key":"SMITH"},{"data":"Well Laid Plans","floor":15.0,"key":"SMITH"}],"neow_cost":"NONE","seed_source_timestamp":198767838855279,"circlet_count":0,"master_deck":["AscendersBane","Defend_G","Defend_G","Defend_G","Defend_G","Defend_G","Strike_G","Strike_G","Strike_G","Strike_G+1","Strike_G+1","Survivor","Neutralize+1","Dagger Spray+1","Well Laid Plans+1","Caltrops+1","After Image","Bouncing Flask","Skewer+1","Deadly Poison","Caltrops","Wraith Form v2","Well Laid Plans","Crippling Poison","Noxious Fumes"],"special_seed":0,"relics":["Ring of the Serpent","NeowsBlessing","Ice Cream","Vajra","Whetstone","Strawberry","Centennial Puzzle"],"potions_floor_usage":[18],"damage_taken":[{"damage":0.0,"enemies":"Small Slimes","floor":1.0,"turns":1.0},{"damage":0.0,"enemies":"Cultist","floor":4.0,"turns":1.0},{"damage":0.0,"enemies":"Lagavulin","floor":7.0,"turns":1.0},{"damage":0.0,"enemies":"3 Sentries","floor":11.0,"turns":6.0},{"damage":6.0,"enemies":"Lagavulin","floor":14.0,"turns":5.0},{"damage":3.0,"enemies":"The Guardian","floor":16.0,"turns":8.0},{"damage":20,"enemies":"2 Thieves","floor":18,"turns":4},{"damage":14,"enemies":"Spheric Guardian","floor":19,"turns":5},{"damage":21,"enemies":"Centurion and Healer","floor":20,"turns":9},{"damage":15,"enemies":"Sentry and Sphere","floor":22,"turns":3}],"seed_played":"7005563816201827151","potions_obtained":[{"floor":4.0,"key":"Energy Potion"},{"floor":11.0,"key":"GamblersBrew"},{"floor":19,"key":"FearPotion"}],"is_trial":false,"path_per_floor":["M","$","?","M","T","R","E","R","T","$","E","$","R","E","R","B",null,"M","M","M","$","M"],"character_chosen":"THE_SILENT","items_purchased":["Well Laid Plans","Bouncing Flask","AttackPotion","Deadly Poison","Noxious Fumes"],"campfire_rested":0,"item_purchase_floors":[2,10,10,12,21],"current_hp_per_floor":[59,59,59,59,59,59,59,59,59,59,66,66,66,60,60,57,69,49,35,14,14,0],"gold":132,"neow_bonus":"THREE_ENEMY_KILL","is_prod":false,"is_daily":false,"chose_seed":false,"campfire_upgraded":4,"win_rate":0,"timestamp":1549427388,"path_taken":["M","$","?","?","?","R","E","R","T","$","E","?","R","E","R","BOSS","M","M","?","$","?"],"build_version":"2019-01-23","purchased_purges":0,"victory":false,"max_hp_per_floor":[66,66,66,66,66,66,66,66,66,66,73,73,73,73,73,73,73,73,73,73,73,73],"card_choices":[{"not_picked":["Deadly Poison","Sucker Punch"],"picked":"Dagger Spray","floor":1.0},{"not_picked":["Choke","Deadly Poison"],"picked":"Caltrops","floor":4.0},{"not_picked":["Sucker Punch","Finisher"],"picked":"After Image","floor":7.0},{"not_picked":["Quick Slash","Underhanded Strike"],"picked":"Skewer","floor":11.0},{"not_picked":["Predator","Expertise"],"picked":"Caltrops","floor":14.0},{"not_picked":["After Image","Grand Finale"],"picked":"Wraith Form v2","floor":16.0},{"not_picked":["Bane","Finisher"],"picked":"Well Laid Plans","floor":18},{"not_picked":["Slice","Flying Knee","Accuracy"],"picked":"SKIP","floor":19},{"not_picked":["Slice","Tactician"],"picked":"Crippling Poison","floor":20}],"player_experience":1138281,"relics_obtained":[{"floor":5.0,"key":"Ice Cream"},{"floor":7.0,"key":"Vajra"},{"floor":9.0,"key":"Whetstone"},{"floor":11.0,"key":"Strawberry"},{"floor":14.0,"key":"Centennial Puzzle"}],"event_choices":[{"damage_healed":0.0,"max_hp_gain":0.0,"max_hp_loss":0.0,"gold_gain":0.0,"event_name":"Upgrade Shrine","player_choice":"Upgraded","floor":3.0,"gold_loss":0.0,"damage_taken":0.0,"cards_upgraded":["Neutralize"]}],"is_beta":false,"boss_relics":[{"not_picked":["WristBlade","Astrolabe"],"picked":"Ring of the Serpent"}],"items_purged_floors":[],"is_endless":false,"potions_floor_spawned":[4,11,19],"killed_by":"Sentry and Sphere","ascension_level":20}