{"gold_per_floor":[113,125,140,240,12,12,12,22,22,40,75,85,112,13,13,114,114,134,134,150,163,163,163,163],"floor_reached":24,"playtime":5237,"items_purged":[],"score":250,"play_id":"3004e43f-e8f4-4ac4-ab10-19c95036c959","local_time":"20190216190948","is_ascension_mode":true,"campfire_choices":[{"data":"True Grit","floor":6,"key":"SMITH"},{"data":"Armaments","floor":15,"key":"SMITH"},{"data":"Barricade","floor":23,"key":"SMITH"}],"neow_cost":"NONE","seed_source_timestamp":133135779916200,"circlet_count":0,"master_deck":["Strike_R+1","Strike_R","Defend_R","Defend_R","Defend_R","Defend_R+1","Bash","Clothesline","Cleave","True Grit+1","Clothesline","Armaments+1","Shockwave","Power Through","Disarm","Whirlwind","Pommel Strike","Barricade+1","Rupture+1","Bloodletting+1","Corruption+1","Iron Wave+1","Battle Trance+1","Fire Breathing"],"relics":["Burning Blood","TheAbacus","Gremlin Horn","Sundial","Champion Belt","Astrolabe"],"potions_floor_usage":[0,10,11,16,18,20,24],"damage_taken":[{"damage":3,"enemies":"Jaw Worm","floor":1,"turns":5},{"damage":0,"enemies":"Cultist","floor":2,"turns":3},{"damage":3,"enemies":"2 Louse","floor":3,"turns":3},{"damage":4,"enemies":"Looter","floor":8,"turns":4},{"damage":2,"enemies":"Large Slime","floor":10,"turns":6},{"damage":18,"enemies":"Lagavulin","floor":11,"turns":8},{"damage":3,"enemies":"2 Fungi Beasts","floor":12,"turns":4},{"damage":24,"enemies":"3 Sentries","floor":13,"turns":10},{"damage":30,"enemies":"The Guardian","floor":16,"turns":18},{"damage":19,"enemies":"2 Thieves","floor":18,"turns":4},{"damage":8,"enemies":"Colosseum Slavers","floor":19,"turns":7},{"damage":3,"enemies":"Chosen","floor":20,"turns":10},{"damage":18,"enemies":"Snake Plant","floor":21,"turns":7},{"damage":56,"enemies":"Book of Stabbing","floor":24,"turns":8}],"seed_played":"4827323657410563492","potions_obtained":[{"floor":0,"key":"Fruit Juice"},{"floor":0,"key":"Block Potion"},{"floor":0,"key":"FairyPotion"},{"floor":8,"key":"Fire Potion"},{"floor":11,"key":"GamblersBrew"},{"floor":16,"key":"EssenceOfSteel"},{"floor":18,"key":"Strength Potion"}],"is_trial":false,"path_per_floor":["M","M","M","?","$","R","?","M","T","M","E","M","E","$","R","B",null,"M","?","M","M","?","R","E"],"character_chosen":"IRONCLAD","items_purchased":["Clothesline","TheAbacus","AttackPotion","Pommel Strike"],"campfire_rested":0,"item_purchase_floors":[5,5,14,14],"current_hp_per_floor":[85,85,85,85,85,85,68,70,70,74,62,65,47,47,47,23,85,72,70,73,61,61,61,5],"gold":163,"neow_bonus":"THREE_SMALL_POTIONS","is_prod":false,"is_daily":false,"chose_seed":false,"campfire_upgraded":3,"win_rate":0,"timestamp":1550362188,"path_taken":["M","M","M","?","?","R","?","M","T","M","E","M","E","$","R","BOSS","M","?","M","M","?","R","E"],"build_version":"2019-01-23","purchased_purges":0,"victory":false,"max_hp_per_floor":[85,85,85,85,85,85,85,85,85,85,85,85,85,85,85,85,85,85,85,85,85,85,85,85],"card_choices":[{"not_picked":["Anger","Infernal Blade"],"picked":"Clothesline","floor":1},{"not_picked":["Twin Strike","Clothesline"],"picked":"Cleave","floor":2},{"not_picked":["Burning Pact","Havoc"],"picked":"True Grit","floor":3},{"not_picked":["Disarm","Sword Boomerang"],"picked":"Armaments","floor":8},{"not_picked":["Blood for Blood","Feed"],"picked":"Shockwave","floor":10},{"not_picked":["Hemokinesis","Second Wind"],"picked":"Power Through","floor":11},{"not_picked":["Clash","Warcry"],"picked":"Disarm","floor":12},{"not_picked":["Corruption","Barricade"],"picked":"Whirlwind","floor":13},{"not_picked":["Impervious","Brutality"],"picked":"Barricade","floor":16},{"not_picked":["Twin Strike","Cleave"],"picked":"Iron Wave+1","floor":18},{"not_picked":["Rupture","Wild Strike"],"picked":"Battle Trance+1","floor":20},{"not_picked":["Thunderclap","Twin Strike"],"picked":"Fire Breathing","floor":21}],"player_experience":181921,"relics_obtained":[{"floor":9,"key":"Gremlin Horn"},{"floor":11,"key":"Sundial"},{"floor":13,"key":"Champion Belt"}],"event_choices":[{"damage_healed":0,"gold_gain":100,"player_choice":"Pray","damage_taken":0,"max_hp_gain":0,"max_hp_loss":0,"event_name":"Golden Shrine","floor":4,"gold_loss":0},{"damage_healed":0,"gold_gain":0,"player_choice":"Entered Light","damage_taken":17,"max_hp_gain":0,"max_hp_loss":0,"event_name":"Shining Light","floor":7,"gold_loss":0,"cards_upgraded":["Defend_R","Strike_R"]},{"damage_healed":0,"gold_gain":0,"player_choice":"Fight","damage_taken":0,"max_hp_gain":0,"max_hp_loss":0,"event_name":"Colosseum","floor":19,"gold_loss":0},{"damage_healed":0,"gold_gain":0,"player_choice":"Fled From Nobs","damage_taken":0,"max_hp_gain":0,"max_hp_loss":0,"event_name":"Colosseum","floor":19,"gold_loss":0},{"damage_healed":0,"gold_gain":0,"player_choice":"Ignored","damage_taken":0,"max_hp_gain":0,"max_hp_loss":0,"event_name":"Ghosts","floor":22,"gold_loss":0}],"is_beta":false,"boss_relics":[{"not_picked":["Black Blood","Black Star"],"picked":"Astrolabe"}],"items_purged_floors":[],"is_endless":false,"potions_floor_spawned":[8,11,16,18],"killed_by":"Book of Stabbing","ascension_level":4}