{"path_per_floor":["M","?","?","T","?","E","R","M","T","?","E","M","R","$","R","B",null,"M","M","?","?","$","R","E","R","T","R","E"],"character_chosen":"THE_SILENT","items_purchased":["Vajra","Setup","Madness"],"gold_per_floor":[15,15,15,89,89,133,133,154,180,180,213,229,229,23,23,148,148,166,187,187,187,41,41,84,84,84,84,127,127],"floor_reached":29,"campfire_rested":2,"playtime":989,"item_purchase_floors":[],"current_hp_per_floor":[76,76,76,76,76,64,64,64,64,64,49,46,46,46,46,37,68,47,36,36,36,36,36,17,40,40,63,21,2],"items_purged":["Regret"],"gold":127,"score":345,"play_id":"5f97c9bd-9625-4c05-af8f-998455809ada","local_time":"20180613193238","is_prod":false,"is_daily":false,"chose_seed":false,"is_ascension_mode":true,"campfire_upgraded":4,"win_rate":0,"timestamp":1528911158,"campfire_choices":[{"data":"Predator","floor":7.0,"key":"SMITH"},{"data":"Noxious Fumes","floor":13.0,"key":"SMITH"},{"data":"Bouncing Flask","floor":15.0,"key":"SMITH"},{"data":"Catalyst","floor":23,"key":"SMITH"},{"floor":25,"key":"REST"},{"floor":27,"key":"REST"}],"path_taken":["M","?","?","?","?","E","R","M","T","?","E","M","R","$","R","BOSS","M","?","?","?","?","R","E","R","T","R","E","?"],"build_version":"2018-06-07v3","seed_source_timestamp":5876312489000,"purchased_purges":1,"victory":false,"master_deck":["Defend_G","Defend_G+1","Defend_G","Defend_G","Defend_G+1","Strike_G","Strike_G","Strike_G","Strike_G","Strike_G","Survivor","Neutralize","Predator+1","Poisoned Stab","Neutralize","Bouncing Flask+1","Dagger Throw","Noxious Fumes+1","Sucker Punch","Venomology","Noxious Fumes+1","Catalyst+1","Deadly Poison","Catalyst","Setup","Madness","Dagger Spray"],"max_hp_per_floor":[84,84,84,84,78,78,78,78,78,78,78,78,78,78,78,78,78,78,78,78,78,78,78,78,78,78,78,78,78],"relics":["Ring of the Snake","Smiling Mask","Golden Idol","Bottled Flame","Snake Skull","Potion Belt","Anchor","Vajra","Lizard Tail","Paper Crane","Art of War","War Paint"],"card_choices":[{"not_picked":["Prepared","Well Laid Plans"],"picked":"Predator","floor":1.0},{"not_picked":["Reflex","Noxious Fumes"],"picked":"Bouncing Flask","floor":6.0},{"not_picked":["Accuracy","Acrobatics"],"picked":"Dagger Throw","floor":8.0},{"not_picked":["Reflex","Endless Agony"],"picked":"Noxious Fumes","floor":11.0},{"not_picked":["Cloak And Dagger","Noxious Fumes"],"picked":"Sucker Punch","floor":12.0},{"not_picked":["Corpse Explosion","Tactician"],"picked":"Venomology","floor":16.0},{"not_picked":["Backflip","Deflect"],"picked":"Noxious Fumes+1","floor":18},{"not_picked":["Sucker Punch","Eviscerate"],"picked":"Catalyst","floor":19},{"not_picked":["Dagger Throw","Slice","A Thousand Cuts"],"picked":"SKIP","floor":24},{"not_picked":["Predator","Infinite Blades"],"picked":"Dagger Spray","floor":28}],"player_experience":680150,"potions_floor_usage":[18,19,24,24,28,28,29],"damage_taken":[{"damage":1.0,"enemies":"Jaw Worm","floor":1.0,"turns":4.0},{"damage":12.0,"enemies":"Gremlin Nob","floor":6.0,"turns":3.0},{"damage":0.0,"enemies":"Cultist","floor":8.0,"turns":3.0},{"damage":15.0,"enemies":"3 Sentries","floor":11.0,"turns":6.0},{"damage":3.0,"enemies":"Small Slimes","floor":12.0,"turns":3.0},{"damage":9.0,"enemies":"Slime Boss","floor":16.0,"turns":7.0},{"damage":21,"enemies":"3 Byrds","floor":18,"turns":6},{"damage":11,"enemies":"Chosen","floor":19,"turns":4},{"damage":19,"enemies":"Book of Stabbing","floor":24,"turns":4},{"damage":42,"enemies":"Slavers","floor":28,"turns":4},{"damage":19,"floor":29,"turns":3}],"relics_obtained":[{"floor":4.0,"key":"Smiling Mask"},{"floor":6.0,"key":"Bottled Flame"},{"floor":9.0,"key":"Snake Skull"},{"floor":11.0,"key":"Anchor"},{"floor":24,"key":"Paper Crane"},{"floor":26,"key":"Art of War"},{"floor":28,"key":"War Paint"}],"event_choices":[{"event_name":"Match and Keep!","player_choice":"2 cards matched","floor":2.0,"damage_taken":0.0},{"event_name":"The Lab","player_choice":"Got Potions","floor":3.0,"damage_taken":0.0},{"event_name":"Golden Idol","player_choice":"Lose Max HP","floor":5.0,"damage_taken":0.0},{"event_name":"Big Fish","player_choice":"Box","floor":10.0,"damage_taken":0.0},{"event_name":"The Library","player_choice":"Read","floor":20,"damage_taken":0},{"event_name":"Duplicator","player_choice":"One dupe","floor":21,"damage_taken":0},{"event_name":"Masked Bandits","player_choice":"Fought over 127 gold","floor":29,"damage_taken":0}],"boss_relics":[{"not_picked":["Snecko Eye","Runic Dome"],"picked":"Lizard Tail"}],"items_purged_floors":[],"potions_floor_spawned":[1,11,16,19],"seed_played":"9058876457835628897","ascension_level":6,"potions_obtained":[{"floor":1.0,"key":"EntropicBrew"},{"floor":3.0,"key":"SpeedPotion"},{"floor":3.0,"key":"SteroidPotion"},{"floor":11.0,"key":"FairyPotion"},{"floor":16.0,"key":"SteroidPotion"},{"floor":19,"key":"EssenceOfSteel"}],"is_trial":false}