{"gold_per_floor":[111,91,16,33,57,57,71,71,71,71,84,84,101,136,136,234,234,253,54,54,54,67,94,94,107,107,107,136,87,87,107,107,203,203,218,218,238,90,0,0,17,17,17,32,44,70,70,87,87,87],"floor_reached":51,"playtime":3304,"items_purged":["Defend_R"],"score":1039,"play_id":"f1aadafb-4531-45d6-a637-14e71b88b26c","local_time":"20190119122539","is_ascension_mode":true,"campfire_choices":[{"data":"Metallicize","floor":6.0,"key":"SMITH"},{"data":"Seeing Red","floor":8.0,"key":"SMITH"},{"data":"Spot Weakness","floor":15.0,"key":"SMITH"},{"floor":24.0,"key":"REST"},{"floor":27.0,"key":"REST"},{"floor":32.0,"key":"REST"},{"data":"Feed","floor":40.0,"key":"SMITH"},{"floor":42.0,"key":"REST"},{"floor":49.0,"key":"REST"}],"neow_cost":"NONE","seed_source_timestamp":12583651736383296,"circlet_count":0,"master_deck":["Strike_R+1","Strike_R+1","Strike_R+1","Strike_R+1","Defend_R+1","Defend_R+1","Defend_R+1","Bash+1","Metallicize+1","Seeing Red+1","Spot Weakness+1","Feed","Metallicize+1","Fire Breathing+1","Inflame+1","Feed+1","Shockwave","Blood for Blood"],"special_seed":0,"relics":["Burning Blood","Centennial Puzzle","Orichalcum","Anchor","Art of War","Velvet Choker","DollysMirror","Happy Flower","Meat on the Bone","Shuriken","Red Skull","Red Mask","Ice Cream","Bronze Scales"],"potions_floor_usage":[50,50,50],"damage_taken":[{"damage":20.0,"enemies":"Small Slimes","floor":1.0,"turns":4.0},{"damage":2.0,"enemies":"Cultist","floor":4.0,"turns":4.0},{"damage":2.0,"enemies":"Jaw Worm","floor":7.0,"turns":3.0},{"damage":0.0,"enemies":"2 Fungi Beasts","floor":11.0,"turns":4.0},{"damage":0.0,"enemies":"Exordium Thugs","floor":13.0,"turns":5.0},{"damage":10.0,"enemies":"3 Sentries","floor":14.0,"turns":11.0},{"damage":44.0,"enemies":"Slime Boss","floor":16.0,"turns":13.0},{"damage":15.0,"enemies":"Shell Parasite","floor":18.0,"turns":4.0},{"damage":8.0,"enemies":"Spheric Guardian","floor":22.0,"turns":4.0},{"damage":49.0,"enemies":"Gremlin Leader","floor":23.0,"turns":6.0},{"damage":10.0,"enemies":"Snecko","floor":25.0,"turns":5.0},{"damage":38.0,"enemies":"Slavers","floor":28.0,"turns":5.0},{"damage":2.0,"enemies":"Cultist and Chosen","floor":31.0,"turns":6.0},{"damage":61.0,"enemies":"Champ","floor":33.0,"turns":11.0},{"damage":15.0,"enemies":"Orb Walker","floor":35.0,"turns":6.0},{"damage":9.0,"enemies":"3 Darklings","floor":37.0,"turns":5.0},{"damage":32.0,"enemies":"4 Shapes","floor":41.0,"turns":11.0},{"damage":9.0,"enemies":"Spire Growth","floor":44.0,"turns":5.0},{"damage":21.0,"enemies":"Sphere and 2 Shapes","floor":45.0,"turns":5.0},{"damage":67.0,"enemies":"Nemesis","floor":46.0,"turns":9.0},{"damage":10.0,"enemies":"4 Shapes","floor":48.0,"turns":9.0},{"damage":88,"enemies":"Donu and Deca","floor":50,"turns":10}],"seed_played":"-6538654240033014875","potions_obtained":[{"floor":2.0,"key":"Fire Potion"},{"floor":11.0,"key":"FearPotion"},{"floor":16.0,"key":"SteroidPotion"},{"floor":23.0,"key":"LiquidBronze"},{"floor":25.0,"key":"PowerPotion"},{"floor":28.0,"key":"EssenceOfSteel"},{"floor":41.0,"key":"Poison Potion"},{"floor":46.0,"key":"Explosive Potion"}],"is_trial":false,"path_per_floor":["M","?","$","M","T","R","M","R","T","?","M","?","M","E","R","B",null,"M","$","?","?","M","E","R","M","T","R","E","$","?","M","R","B",null,"M","?","M","$","?","R","M","R","T","M","M","E","?","M","R","B",null],"character_chosen":"IRONCLAD","items_purchased":["DollysMirror","Dexterity Potion","Red Skull"],"campfire_rested":5,"item_purchase_floors":[19,29,38],"current_hp_per_floor":[58,58,58,62,62,62,66,66,66,66,72,77,83,79,79,41,74,68,68,68,68,69,26,53,52,52,80,63,63,63,70,100,57,89,83,83,80,80,80,80,73,106,106,103,95,46,46,61,98,28],"gold":87,"neow_bonus":"RANDOM_COMMON_RELIC","is_prod":false,"is_daily":false,"chose_seed":false,"campfire_upgraded":4,"win_rate":0,"timestamp":1547897139,"path_taken":["M","?","?","M","?","R","M","R","T","?","?","?","M","E","R","BOSS","M","$","?","?","M","E","R","M","T","R","E","$","?","M","R","BOSS","M","?","M","$","?","R","M","R","T","M","M","E","?","M","R","BOSS"],"build_version":"2019-01-17v2","purchased_purges":1,"victory":true,"max_hp_per_floor":[80,80,80,80,80,80,80,80,80,80,80,85,85,85,85,85,85,88,88,88,88,91,91,91,94,94,94,97,97,97,100,100,100,100,103,103,103,103,103,103,110,110,110,110,117,117,117,124,124,124],"card_choices":[{"not_picked":["Cleave","Rampage"],"picked":"Metallicize","floor":1.0},{"not_picked":["Heavy Blade","Rupture"],"picked":"Seeing Red","floor":4.0},{"not_picked":["Cleave","Disarm","Havoc"],"picked":"SKIP","floor":7.0},{"not_picked":["Thunderclap","Havoc","Wild Strike"],"picked":"SKIP","floor":11.0},{"not_picked":["Wild Strike","Barricade","Blood for Blood"],"picked":"SKIP","floor":13.0},{"not_picked":["Thunderclap","Disarm"],"picked":"Spot Weakness","floor":14.0},{"not_picked":["Immolate","Impervious"],"picked":"Feed","floor":16.0},{"not_picked":["Armaments+1","Perfected Strike","Body Slam"],"picked":"SKIP","floor":18.0},{"not_picked":["Uppercut+1","Headbutt"],"picked":"Fire Breathing+1","floor":22.0},{"not_picked":["Disarm","Burning Pact+1"],"picked":"Inflame+1","floor":23.0},{"not_picked":["Power Through","Clothesline","Uppercut+1"],"picked":"SKIP","floor":25.0},{"not_picked":["Anger","Clothesline","Perfected Strike"],"picked":"SKIP","floor":28.0},{"not_picked":["Thunderclap","Wild Strike","Feel No Pain+1"],"picked":"SKIP","floor":31.0},{"not_picked":["Immolate","Barricade"],"picked":"Feed","floor":33.0},{"not_picked":["Body Slam","Anger","Reckless Charge"],"picked":"SKIP","floor":35.0},{"not_picked":["Anger+1","Rage+1","Cleave"],"picked":"SKIP","floor":37.0},{"not_picked":["Warcry+1","Clash+1"],"picked":"Shockwave","floor":41.0},{"not_picked":["Double Tap","Twin Strike","Perfected Strike"],"picked":"SKIP","floor":44.0},{"not_picked":["Thunderclap+1","Armaments+1","Intimidate"],"picked":"SKIP","floor":45.0},{"not_picked":["Headbutt+1","Power Through"],"picked":"Blood for Blood","floor":46.0},{"not_picked":["Havoc+1","Pommel Strike+1","Cleave+1"],"picked":"SKIP","floor":48.0}],"player_experience":272498,"relics_obtained":[{"floor":5.0,"key":"Orichalcum"},{"floor":9.0,"key":"Anchor"},{"floor":14.0,"key":"Art of War"},{"floor":23.0,"key":"Happy Flower"},{"floor":26.0,"key":"Meat on the Bone"},{"floor":28.0,"key":"Shuriken"},{"floor":43.0,"key":"Ice Cream"},{"floor":46.0,"key":"Bronze Scales"}],"event_choices":[{"damage_healed":0.0,"max_hp_gain":0.0,"max_hp_loss":0.0,"gold_gain":0.0,"event_name":"The Woman in Blue","player_choice":"Bought 1 Potion","floor":2.0,"gold_loss":0.0,"damage_taken":0.0},{"damage_healed":0.0,"max_hp_gain":0.0,"max_hp_loss":0.0,"gold_gain":0.0,"event_name":"Upgrade Shrine","player_choice":"Upgraded","floor":10.0,"gold_loss":0.0,"damage_taken":0.0,"cards_upgraded":["Bash"]},{"damage_healed":0.0,"max_hp_gain":5.0,"max_hp_loss":0.0,"gold_gain":0.0,"event_name":"Big Fish","player_choice":"Donut","floor":12.0,"gold_loss":0.0,"damage_taken":0.0},{"damage_healed":0.0,"max_hp_gain":0.0,"max_hp_loss":0.0,"gold_gain":0.0,"event_name":"Back to Basics","player_choice":"Simplicity","floor":20.0,"gold_loss":0.0,"damage_taken":0.0,"cards_upgraded":["Strike_R","Strike_R","Strike_R","Strike_R","Strike_R","Defend_R","Defend_R","Defend_R"]},{"damage_healed":0.0,"max_hp_gain":0.0,"max_hp_loss":0.0,"gold_gain":0.0,"event_name":"Beggar","player_choice":"Ignored","floor":21.0,"gold_loss":0.0,"damage_taken":0.0},{"damage_healed":0.0,"max_hp_gain":0.0,"max_hp_loss":0.0,"gold_gain":0.0,"event_name":"Match and Keep!","player_choice":"0 cards matched","floor":30.0,"gold_loss":0.0,"damage_taken":0.0,"cards_obtained":[]},{"cards_removed":["Strike_R"],"damage_healed":0.0,"max_hp_gain":0.0,"max_hp_loss":0.0,"gold_gain":0.0,"event_name":"Falling","player_choice":"Removed Attack","floor":36.0,"gold_loss":0.0,"damage_taken":0.0},{"damage_healed":0.0,"max_hp_gain":0.0,"max_hp_loss":0.0,"gold_gain":0.0,"event_name":"Tomb of Lord Red Mask","player_choice":"Paid","floor":39.0,"gold_loss":90.0,"damage_taken":0.0,"relics_obtained":["Red Mask"]},{"damage_healed":0.0,"max_hp_gain":0.0,"max_hp_loss":0.0,"gold_gain":0.0,"event_name":"Mysterious Sphere","player_choice":"Ignored","floor":47.0,"gold_loss":0.0,"damage_taken":0.0}],"is_beta":false,"boss_relics":[{"not_picked":["Busted Crown","Snecko Eye"],"picked":"Velvet Choker"},{"not_picked":["Coffee Dripper","Fusion Hammer","Calling Bell"]}],"items_purged_floors":[3],"is_endless":false,"potions_floor_spawned":[11,16,23,25,28,41,46,48],"ascension_level":9}