{"path_per_floor":["M","M","M","M","?","E","?","E","T","$","M","M","E","?","R","B",null,"M","M","$","?"],"character_chosen":"IRONCLAD","items_purchased":["Regen Potion","Strength Potion","Thunderclap","Bottled Flame"],"gold_per_floor":[111,130,146,165,135,170,170,197,197,71,83,96,126,126,126,223,223,241,257,5,5,5],"floor_reached":22,"campfire_rested":1,"playtime":916,"current_hp_per_floor":[79,79,80,80,80,67,59,47,47,47,38,41,23,23,47,13,80,55,11,11,11,0],"items_purged":[],"gold":5,"score":252,"play_id":"edac1666-03e4-4c2f-949b-c17e4bca3b33","local_time":"20180502131923","is_prod":false,"is_daily":false,"chose_seed":false,"is_ascension_mode":true,"campfire_upgraded":0,"timestamp":1525259963,"path_taken":["M","M","M","M","?","E","?","E","T","$","M","M","E","?","R","BOSS","M","M","$","?","M"],"build_version":"2018-04-28v2","seed_source_timestamp":849365819654242,"purchased_purges":0,"victory":false,"master_deck":["Bash","Perfected Strike","Rupture","Bloodletting","Cleave","Pommel Strike","Spot Weakness","Thunderclap","Perfected Strike","Rage","Blood for Blood","Brutality","Pommel Strike","Dropkick","Perfected Strike","Feel No Pain","Rupture","Perfected Strike","Warcry","Havoc","Clash","Armaments+1","Second Wind+1","Normality"],"max_hp_per_floor":[80,80,80,80,80,80,80,80,80,80,80,80,80,80,80,80,80,80,80,80,80,80],"relics":["Burning Blood","Ginger","Bottled Tornado","Shuriken","Bag of Marbles","Pandora\u0027s Box","Bottled Flame","Question Card"],"card_choices":[{"not_picked":["Cleave","Entrench"],"picked":"Perfected Strike","floor":1},{"not_picked":["Anger","Thunderclap"],"picked":"Rupture","floor":2},{"not_picked":["Heavy Blade","Cleave"],"picked":"Bloodletting","floor":3},{"not_picked":["Clash","Havoc"],"picked":"Cleave","floor":4},{"not_picked":["Headbutt","Reckless Charge"],"picked":"Pommel Strike","floor":6},{"not_picked":["Inflame","Armaments"],"picked":"Spot Weakness","floor":8},{"not_picked":["Disarm","Cleave"],"picked":"Perfected Strike","floor":11},{"not_picked":["Pummel","Cleave"],"picked":"Rage","floor":12},{"not_picked":["Headbutt","Cleave"],"picked":"Blood for Blood","floor":13},{"not_picked":["Berserk","Fiend Fire"],"picked":"Brutality","floor":16},{"not_picked":["Rupture","Corruption"],"picked":"Armaments","floor":18},{"not_picked":["True Grit","Wild Strike"],"picked":"Second Wind","floor":19}],"player_experience":400394,"potions_floor_usage":[6,6,6,8,13,13,13,16],"damage_taken":[{"damage":7,"enemies":"Small Slimes","floor":1,"turns":3},{"damage":6,"enemies":"Cultist","floor":2,"turns":3},{"damage":0,"enemies":"2 Louse","floor":3,"turns":2},{"damage":5,"enemies":"2 Fungi Beasts","floor":4,"turns":4},{"damage":19,"enemies":"Lagavulin","floor":6,"turns":4},{"damage":18,"enemies":"3 Sentries","floor":8,"turns":6},{"damage":15,"enemies":"Looter","floor":11,"turns":3},{"damage":3,"enemies":"Large Slime","floor":12,"turns":2},{"damage":33,"enemies":"Lagavulin","floor":13,"turns":4},{"damage":40,"enemies":"The Guardian","floor":16,"turns":10},{"damage":31,"enemies":"2 Thieves","floor":18,"turns":3},{"damage":50,"enemies":"Shell Parasite","floor":19,"turns":4},{"damage":18,"enemies":"Snecko","floor":22,"turns":2}],"event_choices":[{"event_name":"The Woman in Blue","player_choice":"Bought 2 Potions","floor":5,"damage_taken":0},{"event_name":"Wheel of Change","player_choice":"Damage","floor":7,"damage_taken":0},{"event_name":"Golden Idol","player_choice":"Ignored","floor":14,"damage_taken":0},{"event_name":"Accursed Blacksmith","player_choice":"Rummage","floor":21,"damage_taken":0}],"boss_relics":[{"not_picked":["Tiny House","Eternal Feather"],"picked":"Pandora\u0027s Box"}],"potions_floor_spawned":[4,6,8,11,13],"seed_played":"1881006447634746683","killed_by":"Snecko","ascension_level":2,"is_trial":false}