{"gold_per_floor":[116,116,134,151,151,151,194,194,218,218,249,249,249,267,267,391,391,412,412,66,87,87,128,146,146,146,161,185,100,140,140,140,140],"floor_reached":33,"playtime":896,"items_purged":[],"score":440,"play_id":"ed700299-533c-4b1c-9b40-02f52263d0f2","local_time":"20181108153134","is_ascension_mode":true,"campfire_choices":[{"data":"Redo","floor":6,"key":"SMITH"},{"floor":8,"key":"REST"},{"data":"Zap","floor":10,"key":"SMITH"},{"floor":15,"key":"REST"},{"floor":25,"key":"REST"},{"floor":32,"key":"REST"}],"neow_cost":"NONE","seed_source_timestamp":78013741561851,"circlet_count":0,"master_deck":["AscendersBane","Strike_B","Defend_B+1","Defend_B","Defend_B","Zap+1","Dualcast","Loop","Tempest+1","Ball Lightning+1","Redo+1","White Noise","Ball Lightning","All For One","Coolheaded+1","Hello World+1","Thunder Strike+1","Self Repair+1","Auto Shields","Tempest","Capacitor+1","Conserve Battery","Echo Form"],"relics":["Cracked Core","Golden Idol","Bag of Preparation","Orichalcum","Sundial","DataDisk","Astrolabe","Cables","Gremlin Horn","Regal Pillow","Boot","Bag of Marbles","Molten Egg 2"],"potions_floor_usage":[7,11,16,23,23,23,23,24,30,33],"damage_taken":[{"damage":6,"enemies":"Cultist","floor":1,"turns":3},{"damage":10,"enemies":"Small Slimes","floor":3,"turns":2},{"damage":3,"enemies":"2 Louse","floor":4,"turns":3},{"damage":38,"enemies":"Gremlin Nob","floor":7,"turns":4},{"damage":14,"enemies":"Lagavulin","floor":11,"turns":4},{"damage":0,"enemies":"Looter","floor":14,"turns":2},{"damage":8,"enemies":"Hexaghost","floor":16,"turns":7},{"damage":3,"enemies":"Shell Parasite","floor":18,"turns":3},{"damage":2,"enemies":"Chosen","floor":21,"turns":3},{"damage":56,"enemies":"Slavers","floor":23,"turns":4},{"damage":0,"enemies":"3 Cultists","floor":24,"turns":3},{"damage":28,"enemies":"Sentry and Sphere","floor":27,"turns":4},{"damage":7,"enemies":"Cultist and Chosen","floor":28,"turns":4},{"damage":9,"enemies":"Gremlin Leader","floor":30,"turns":3},{"damage":67,"enemies":"Automaton","floor":33,"turns":8}],"seed_played":"9174381280198139369","potions_obtained":[{"floor":3,"key":"EssenceOfSteel"},{"floor":4,"key":"Strength Potion"},{"floor":7,"key":"AttackPotion"},{"floor":21,"key":"GamblersBrew"},{"floor":27,"key":"Strength Potion"},{"floor":30,"key":"Weak Potion"}],"is_trial":false,"path_per_floor":["M","?","M","M","?","R","E","R","T","R","E","?","T","M","R","B",null,"M","?","$","M","T","E","M","R","T","M","M","?","E","$","R","B"],"character_chosen":"DEFECT","items_purchased":["Cables","EntropicBrew"],"campfire_rested":4,"item_purchase_floors":[20,20],"current_hp_per_floor":[62,62,52,49,49,49,11,31,31,31,17,3,3,3,23,15,56,53,53,53,61,61,15,15,50,50,32,35,35,36,36,69,2],"gold":140,"neow_bonus":"THREE_CARDS","is_prod":false,"is_daily":false,"chose_seed":false,"campfire_upgraded":2,"win_rate":0,"timestamp":1541687494,"path_taken":["M","?","M","M","?","R","E","R","T","R","E","?","?","M","R","BOSS","M","?","?","M","?","E","M","R","T","?","M","?","E","$","R","BOSS"],"build_version":"2018-11-01","purchased_purges":0,"victory":false,"max_hp_per_floor":[75,75,75,75,69,69,69,69,69,69,69,69,69,69,69,69,69,69,69,69,69,69,69,69,69,69,69,69,69,69,69,69,69],"card_choices":[{"not_picked":["Recycle","Redo"],"picked":"Loop","floor":0},{"not_picked":["Go for the Eyes","Gash"],"picked":"Tempest","floor":1},{"not_picked":["Redo","Streamline"],"picked":"Ball Lightning","floor":3},{"not_picked":["Barrage","Turbo"],"picked":"Redo","floor":4},{"not_picked":["Sweeping Beam","Stack"],"picked":"White Noise","floor":7},{"not_picked":["Reprogram","Compile Driver","Fusion"],"picked":"SKIP","floor":11},{"not_picked":["Biased Cognition","Beam Cell"],"picked":"Ball Lightning","floor":14},{"not_picked":["Meteor Strike","Biased Cognition"],"picked":"All For One","floor":16},{"not_picked":["Turbo+1","Genetic Algorithm"],"picked":"Self Repair+1","floor":18},{"not_picked":["Sunder+1","Loop"],"picked":"Tempest","floor":21},{"not_picked":["Tempest","Cold Snap","Rebound"],"picked":"SKIP","floor":23},{"not_picked":["Sweeping Beam","Meteor Strike"],"picked":"Capacitor+1","floor":24},{"not_picked":["Heatsinks","Rebound"],"picked":"Conserve Battery","floor":27},{"not_picked":["Leap","Force Field","Turbo"],"picked":"SKIP","floor":28},{"not_picked":["Leap","Beam Cell"],"picked":"Echo Form","floor":30}],"player_experience":1145550,"relics_obtained":[{"floor":7,"key":"Bag of Preparation"},{"floor":9,"key":"Orichalcum"},{"floor":11,"key":"Sundial"},{"floor":13,"key":"DataDisk"},{"floor":22,"key":"Gremlin Horn"},{"floor":23,"key":"Regal Pillow"},{"floor":26,"key":"Boot"},{"floor":30,"key":"Molten Egg 2"}],"event_choices":[{"damage_healed":0,"gold_gain":0,"player_choice":"Grow","damage_taken":0,"max_hp_gain":0,"max_hp_loss":0,"event_name":"Living Wall","floor":2,"gold_loss":0,"cards_upgraded":["Tempest"]},{"damage_healed":0,"gold_gain":0,"player_choice":"Lose Max HP","damage_taken":0,"relics_obtained":["Golden Idol"],"max_hp_gain":0,"max_hp_loss":6,"event_name":"Golden Idol","floor":5,"gold_loss":0},{"damage_healed":0,"gold_gain":0,"player_choice":"Entered Light","damage_taken":14,"max_hp_gain":0,"max_hp_loss":0,"event_name":"Shining Light","floor":12,"gold_loss":0,"cards_upgraded":["Ball Lightning","Defend_B"]},{"damage_healed":0,"gold_gain":0,"cards_transformed":["Strike_B"],"player_choice":"Transformed","damage_taken":0,"max_hp_gain":0,"max_hp_loss":0,"event_name":"Transmorgrifier","floor":19,"gold_loss":0,"cards_obtained":["Auto Shields"]},{"damage_healed":0,"gold_gain":0,"player_choice":"Obtained Relic","damage_taken":0,"relics_obtained":["Bag of Marbles"],"max_hp_gain":0,"max_hp_loss":0,"event_name":"Addict","floor":29,"gold_loss":85}],"is_beta":false,"boss_relics":[{"not_picked":["Lizard Tail","Fusion Hammer"],"picked":"Astrolabe"}],"items_purged_floors":[],"is_endless":false,"potions_floor_spawned":[3,4,7,21,27,30],"killed_by":"Automaton","ascension_level":10}