{"path_per_floor":["M","M","$","M","?","E","M","R","T","M","$","R","E","M","R","B",null,"M","?","M","?","M","R","E","R","T","$","R","M","M","E","R","B",null,"M","?","?","$","?","R","E","?","T","$","E","$","M","E","R","B"],"character_chosen":"IRONCLAD","items_purchased":["Pommel Strike","Rage","Madness","Blood Vial","Oddly Smooth Stone","Strength Potion","Block Potion","Anger"],"gold_per_floor":[116,130,32,47,47,81,95,95,171,190,16,16,41,59,59,164,164,177,177,193,108,119,119,152,152,152,4,4,22,40,74,74,178,178,190,190,243,34,34,34,65,65,65,17,51,3,18,44,44,44],"floor_reached":51,"campfire_rested":4,"playtime":2205,"item_purchase_floors":[3,11,11,27,38,38,44,46],"current_hp_per_floor":[74,79,79,77,77,67,39,39,39,36,36,60,62,57,57,29,67,53,53,55,55,54,78,67,67,67,67,67,71,70,74,74,56,74,56,56,56,56,56,80,73,63,63,63,62,62,55,44,80,28],"items_purged":["Strike_R"],"gold":44,"score":1045,"play_id":"d12f93dd-4494-415f-84ad-7d0a0ab94a0f","local_time":"20180525120628","is_prod":false,"is_daily":false,"chose_seed":false,"is_ascension_mode":true,"campfire_upgraded":5,"win_rate":0,"timestamp":1527242788,"campfire_choices":[{"data":"Disarm","floor":8,"key":"SMITH"},{"floor":12,"key":"REST"},{"data":"Madness","floor":15,"key":"SMITH"},{"floor":23,"key":"REST"},{"data":"Spot Weakness","floor":25,"key":"SMITH"},{"data":"Rage","floor":28,"key":"SMITH"},{"data":"Iron Wave","floor":32,"key":"SMITH"},{"floor":40,"key":"REST"},{"floor":49,"key":"REST"}],"path_taken":["M","M","$","M","?","E","M","R","T","?","$","R","E","M","R","BOSS","M","?","M","?","M","R","E","R","T","?","R","?","M","E","R","BOSS","M","?","?","?","?","R","E","?","T","$","E","?","M","E","R","BOSS"],"build_version":"2018-05-24","seed_source_timestamp":91393964491974,"purchased_purges":1,"victory":true,"master_deck":["Strike_R","Strike_R","Strike_R","Defend_R","Defend_R","Defend_R","Bash+1","Anger","Disarm+1","Pommel Strike","Warcry+1","Twin Strike","Anger","Spot Weakness+1","Shrug It Off","Rage+1","Madness+1","Anger","Headbutt","Offering","Injury","Injury","Doubt","Iron Wave+1","Iron Wave+1","Offering","Iron Wave","Armaments+1","Heavy Blade+1","Anger+1","Double Tap","Pommel Strike","Heavy Blade+1","Spot Weakness+1","Offering","Body Slam+1","Madness","Madness+1","Anger","Warcry+1"],"max_hp_per_floor":[80,80,80,80,80,80,80,80,80,80,80,80,80,80,80,80,80,80,80,80,80,80,80,80,80,80,80,80,80,80,80,80,80,80,80,80,80,80,80,80,80,80,80,80,80,80,80,80,80,80],"relics":["Burning Blood","Gambling Chip","Kunai","Ancient Tea Set","Vajra","Darkstone Periapt","Du-Vu Doll","Nloth\u0027s Gift","Matryoshka","Shuriken","Orichalcum","Mercury Hourglass","Blood Vial","Bag of Preparation","White Beast Statue","Magic Flower","Oddly Smooth Stone","Regal Pillow","Potion Belt","Centennial Puzzle","War Paint","Boot"],"card_choices":[{"not_picked":["Heavy Blade","Disarm"],"picked":"Anger","floor":1},{"not_picked":["Entrench","Feel No Pain"],"picked":"Disarm","floor":2},{"not_picked":["Twin Strike","Sword Boomerang"],"picked":"Warcry","floor":4},{"not_picked":["Fire Breathing","Ghostly Armor"],"picked":"Anger","floor":6},{"not_picked":["Sever Soul","Thunderclap"],"picked":"Spot Weakness","floor":7},{"not_picked":["Flame Barrier","Infernal Blade"],"picked":"Shrug It Off","floor":10},{"not_picked":["Limit Break","Infernal Blade"],"picked":"Anger","floor":13},{"not_picked":["Rupture","Evolve"],"picked":"Headbutt","floor":14},{"not_picked":["Juggernaut","Exhume"],"picked":"Offering","floor":16},{"not_picked":["Pummel","Armaments"],"picked":"Iron Wave+1","floor":18},{"not_picked":["Perfected Strike","Rupture"],"picked":"Iron Wave","floor":20},{"not_picked":["Clothesline+1","Shockwave"],"picked":"Offering","floor":22},{"not_picked":["Headbutt","Berserk"],"picked":"Iron Wave","floor":24},{"not_picked":["Corruption","Body Slam"],"picked":"Armaments+1","floor":29},{"not_picked":["Fire Breathing","Anger"],"picked":"Heavy Blade+1","floor":30},{"not_picked":["Iron Wave+1","Dual Wield"],"picked":"Anger+1","floor":31},{"not_picked":["Feed","Immolate"],"picked":"Double Tap","floor":33},{"not_picked":["Wild Strike+1","Armaments"],"picked":"Pommel Strike","floor":35},{"not_picked":["Sword Boomerang","Thunderclap"],"picked":"Spot Weakness+1","floor":37},{"not_picked":["Sword Boomerang","Clothesline+1"],"picked":"Body Slam+1","floor":41},{"not_picked":["Perfected Strike","Armaments+1","Immolate"],"picked":"SKIP","floor":45},{"not_picked":["Twin Strike","Intimidate"],"picked":"Warcry+1","floor":47},{"not_picked":["Twin Strike+1","True Grit","Reaper"],"picked":"SKIP","floor":48}],"player_experience":514959,"potions_floor_usage":[13,13,13,18,24,31,31,33,45,48,48,50,50,50,50],"damage_taken":[{"damage":12,"enemies":"Small Slimes","floor":1,"turns":3},{"damage":1,"enemies":"Cultist","floor":2,"turns":3},{"damage":8,"enemies":"2 Louse","floor":4,"turns":3},{"damage":16,"enemies":"Gremlin Nob","floor":6,"turns":3},{"damage":34,"enemies":"Exordium Thugs","floor":7,"turns":5},{"damage":9,"enemies":"Large Slime","floor":10,"turns":5},{"damage":12,"enemies":"3 Sentries","floor":13,"turns":5},{"damage":11,"enemies":"Exordium Wildlife","floor":14,"turns":4},{"damage":34,"enemies":"The Guardian","floor":16,"turns":8},{"damage":20,"enemies":"Shell Parasite","floor":18,"turns":3},{"damage":4,"enemies":"Spheric Guardian","floor":20,"turns":2},{"damage":7,"enemies":"Cultist and Chosen","floor":22,"turns":6},{"damage":17,"enemies":"Slavers","floor":24,"turns":4},{"damage":4,"enemies":"Chosen and Byrds","floor":29,"turns":3},{"damage":9,"enemies":"Snake Plant","floor":30,"turns":3},{"damage":4,"enemies":"Book of Stabbing","floor":31,"turns":2},{"damage":26,"enemies":"Collector","floor":33,"turns":5},{"damage":26,"enemies":"3 Darklings","floor":35,"turns":3},{"damage":8,"enemies":"Mysterious Sphere","floor":37,"turns":2},{"damage":16,"enemies":"2 Orb Walkers","floor":41,"turns":2},{"damage":13,"enemies":"Giant Head","floor":45,"turns":4},{"damage":19,"enemies":"3 Shapes","floor":47,"turns":3},{"damage":23,"enemies":"Nemesis","floor":48,"turns":3},{"damage":61,"enemies":"Donu and Deca","floor":50,"turns":6}],"relics_obtained":[{"floor":6,"key":"Gambling Chip"},{"floor":9,"key":"Kunai"},{"floor":13,"key":"Ancient Tea Set"},{"floor":17,"key":"Vajra"},{"floor":17,"key":"Darkstone Periapt"},{"floor":17,"key":"Du-Vu Doll"},{"floor":24,"key":"Shuriken"},{"floor":26,"key":"Orichalcum"},{"floor":26,"key":"Mercury Hourglass"},{"floor":31,"key":"Bag of Preparation"},{"floor":37,"key":"Magic Flower"},{"floor":41,"key":"Regal Pillow"},{"floor":43,"key":"Potion Belt"},{"floor":43,"key":"Centennial Puzzle"},{"floor":45,"key":"War Paint"},{"floor":48,"key":"Boot"}],"event_choices":[{"event_name":"Transmorgrifier","player_choice":"Transform","floor":5,"damage_taken":0},{"event_name":"N\u0027loth","player_choice":"Traded a Calling Bell","floor":19,"damage_taken":0},{"event_name":"Addict","player_choice":"Obtained Relic","floor":21,"damage_taken":0},{"event_name":"Duplicator","player_choice":"One dupe","floor":36,"damage_taken":0},{"event_name":"Mysterious Sphere","player_choice":"Fight","floor":37,"damage_taken":0},{"event_name":"Transmorgrifier","player_choice":"Transform","floor":39,"damage_taken":0},{"event_name":"Winding Halls","player_choice":"Embrace Madness","floor":42,"damage_taken":0}],"boss_relics":[{"not_picked":["Velvet Choker","Runic Pyramid"],"picked":"Calling Bell"},{"not_picked":["Eternal Feather","Black Blood"],"picked":"White Beast Statue"}],"items_purged_floors":[3],"potions_floor_spawned":[2,6,7,16,18,24,29,31,35,37,41,45,47,48],"seed_played":"3001405716257804515","ascension_level":5,"potions_obtained":[{"floor":2,"key":"Swift Potion"},{"floor":6,"key":"FearPotion"},{"floor":7,"key":"BloodPotion"},{"floor":16,"key":"AttackPotion"},{"floor":18,"key":"Dexterity Potion"},{"floor":24,"key":"FearPotion"},{"floor":29,"key":"SteroidPotion"},{"floor":31,"key":"SpeedPotion"},{"floor":35,"key":"Energy Potion"},{"floor":37,"key":"Weak Potion"},{"floor":45,"key":"Weak Potion"},{"floor":47,"key":"Block Potion"},{"floor":48,"key":"Block Potion"}],"is_trial":false}