{"gold_per_floor":[111,129,129,70,88,115,126,138,162,175,210,210,237,207,207,309,309,324,11,11,24,24],"floor_reached":22,"playtime":4369,"items_purged":[],"score":355,"play_id":"15d50099-d025-4a23-8935-1df635ec402c","local_time":"20190202230420","is_ascension_mode":true,"campfire_choices":[{"data":"Electrodynamics","floor":15,"key":"SMITH"}],"neow_cost":"NONE","seed_source_timestamp":637021523631605,"circlet_count":0,"master_deck":["AscendersBane","Strike_B","Strike_B","Strike_B","Strike_B","Defend_B","Defend_B","Defend_B+1","Defend_B","Zap","Dualcast","Self Repair","Self Repair","Coolheaded","Electrodynamics+1","Hologram","Conserve Battery","Reinforced Body+1","Self Repair","Seek","Recycle"],"relics":["Cracked Core","NeowsBlessing","PreservedInsect","Strawberry","Bag of Marbles","Bronze Scales","War Paint","Pear","Busted Crown","Shovel"],"potions_floor_usage":[8,11,11,13,16,18,22],"damage_taken":[{"damage":0,"enemies":"Small Slimes","floor":1,"turns":1},{"damage":0,"enemies":"Cultist","floor":2,"turns":1},{"damage":0,"enemies":"Jaw Worm","floor":5,"turns":1},{"damage":75,"enemies":"3 Sentries","floor":6,"turns":14},{"damage":6,"enemies":"2 Fungi Beasts","floor":7,"turns":2},{"damage":11,"enemies":"Red Slaver","floor":8,"turns":4},{"damage":7,"enemies":"Blue Slaver","floor":10,"turns":4},{"damage":13,"enemies":"Gremlin Nob","floor":11,"turns":3},{"damage":15,"enemies":"3 Sentries","floor":13,"turns":4},{"damage":25,"enemies":"The Guardian","floor":16,"turns":14},{"damage":15,"enemies":"Chosen","floor":18,"turns":4},{"damage":0,"enemies":"3 Byrds","floor":21,"turns":2},{"damage":24,"enemies":"Snecko","floor":22,"turns":4}],"seed_played":"-1788613207263259186","potions_obtained":[{"floor":6,"key":"Strength Potion"},{"floor":7,"key":"Dexterity Potion"},{"floor":10,"key":"Weak Potion"},{"floor":11,"key":"Fire Potion"},{"floor":13,"key":"GamblersBrew"},{"floor":14,"key":"Fire Potion"},{"floor":16,"key":"LiquidBronze"},{"floor":18,"key":"Swift Potion"}],"is_trial":false,"path_per_floor":["M","M","?","?","M","E","M","M","T","M","E","?","E","?","R","B",null,"M","$","?","M","M"],"character_chosen":"DEFECT","items_purchased":["Shovel"],"campfire_rested":0,"item_purchase_floors":[19],"current_hp_per_floor":[68,75,75,82,82,21,29,32,32,39,40,40,49,49,49,45,80,65,65,65,65,41],"gold":24,"neow_bonus":"THREE_ENEMY_KILL","is_prod":false,"is_daily":false,"chose_seed":false,"campfire_upgraded":1,"win_rate":0,"timestamp":1549145060,"path_taken":["M","M","?","?","?","E","M","M","T","M","E","?","E","?","R","BOSS","M","?","?","M","M"],"build_version":"2019-01-23","purchased_purges":0,"victory":false,"max_hp_per_floor":[75,75,75,82,82,82,82,82,82,82,82,82,92,92,92,92,92,92,92,92,92,92],"card_choices":[{"not_picked":["Barrage","Sweeping Beam"],"picked":"Self Repair","floor":1},{"not_picked":["Ball Lightning","Rebound"],"picked":"Self Repair","floor":2},{"not_picked":["Compile Driver","Stack"],"picked":"Coolheaded","floor":5},{"not_picked":["Barrage","Steam"],"picked":"Electrodynamics","floor":6},{"not_picked":["Steam","Streamline"],"picked":"Hologram","floor":7},{"not_picked":["Ball Lightning","Turbo"],"picked":"Conserve Battery","floor":8},{"not_picked":["Double Energy","Gash","Tempest"],"picked":"SKIP","floor":10},{"not_picked":["Meteor Strike","Auto Shields"],"picked":"Reinforced Body","floor":11},{"not_picked":["Leap","Barrage"],"picked":"Self Repair","floor":13},{"not_picked":["Biased Cognition","Buffer"],"picked":"Seek","floor":16},{"not_picked":["Tempest"],"picked":"SKIP","floor":18},{"not_picked":[],"picked":"Recycle","floor":21}],"player_experience":2110856,"relics_obtained":[{"floor":6,"key":"Bag of Marbles"},{"floor":9,"key":"Bronze Scales"},{"floor":11,"key":"War Paint"},{"floor":13,"key":"Pear"}],"event_choices":[{"damage_healed":0,"gold_gain":0,"player_choice":"Box","damage_taken":0,"relics_obtained":["PreservedInsect"],"max_hp_gain":0,"max_hp_loss":0,"event_name":"Big Fish","floor":3,"gold_loss":0,"cards_obtained":["Regret"]},{"damage_healed":0,"gold_gain":0,"player_choice":"Paid Gold","damage_taken":0,"relics_obtained":["Strawberry"],"max_hp_gain":0,"max_hp_loss":0,"event_name":"WeMeetAgain","floor":4,"gold_loss":59},{"cards_removed":["Regret"],"damage_healed":0,"gold_gain":0,"player_choice":"Forget","damage_taken":0,"max_hp_gain":0,"max_hp_loss":0,"event_name":"Living Wall","floor":12,"gold_loss":0},{"damage_healed":0,"gold_gain":0,"player_choice":"Bought 2 Potions","damage_taken":0,"max_hp_gain":0,"max_hp_loss":0,"event_name":"The Woman in Blue","floor":14,"gold_loss":0},{"damage_healed":0,"gold_gain":0,"player_choice":"Ignored","damage_taken":0,"max_hp_gain":0,"max_hp_loss":0,"event_name":"Beggar","floor":20,"gold_loss":0}],"is_beta":false,"boss_relics":[{"not_picked":["Black Star","Lizard Tail"],"picked":"Busted Crown"}],"items_purged_floors":[],"is_endless":false,"potions_floor_spawned":[6,7,10,11,13,16,18],"killed_by":"Snecko","ascension_level":12}