{"gold_per_floor":[99,99,99,99,99,99,99,99,99,18,18,0,0,0,0,0],"floor_reached":16,"playtime":678,"items_purged":[],"score":145,"play_id":"eb2dfbd3-23fb-491f-a3f9-8ac47f52e267","local_time":"20181005153139","is_ascension_mode":true,"campfire_choices":[{"data":"Zap","floor":6,"key":"SMITH"},{"data":"Dualcast","floor":13,"key":"SMITH"},{"floor":15,"key":"REST"}],"neow_cost":"NONE","seed_source_timestamp":309580770061407,"circlet_count":0,"master_deck":["Strike_B","Strike_B","Strike_B","Strike_B","Defend_B","Defend_B","Defend_B","Zap+1","Dualcast+1","Cold Snap","Sweeping Beam","Leap","Reinforced Body","BootSequence","Cold Snap","Reboot"],"relics":["Ectoplasm","Juzu Bracelet","Pear"],"potions_floor_usage":[7,7],"damage_taken":[{"damage":2,"enemies":"Jaw Worm","floor":1,"turns":3},{"damage":0,"enemies":"Small Slimes","floor":2,"turns":4},{"damage":0,"enemies":"Cultist","floor":3,"turns":4},{"damage":0,"enemies":"2 Fungi Beasts","floor":5,"turns":3},{"damage":24,"enemies":"Lagavulin","floor":7,"turns":7},{"damage":0,"enemies":"Blue Slaver","floor":8,"turns":3},{"damage":75,"enemies":"Hexaghost","floor":16,"turns":16}],"seed_played":"4297844281834032653","potions_obtained":[{"floor":1,"key":"SpeedPotion"},{"floor":2,"key":"Poison Potion"}],"is_trial":false,"path_per_floor":["M","M","M","?","M","R","E","M","T","$","?","?","R","$","R"],"character_chosen":"DEFECT","items_purchased":["Reboot"],"campfire_rested":1,"item_purchase_floors":[10],"current_hp_per_floor":[66,66,66,59,59,59,35,35,45,45,45,45,45,45,70,0],"gold":0,"neow_bonus":"BOSS_RELIC","is_prod":false,"is_daily":false,"chose_seed":false,"campfire_upgraded":2,"win_rate":0,"timestamp":1538746299,"path_taken":["M","M","M","?","M","R","E","M","T","$","?","?","R","?","R","BOSS"],"build_version":"2018-10-04","purchased_purges":0,"victory":false,"max_hp_per_floor":[75,75,75,75,75,75,75,75,85,85,85,85,85,85,85,85],"card_choices":[{"not_picked":["Reprogram","Stack"],"picked":"Cold Snap","floor":1},{"not_picked":["Cold Snap","Compile Driver"],"picked":"Sweeping Beam","floor":2},{"not_picked":["Gash","Steam"],"picked":"Leap","floor":3},{"not_picked":["Compile Driver","Leap"],"picked":"Reinforced Body","floor":5},{"not_picked":["Fusion","Gash"],"picked":"BootSequence","floor":7},{"not_picked":["Leap","Redo"],"picked":"Cold Snap","floor":8}],"player_experience":1034301,"relics_obtained":[{"floor":7,"key":"Juzu Bracelet"},{"floor":9,"key":"Pear"}],"event_choices":[{"event_name":"Golden Wing","player_choice":"Card Removal","floor":4,"damage_taken":0},{"event_name":"The Cleric","player_choice":"Leave","floor":11,"damage_taken":0},{"event_name":"World of Goop","player_choice":"Left","floor":12,"damage_taken":0}],"is_beta":false,"boss_relics":[],"items_purged_floors":[],"is_endless":false,"potions_floor_spawned":[1,2],"killed_by":"Hexaghost","ascension_level":9}