{"path_per_floor":["M","T","M","?","M","M","?","R","T","R","?","E","?","$","R","B",null,"M","?","?","M","$","R","?","R","T","M","M","M","M","?","R"],"character_chosen":"THE_SILENT","items_purchased":["Ninja Scroll","Vajra"],"gold_per_floor":[112,112,126,126,146,158,158,158,181,181,181,213,269,29,29,130,160,174,174,174,189,41,41,41,41,41,53,64,81,100,23,23,23],"floor_reached":33,"campfire_rested":2,"playtime":1113,"current_hp_per_floor":[70,70,70,63,62,49,70,70,70,70,70,40,31,31,31,43,75,69,69,55,31,31,55,55,55,55,39,24,20,18,18,42,0],"items_purged":[],"gold":23,"score":294,"play_id":"62303e80-dfa3-4064-a2c2-c584f2e67e5e","local_time":"20180511183842","is_prod":false,"is_daily":false,"chose_seed":false,"is_ascension_mode":true,"campfire_upgraded":4,"timestamp":1526056722,"path_taken":["M","?","M","?","M","M","?","R","T","R","?","E","?","$","R","BOSS","M","?","?","M","?","R","?","R","T","?","M","M","M","?","R","BOSS"],"build_version":"2018-05-10","seed_source_timestamp":2538573081951,"purchased_purges":0,"victory":false,"master_deck":["Defend_G","Defend_G","Defend_G","Defend_G","Defend_G","Strike_G+1","Strike_G+1","Strike_G","Strike_G","Survivor","Neutralize","Phantasmal Killer+1","Setup+1","Terror+1","Blade Dance+1","Dagger Spray","Calculated Gamble","Backflip+1","A Thousand Cuts+1","Flying Knee+1","Dagger Spray+1","Infinite Blades+1","Cloak And Dagger","Backstab","J.A.X."],"max_hp_per_floor":[70,70,70,70,70,70,70,70,70,70,70,70,70,70,70,70,75,75,75,80,80,80,80,80,80,80,80,80,80,80,80,80,80],"relics":["Ring of the Snake","Pantograph","Bag of Marbles","Omamori","Blood Vial","Whetstone","Ninja Scroll","Tiny House","Vajra","Kunai"],"card_choices":[{"not_picked":["Poisoned Stab","Dodge and Roll"],"picked":"Setup","floor":1},{"not_picked":["Flying Knee","Endless Agony"],"picked":"Terror","floor":3},{"not_picked":["Sucker Punch","Prepared"],"picked":"Blade Dance","floor":5},{"not_picked":["Expertise","Heel Hook"],"picked":"Dagger Spray","floor":6},{"not_picked":["Caltrops","PiercingWail"],"picked":"Calculated Gamble","floor":12},{"not_picked":["Deadly Poison","Tools of the Trade"],"picked":"Backflip","floor":13},{"not_picked":["Night Terror","Doppelganger"],"picked":"A Thousand Cuts","floor":16},{"not_picked":["Masterful Stab","Prepared"],"picked":"Flying Knee","floor":18},{"not_picked":["Deadly Poison","Prepared"],"picked":"Dagger Spray","floor":21},{"not_picked":["Backflip","Poisoned Stab"],"picked":"Infinite Blades","floor":27},{"not_picked":["Bane","Predator"],"picked":"Cloak And Dagger","floor":29},{"not_picked":["Slice","Well Laid Plans"],"picked":"Backstab","floor":30}],"player_experience":459500,"potions_floor_usage":[13,16,27,28,28,33,33],"damage_taken":[{"damage":0,"enemies":"Cultist","floor":1,"turns":4},{"damage":0,"enemies":"Jaw Worm","floor":3,"turns":3},{"damage":1,"enemies":"Small Slimes","floor":5,"turns":3},{"damage":13,"enemies":"3 Louse","floor":6,"turns":3},{"damage":30,"enemies":"Gremlin Nob","floor":12,"turns":4},{"damage":11,"enemies":"Lagavulin Event","floor":13,"turns":3},{"damage":15,"enemies":"Hexaghost","floor":16,"turns":9},{"damage":6,"enemies":"3 Byrds","floor":18,"turns":3},{"damage":26,"enemies":"Chosen","floor":21,"turns":4},{"damage":18,"enemies":"Snecko","floor":27,"turns":4},{"damage":17,"enemies":"Snake Plant","floor":28,"turns":3},{"damage":6,"enemies":"Centurion and Healer","floor":29,"turns":4},{"damage":4,"enemies":"Chosen and Byrds","floor":30,"turns":3},{"damage":71,"enemies":"Champ","floor":33,"turns":8}],"event_choices":[{"event_name":"Scrap Ooze","player_choice":"success","floor":4,"damage_taken":7},{"event_name":"Big Fish","player_choice":"Banana","floor":7,"damage_taken":0},{"event_name":"Accursed Blacksmith","player_choice":"Forge","floor":11,"damage_taken":0},{"event_name":"Dead Adventurer","player_choice":"Searched \u00271\u0027 times","floor":13,"damage_taken":0},{"event_name":"Purifier","player_choice":"One Purge","floor":19,"damage_taken":0},{"event_name":"Forgotten Altar","player_choice":"Shed Blood","floor":20,"damage_taken":0},{"event_name":"Addict","player_choice":"Ignored","floor":24,"damage_taken":0},{"event_name":"Drug Dealer","player_choice":"Got JAXXED","floor":31,"damage_taken":0}],"boss_relics":[{"not_picked":["Pandora\u0027s Box","Orrery"],"picked":"Tiny House"}],"potions_floor_spawned":[12,13,16,21,27,29],"seed_played":"-2273004634905860292","killed_by":"Champ","ascension_level":4,"is_trial":false}