{"gold_per_floor":[119,119,139,114,130,158,158,141,141,167,185,185,185,197,197,294,294,310,310],"floor_reached":19,"playtime":675,"items_purged":[],"score":269,"play_id":"d81f5aa9-78e2-439a-9cee-d040b0f1e1fa","local_time":"20181101194850","is_ascension_mode":true,"campfire_choices":[{"data":"Deadly Poison","floor":7,"key":"SMITH"},{"floor":15,"key":"REST"}],"neow_cost":"NONE","seed_source_timestamp":590153319099044,"circlet_count":0,"master_deck":["Defend_G","Defend_G","Defend_G","Defend_G","Defend_G","Strike_G","Strike_G","Strike_G","Strike_G","Strike_G","Survivor","Neutralize","AscendersBane","Flying Knee+1","Deadly Poison+1","Dodge and Roll","Bane","Calculated Gamble","Bane","Dodge and Roll","Quick Slash"],"relics":["Busted Crown","Pen Nib","Sundial","Bird Faced Urn","Happy Flower","Omamori","Eternal Feather"],"potions_floor_usage":[6,10,10,13,18],"damage_taken":[{"damage":0,"enemies":"Small Slimes","floor":1,"turns":3},{"damage":2,"enemies":"Cultist","floor":3,"turns":4},{"damage":5,"enemies":"2 Louse","floor":5,"turns":2},{"damage":26,"enemies":"3 Sentries","floor":6,"turns":9},{"damage":3,"enemies":"Exordium Thugs","floor":8,"turns":4},{"damage":12,"enemies":"Lagavulin","floor":10,"turns":6},{"damage":4,"enemies":"3 Louse","floor":11,"turns":4},{"damage":0,"enemies":"Gremlin Nob","floor":13,"turns":1},{"damage":5,"enemies":"Exordium Wildlife","floor":14,"turns":3},{"damage":21,"enemies":"Hexaghost","floor":16,"turns":10},{"damage":19,"enemies":"Chosen","floor":18,"turns":6},{"damage":0,"enemies":"Spheric Guardian","floor":19,"turns":1}],"seed_played":"7359191321536383842","potions_obtained":[{"floor":3,"key":"Fruit Juice"},{"floor":5,"key":"Poison Potion"},{"floor":8,"key":"Fruit Juice"},{"floor":11,"key":"SmokeBomb"},{"floor":14,"key":"GamblersBrew"}],"is_trial":false,"path_per_floor":["M","?","M","$","M","E","R","M","T","E","M","?","?","M","R","B",null,"M"],"character_chosen":"THE_SILENT","items_purchased":["Dodge and Roll"],"campfire_rested":1,"item_purchase_floors":[4],"current_hp_per_floor":[63,63,61,61,56,35,35,32,32,25,21,14,14,9,33,12,63,44,44],"gold":310,"neow_bonus":"BOSS_RELIC","is_prod":false,"is_daily":false,"chose_seed":false,"campfire_upgraded":1,"win_rate":0,"timestamp":1541098130,"path_taken":["M","?","M","?","M","E","R","M","T","E","M","?","?","M","R","BOSS","M","M"],"build_version":"2018-10-25v2","purchased_purges":0,"victory":false,"max_hp_per_floor":[70,70,70,70,70,75,75,75,75,80,80,80,80,80,80,80,80,80,80],"card_choices":[{"not_picked":[],"picked":"Flying Knee","floor":1},{"not_picked":[],"picked":"Deadly Poison","floor":3},{"not_picked":[],"picked":"Bane","floor":5},{"not_picked":["Dagger Throw"],"picked":"SKIP","floor":6},{"not_picked":["Slice"],"picked":"SKIP","floor":8},{"not_picked":[],"picked":"Calculated Gamble","floor":10},{"not_picked":[],"picked":"Bane","floor":11},{"not_picked":[],"picked":"Dodge and Roll","floor":14},{"not_picked":[],"picked":"Quick Slash","floor":18}],"player_experience":1114306,"relics_obtained":[{"floor":6,"key":"Pen Nib"},{"floor":9,"key":"Sundial"},{"floor":10,"key":"Bird Faced Urn"}],"event_choices":[{"damage_healed":0,"gold_gain":0,"player_choice":"Upgraded","damage_taken":0,"max_hp_gain":0,"max_hp_loss":0,"event_name":"Upgrade Shrine","floor":2,"gold_loss":0,"cards_upgraded":["Flying Knee"]},{"damage_healed":0,"gold_gain":0,"player_choice":"Success","damage_taken":7,"relics_obtained":["Happy Flower"],"max_hp_gain":0,"max_hp_loss":0,"event_name":"Scrap Ooze","floor":12,"gold_loss":0},{"damage_healed":0,"gold_gain":0,"player_choice":"Searched \u00272\u0027 times","damage_taken":0,"relics_obtained":["Omamori"],"max_hp_gain":0,"max_hp_loss":0,"event_name":"Dead Adventurer","floor":13,"gold_loss":0}],"is_beta":false,"boss_relics":[{"not_picked":["Snecko Eye","HoveringKite"],"picked":"Eternal Feather"}],"items_purged_floors":[],"is_endless":false,"potions_floor_spawned":[3,5,8,11,13,14],"killed_by":"Spheric Guardian","ascension_level":10}