{"gold_per_floor":[119,119,30,30,40,40,73,91,91,118,130,146,158,176,176,176],"floor_reached":16,"playtime":443,"items_purged":[],"score":278,"play_id":"95685a6a-1716-4ee2-ad65-59878f2a11ea","local_time":"20190208201511","is_ascension_mode":true,"campfire_choices":[{"data":"Bash","floor":6.0,"key":"SMITH"},{"data":"Whirlwind","floor":15.0,"key":"SMITH"}],"neow_cost":"NONE","seed_source_timestamp":25592157934558,"circlet_count":0,"master_deck":["AscendersBane","Strike_R","Strike_R","Strike_R","Strike_R+1","Strike_R","Defend_R","Defend_R","Defend_R+1","Defend_R","Bash+1","Rage","Feel No Pain","Sword Boomerang","Anger","Corruption","Whirlwind+1","Power Through","Demon Form","Reckless Charge","Battle Trance"],"special_seed":0,"relics":["Burning Blood","NeowsBlessing","Paper Frog","Smiling Mask","Peace Pipe"],"potions_floor_usage":[16],"damage_taken":[{"damage":0.0,"enemies":"2 Louse","floor":1.0,"turns":1.0},{"damage":0.0,"enemies":"Jaw Worm","floor":5.0,"turns":1.0},{"damage":0.0,"enemies":"3 Sentries","floor":7.0,"turns":2.0},{"damage":0.0,"enemies":"Cultist","floor":8.0,"turns":2.0},{"damage":8.0,"enemies":"Gremlin Nob","floor":10.0,"turns":3.0},{"damage":26.0,"enemies":"Gremlin Gang","floor":11.0,"turns":5.0},{"damage":12.0,"enemies":"2 Fungi Beasts","floor":12.0,"turns":4.0},{"damage":13.0,"enemies":"Large Slime","floor":13.0,"turns":8.0},{"damage":15.0,"enemies":"3 Louse","floor":14.0,"turns":3.0},{"damage":28,"enemies":"Slime Boss","floor":16,"turns":7}],"seed_played":"-6375953585752897670","potions_obtained":[{"floor":1.0,"key":"Ancient Potion"},{"floor":5.0,"key":"Strength Potion"},{"floor":12.0,"key":"AttackPotion"}],"is_trial":false,"path_per_floor":["M","?","$","$","M","R","E","M","T","E","M","M","M","M","R","B"],"character_chosen":"IRONCLAD","items_purchased":["Feel No Pain"],"campfire_rested":0,"item_purchase_floors":[3],"current_hp_per_floor":[74,51,51,51,57,57,63,69,69,67,47,41,34,25,25,0],"gold":176,"neow_bonus":"THREE_ENEMY_KILL","is_prod":false,"is_daily":false,"chose_seed":false,"campfire_upgraded":2,"win_rate":0,"timestamp":1549674911,"path_taken":["M","?","?","$","?","R","E","M","T","E","?","M","M","M","R","BOSS"],"build_version":"2019-01-23","purchased_purges":0,"victory":false,"max_hp_per_floor":[75,75,75,75,75,75,75,75,75,75,75,75,75,75,75,75],"card_choices":[{"not_picked":["Sever Soul","True Grit"],"picked":"Rage","floor":1.0},{"not_picked":["Warcry","Infernal Blade"],"picked":"Sword Boomerang","floor":5.0},{"not_picked":["Rampage","Havoc"],"picked":"Anger","floor":7.0},{"not_picked":["Cleave","Power Through"],"picked":"Corruption","floor":8.0},{"not_picked":["Second Wind","Heavy Blade"],"picked":"Whirlwind","floor":10.0},{"not_picked":["Second Wind","Havoc"],"picked":"Power Through","floor":11.0},{"not_picked":["Intimidate","Metallicize"],"picked":"Demon Form","floor":12.0},{"not_picked":["Rage","Armaments"],"picked":"Reckless Charge","floor":13.0},{"not_picked":["Whirlwind","Clothesline"],"picked":"Battle Trance","floor":14.0}],"player_experience":1176634,"relics_obtained":[{"floor":7.0,"key":"Paper Frog"},{"floor":9.0,"key":"Smiling Mask"},{"floor":10.0,"key":"Peace Pipe"}],"event_choices":[{"damage_healed":0.0,"max_hp_gain":0.0,"max_hp_loss":0.0,"gold_gain":0.0,"event_name":"Shining Light","player_choice":"Entered Light","floor":2.0,"gold_loss":0.0,"damage_taken":23.0,"cards_upgraded":["Defend_R","Strike_R"]}],"is_beta":false,"boss_relics":[],"items_purged_floors":[],"is_endless":false,"potions_floor_spawned":[1,5,12],"killed_by":"Slime Boss","ascension_level":20}