{"gold_per_floor":[167,184,259,434,434,460,98,108,108,134,146,175,205,244,256,372,384,383,395,418,430,456,468,480],"floor_reached":24,"playtime":7315,"items_purged":["Doubt"],"score":324,"play_id":"adfde01e-e41a-408f-ae8e-204539b29da7","local_time":"20181011152816","is_ascension_mode":true,"campfire_choices":[{"floor":11.0,"key":"REST"},{"floor":15.0,"key":"REST"},{"floor":23.0,"key":"REST"}],"neow_cost":"NONE","seed_source_timestamp":0,"circlet_count":0,"master_deck":["Defend_G","Defend_G","Defend_G+1","Defend_G","Defend_G","Strike_G","Strike_G","Strike_G","Strike_G","Strike_G+1","Survivor+1","Neutralize","AscendersBane","Dagger Spray","Poisoned Stab","Blur","Leg Sweep","Footwork","Deflect","Night Terror","Venomology","Slice","Phantasmal Killer","Bane","Deflect+1","Shame","Bane+1"],"special_seed":0,"relics":["Tiny House","Blood Vial","Shuriken","Blue Candle","MawBank","Kunai","Busted Crown","Potion Belt"],"potions_floor_usage":[24,24],"damage_taken":[{"damage":4.0,"enemies":"Jaw Worm","floor":1.0,"turns":5.0},{"damage":0.0,"enemies":"2 Louse","floor":2.0,"turns":3.0},{"damage":22.0,"enemies":"3 Sentries","floor":6.0,"turns":8.0},{"damage":0.0,"enemies":"Cultist","floor":8.0,"turns":3.0},{"damage":4.0,"enemies":"Gremlin Nob","floor":10.0,"turns":3.0},{"damage":0.0,"enemies":"Large Slime","floor":12.0,"turns":6.0},{"damage":0.0,"enemies":"Looter","floor":13.0,"turns":4.0},{"damage":24.0,"enemies":"3 Sentries","floor":14.0,"turns":8.0},{"damage":20.0,"enemies":"The Guardian","floor":16.0,"turns":14.0},{"damage":15.0,"enemies":"2 Thieves","floor":18.0,"turns":4.0},{"damage":0.0,"enemies":"Shell Parasite","floor":20.0,"turns":8.0},{"damage":30.0,"enemies":"Snecko","floor":22.0,"turns":10.0},{"damage":25,"enemies":"Gremlin Leader","floor":24,"turns":4}],"seed_played":"-1107411861373477079","potions_obtained":[{"floor":0.0,"key":"SpeedPotion"},{"floor":2.0,"key":"Poison Potion"},{"floor":6.0,"key":"FearPotion"},{"floor":8.0,"key":"Fire Potion"},{"floor":12.0,"key":"SteroidPotion"},{"floor":20.0,"key":"Ancient Potion"},{"floor":22.0,"key":"Fire Potion"}],"is_trial":false,"path_per_floor":["M","M","?","?","?","E","$","M","T","E","R","M","M","E","R","B",null,"M","?","M","?","M","R"],"character_chosen":"THE_SILENT","items_purchased":["Leg Sweep","Shuriken"],"campfire_rested":3,"item_purchase_floors":[7,7],"current_hp_per_floor":[64,64,53,53,38,16,16,18,18,16,38,40,42,20,42,24,62,49,49,51,51,23,45,22],"gold":480,"neow_bonus":"BOSS_RELIC","is_prod":false,"is_daily":false,"chose_seed":false,"campfire_upgraded":0,"win_rate":0,"timestamp":1539264496,"path_taken":["M","M","?","?","?","E","$","M","T","E","R","?","?","E","R","BOSS","M","?","M","?","?","R","E"],"build_version":"2018-10-04v2","purchased_purges":1,"victory":false,"max_hp_per_floor":[75,75,75,75,75,75,75,75,75,75,75,75,75,75,75,75,75,75,75,75,75,75,75,75],"card_choices":[{"not_picked":["Dagger Spray","Cloak And Dagger"],"picked":"Poisoned Stab","floor":0.0},{"not_picked":["Prepared","Quick Slash"],"picked":"Dagger Spray","floor":1.0},{"not_picked":["Eviscerate","After Image"],"picked":"Poisoned Stab","floor":2.0},{"not_picked":["Underhanded Strike","Grand Finale"],"picked":"Blur","floor":6.0},{"not_picked":["Slice","Acrobatics"],"picked":"Bane","floor":8.0},{"not_picked":["Backstab","Outmaneuver"],"picked":"Footwork","floor":10.0},{"not_picked":["Quick Slash","Blade Dance"],"picked":"Deflect","floor":12.0},{"not_picked":["Leg Sweep","Acrobatics"],"picked":"Night Terror","floor":13.0},{"not_picked":["Sucker Punch","Underhanded Strike","Concentrate"],"picked":"SKIP","floor":14.0},{"not_picked":["Tools of the Trade","Wraith Form v2"],"picked":"Venomology","floor":16.0},{"not_picked":[],"picked":"Slice","floor":18.0},{"not_picked":[],"picked":"Deflect+1","floor":20.0},{"not_picked":[],"picked":"Bane+1","floor":22.0}],"player_experience":1073150,"relics_obtained":[{"floor":6.0,"key":"Blood Vial"},{"floor":9.0,"key":"Blue Candle"},{"floor":10.0,"key":"MawBank"},{"floor":14.0,"key":"Kunai"}],"event_choices":[{"event_name":"World of Goop","player_choice":"Gather Gold","floor":3.0,"damage_taken":0.0},{"event_name":"Liars Game","player_choice":"agreed","floor":4.0,"damage_taken":0.0},{"event_name":"Shining Light","player_choice":"Entered Light","floor":5.0,"damage_taken":0.0},{"event_name":"Drug Dealer","player_choice":"Became Test Subject","floor":19.0,"damage_taken":0.0},{"event_name":"Addict","player_choice":"Stole Relic","floor":21.0,"damage_taken":0.0}],"is_beta":false,"boss_relics":[{"not_picked":["WristBlade","Pandora\u0027s Box"],"picked":"Busted Crown"}],"items_purged_floors":[7],"is_endless":false,"potions_floor_spawned":[2,6,8,12,20,22],"killed_by":"Gremlin Leader","ascension_level":10}