{"gold_per_floor":[109,109,120,139,159,185,203,229,277,294,305,305,305,340,340,340],"floor_reached":16,"playtime":487,"items_purged":[],"score":192,"play_id":"eba606c4-8738-4078-a935-ba459130dabb","local_time":"20190116185233","is_ascension_mode":true,"campfire_choices":[{"data":"Seeing Red","floor":12,"key":"SMITH"},{"floor":15,"key":"REST"}],"neow_cost":"NONE","seed_source_timestamp":578448717385106,"circlet_count":0,"master_deck":["AscendersBane","Strike_R","Strike_R+1","Strike_R","Strike_R","Strike_R","Defend_R","Defend_R","Defend_R","Defend_R","Bash","Perfected Strike+1","Flame Barrier","Twin Strike","Shrug It Off","Seeing Red+1"],"special_seed":0,"relics":["Burning Blood","NeowsBlessing","Singing Bowl","Bottled Lightning","Centennial Puzzle","Vajra","Darkstone Periapt"],"potions_floor_usage":[5,6,8,11,16],"damage_taken":[{"damage":0.0,"enemies":"Cultist","floor":1.0,"turns":1.0},{"damage":0.0,"enemies":"2 Louse","floor":3.0,"turns":1.0},{"damage":0.0,"enemies":"Small Slimes","floor":4.0,"turns":2.0},{"damage":5,"enemies":"3 Louse","floor":5,"turns":4},{"damage":12,"enemies":"Gremlin Nob","floor":6,"turns":4},{"damage":14,"enemies":"Large Slime","floor":7,"turns":8},{"damage":30,"enemies":"3 Sentries","floor":8,"turns":8},{"damage":15,"enemies":"2 Fungi Beasts","floor":10,"turns":3},{"damage":9,"enemies":"Lots of Slimes","floor":11,"turns":3},{"damage":22,"enemies":"Lagavulin","floor":14,"turns":6},{"damage":32,"enemies":"Hexaghost","floor":16,"turns":11}],"seed_played":"2842783254168874053","potions_obtained":[{"floor":4.0,"key":"GamblersBrew"},{"floor":5,"key":"Block Potion"},{"floor":7,"key":"SteroidPotion"},{"floor":10,"key":"BloodPotion"},{"floor":14,"key":"AttackPotion"}],"is_trial":false,"path_per_floor":["M","T","M","M","M","E","M","E","T","M","M","R","?","E","R","B"],"character_chosen":"IRONCLAD","items_purchased":[],"campfire_rested":1,"item_purchase_floors":[],"current_hp_per_floor":[78,78,80,80,82,78,72,50,50,41,46,46,28,14,41,9],"gold":340,"neow_bonus":"THREE_ENEMY_KILL","is_prod":false,"is_daily":false,"chose_seed":false,"campfire_upgraded":1,"win_rate":0,"timestamp":1547661153,"path_taken":["M","?","M","?","M","E","?","E","T","M","M","R","?","E","R","BOSS"],"build_version":"2019-01-10","purchased_purges":0,"victory":false,"max_hp_per_floor":[80,80,80,80,82,84,86,88,88,88,88,88,88,90,90,90],"card_choices":[{"not_picked":["True Grit","Armaments"],"picked":"Perfected Strike","floor":1.0},{"not_picked":["Clothesline","Rage"],"picked":"Flame Barrier","floor":3.0},{"not_picked":["Power Through","Burning Pact"],"picked":"Twin Strike","floor":4.0},{"not_picked":["Fire Breathing","True Grit","Warcry"],"picked":"Singing Bowl","floor":5},{"not_picked":["Pummel","Wild Strike","True Grit"],"picked":"Singing Bowl","floor":6},{"not_picked":["Power Through","Combust","Heavy Blade"],"picked":"Singing Bowl","floor":7},{"not_picked":["Armaments","True Grit","Body Slam"],"picked":"Singing Bowl","floor":8},{"not_picked":["Havoc","Thunderclap"],"picked":"Shrug It Off","floor":10},{"not_picked":["Exhume","Anger"],"picked":"Seeing Red","floor":11},{"not_picked":["Reaper","Rage","Armaments"],"picked":"Singing Bowl","floor":14}],"player_experience":1948273,"relics_obtained":[{"floor":2.0,"key":"Singing Bowl"},{"floor":6,"key":"Bottled Lightning"},{"floor":8,"key":"Centennial Puzzle"},{"floor":9,"key":"Vajra"},{"floor":14,"key":"Darkstone Periapt"}],"event_choices":[{"damage_healed":0,"gold_gain":0,"player_choice":"Entered Light","damage_taken":18,"max_hp_gain":0,"max_hp_loss":0,"event_name":"Shining Light","floor":13,"gold_loss":0,"cards_upgraded":["Strike_R","Perfected Strike"]}],"is_beta":false,"boss_relics":[],"items_purged_floors":[],"is_endless":false,"potions_floor_spawned":[4,5,7,10,14],"killed_by":"Hexaghost","ascension_level":11}