{"gold_per_floor":[117,117,134,134,154,154,154,174,197,215,239,272,272,312,312,312],"floor_reached":16,"playtime":387,"items_purged":[],"score":168,"play_id":"8b2e4d1c-f14d-475b-a37c-66c66cd6d1fa","local_time":"20181111114718","is_ascension_mode":true,"campfire_choices":[{"floor":6,"key":"REST"},{"floor":13,"key":"REST"},{"floor":15,"key":"REST"}],"neow_cost":"NONE","seed_source_timestamp":324266474950352,"circlet_count":0,"master_deck":["AscendersBane","Defend_G","Defend_G","Defend_G","Defend_G","Defend_G","Strike_G+1","Strike_G+1","Strike_G","Strike_G","Strike_G","Survivor","Neutralize","Die Die Die","Backflip","Dagger Throw","Crippling Poison","Underhanded Strike","Prepared","Deflect","Dagger Spray","Well Laid Plans"],"relics":["Ring of the Snake","Boot","Golden Idol","Snake Skull","Pear","Lantern"],"potions_floor_usage":[12,14],"damage_taken":[{"damage":4,"enemies":"Small Slimes","floor":1,"turns":4},{"damage":0,"enemies":"2 Louse","floor":3,"turns":1},{"damage":3,"enemies":"Jaw Worm","floor":5,"turns":3},{"damage":0,"enemies":"3 Louse","floor":8,"turns":1},{"damage":4,"enemies":"Exordium Thugs","floor":10,"turns":3},{"damage":1,"enemies":"Gremlin Gang","floor":11,"turns":3},{"damage":14,"enemies":"3 Sentries","floor":12,"turns":8},{"damage":27,"enemies":"Lagavulin","floor":14,"turns":6},{"damage":0,"enemies":"Slime Boss","floor":16,"turns":1}],"seed_played":"-683330163851735988","potions_obtained":[{"floor":3,"key":"SteroidPotion"},{"floor":5,"key":"Dexterity Potion"},{"floor":8,"key":"FairyPotion"},{"floor":14,"key":"Dexterity Potion"}],"is_trial":false,"path_per_floor":["M","?","M","?","M","R","?","M","T","M","M","E","R","E","R","B"],"character_chosen":"THE_SILENT","items_purchased":[],"campfire_rested":3,"item_purchase_floors":[],"current_hp_per_floor":[59,34,34,34,31,50,37,37,37,33,32,28,50,23,45,45],"gold":312,"neow_bonus":"ONE_RANDOM_RARE_CARD","is_prod":false,"is_daily":false,"chose_seed":false,"campfire_upgraded":0,"win_rate":0,"timestamp":1541933238,"path_taken":["M","?","M","?","M","R","?","M","T","M","M","E","R","E","R","BOSS"],"build_version":"2018-11-08","purchased_purges":0,"victory":false,"max_hp_per_floor":[70,70,70,65,65,65,65,65,65,65,65,75,75,75,75,75],"card_choices":[{"not_picked":["Caltrops","Catalyst"],"picked":"Backflip","floor":1},{"not_picked":["Slice","Deadly Poison"],"picked":"Dagger Throw","floor":3},{"not_picked":["All Out Attack","Sucker Punch"],"picked":"Crippling Poison","floor":5},{"not_picked":["Night Terror","Deflect"],"picked":"Underhanded Strike","floor":8},{"not_picked":["Skewer","Cloak And Dagger"],"picked":"Prepared","floor":10},{"not_picked":["Bouncing Flask","Sucker Punch"],"picked":"Deflect","floor":11},{"not_picked":["Concentrate","Grand Finale"],"picked":"Dagger Spray","floor":12},{"not_picked":["Dagger Spray","Prepared"],"picked":"Well Laid Plans","floor":14}],"player_experience":1152648,"relics_obtained":[{"floor":9,"key":"Snake Skull"},{"floor":12,"key":"Pear"},{"floor":14,"key":"Lantern"}],"event_choices":[{"damage_healed":0,"gold_gain":0,"player_choice":"Success","damage_taken":25,"relics_obtained":["Boot"],"max_hp_gain":0,"max_hp_loss":0,"event_name":"Scrap Ooze","floor":2,"gold_loss":0},{"damage_healed":0,"gold_gain":0,"player_choice":"Lose Max HP","damage_taken":0,"relics_obtained":["Golden Idol"],"max_hp_gain":0,"max_hp_loss":5,"event_name":"Golden Idol","floor":4,"gold_loss":0},{"damage_healed":0,"gold_gain":0,"player_choice":"Entered Light","damage_taken":13,"max_hp_gain":0,"max_hp_loss":0,"event_name":"Shining Light","floor":7,"gold_loss":0,"cards_upgraded":["Strike_G","Strike_G"]}],"is_beta":false,"boss_relics":[],"items_purged_floors":[],"is_endless":false,"potions_floor_spawned":[3,5,8,14],"killed_by":"Slime Boss","ascension_level":10}