{"gold_per_floor":[114,114,130,55,75,75,106,106,129,129,29,60,110,125,125,199,199,218,237,255,282,292,292,292],"floor_reached":24,"playtime":953,"items_purged":["Pain","Strike_B"],"score":412,"play_id":"4ab49567-dda7-44d3-8568-768eb0a3aeb1","local_time":"20190206225656","is_ascension_mode":true,"campfire_choices":[{"data":"Zap","floor":6,"key":"SMITH"},{"data":"Defragment","floor":10,"key":"SMITH"},{"floor":15,"key":"REST"},{"data":"Consume","floor":23,"key":"SMITH"}],"neow_cost":"NONE","seed_source_timestamp":255517746941955,"circlet_count":0,"master_deck":["AscendersBane","Strike_B","Strike_B+1","Strike_B+1","Defend_B","Defend_B","Defend_B","Defend_B","Zap+1","Dualcast","Defragment+1","Consume+1","Go for the Eyes","Reinforced Body","Glacier","Creative AI","Hologram+1","Blizzard"],"relics":["Cracked Core","NeowsBlessing","WarpedTongs","Whetstone","Lantern","Thread and Needle","Busted Crown"],"potions_floor_usage":[12,16,18,20,24,24],"damage_taken":[{"damage":0,"enemies":"2 Louse","floor":1,"turns":1},{"damage":0,"enemies":"Cultist","floor":3,"turns":1},{"damage":0,"enemies":"Small Slimes","floor":5,"turns":1},{"damage":24,"enemies":"Lagavulin","floor":7,"turns":7},{"damage":33,"enemies":"Gremlin Nob","floor":12,"turns":5},{"damage":0,"enemies":"Exordium Thugs","floor":14,"turns":4},{"damage":5,"enemies":"Slime Boss","floor":16,"turns":16},{"damage":11,"enemies":"3 Byrds","floor":18,"turns":3},{"damage":0,"enemies":"Shell Parasite","floor":19,"turns":10},{"damage":1,"enemies":"3 Cultists","floor":20,"turns":8},{"damage":0,"enemies":"Snecko","floor":22,"turns":8},{"damage":67,"enemies":"Gremlin Leader","floor":24,"turns":5}],"seed_played":"4195056967843094889","potions_obtained":[{"floor":1,"key":"Strength Potion"},{"floor":7,"key":"SpeedPotion"},{"floor":12,"key":"AttackPotion"},{"floor":16,"key":"SkillPotion"},{"floor":19,"key":"Poison Potion"},{"floor":22,"key":"Strength Potion"}],"is_trial":false,"path_per_floor":["M","?","M","$","M","R","E","?","T","R","$","E","?","M","R","B",null,"M","M","M","T","M","R","E"],"character_chosen":"DEFECT","items_purchased":[],"campfire_rested":1,"item_purchase_floors":[],"current_hp_per_floor":[64,64,64,64,64,64,40,45,45,45,45,12,12,12,34,29,64,53,53,52,52,52,52,0],"gold":292,"neow_bonus":"THREE_ENEMY_KILL","is_prod":false,"is_daily":false,"chose_seed":false,"campfire_upgraded":3,"win_rate":0,"timestamp":1549511816,"path_taken":["M","?","M","$","?","R","E","?","T","R","$","E","?","?","R","BOSS","M","M","?","?","M","R","E"],"build_version":"2019-01-23","purchased_purges":2,"victory":false,"max_hp_per_floor":[71,71,71,71,71,71,71,76,76,76,76,76,76,76,76,76,76,76,76,76,76,76,76,76],"card_choices":[{"not_picked":["Melter","Reinforced Body"],"picked":"Defragment","floor":1},{"not_picked":["Recycle","Force Field"],"picked":"Consume","floor":3},{"not_picked":["Storm","Consume"],"picked":"Go for the Eyes","floor":5},{"not_picked":["Stack","White Noise"],"picked":"Reinforced Body","floor":7},{"not_picked":["Steam Power","Reinforced Body"],"picked":"Glacier","floor":12},{"not_picked":["BootSequence","Aggregate","Gash"],"picked":"SKIP","floor":14},{"not_picked":["Machine Learning","Buffer"],"picked":"Creative AI","floor":16},{"not_picked":["Sunder"],"picked":"SKIP","floor":18},{"not_picked":["Streamline"],"picked":"SKIP","floor":19},{"not_picked":[],"picked":"Hologram+1","floor":20},{"not_picked":[],"picked":"Blizzard","floor":22}],"player_experience":1150688,"relics_obtained":[{"floor":7,"key":"Whetstone"},{"floor":9,"key":"Lantern"},{"floor":12,"key":"Thread and Needle"}],"event_choices":[{"damage_healed":0,"gold_gain":0,"player_choice":"Rummage","damage_taken":0,"relics_obtained":["WarpedTongs"],"max_hp_gain":0,"max_hp_loss":0,"event_name":"Accursed Blacksmith","floor":2,"gold_loss":0,"cards_obtained":["Pain"]},{"damage_healed":0,"gold_gain":0,"player_choice":"Donut","damage_taken":0,"max_hp_gain":5,"max_hp_loss":0,"event_name":"Big Fish","floor":8,"gold_loss":0},{"damage_healed":0,"gold_gain":50,"player_choice":"Pray","damage_taken":0,"max_hp_gain":0,"max_hp_loss":0,"event_name":"Golden Shrine","floor":13,"gold_loss":0}],"is_beta":false,"boss_relics":[{"not_picked":["Orrery","Tiny House"],"picked":"Busted Crown"}],"items_purged_floors":[4,11],"is_endless":false,"potions_floor_spawned":[1,7,12,16,19,22],"killed_by":"Gremlin Leader","ascension_level":20}