{"gold_per_floor":[116,116,135,147,165,165,193,193,193,204,229,229,229,58,58,58],"floor_reached":16,"playtime":637,"items_purged":[],"score":220,"play_id":"80f34efc-ffae-47c4-a777-75ef8d546485","local_time":"20181216153515","is_ascension_mode":true,"campfire_choices":[{"data":"Zap","floor":6.0,"key":"SMITH"},{"data":"Reinforced Body","floor":8.0,"key":"SMITH"},{"floor":13.0,"key":"RECALL"},{"data":"Dualcast","floor":15.0,"key":"SMITH"}],"neow_cost":"NONE","seed_source_timestamp":525556381218692,"circlet_count":0,"master_deck":["AscendersBane","Strike_B","Strike_B","Strike_B","Defend_B","Defend_B","Defend_B","Defend_B","Zap+1","Dualcast+1","Reinforced Body+1","Glacier","Compile Driver"],"special_seed":0,"relics":["Cracked Core","NeowsBlessing","Pen Nib","Ornamental Fan","Orichalcum","Ice Cream","Bronze Scales"],"potions_floor_usage":[16],"damage_taken":[{"damage":0.0,"enemies":"Jaw Worm","floor":1.0,"turns":1.0},{"damage":0.0,"enemies":"Cultist","floor":3.0,"turns":1.0},{"damage":0.0,"enemies":"Small Slimes","floor":4.0,"turns":1.0},{"damage":6.0,"enemies":"Exordium Thugs","floor":5.0,"turns":6.0},{"damage":3.0,"enemies":"3 Sentries","floor":7.0,"turns":11.0},{"damage":8.0,"enemies":"2 Fungi Beasts","floor":10.0,"turns":4.0},{"damage":19.0,"enemies":"Lagavulin","floor":11.0,"turns":7.0},{"damage":50,"enemies":"Hexaghost","floor":16,"turns":14}],"seed_played":"4355462859037587432","potions_obtained":[{"floor":3.0,"key":"EntropicBrew"},{"floor":4.0,"key":"PowerPotion"},{"floor":7.0,"key":"Ancient Potion"},{"floor":11.0,"key":"Swift Potion"}],"is_trial":false,"path_per_floor":["M","?","M","M","M","R","E","R","T","M","E","?","R","$","R","B"],"character_chosen":"DEFECT","items_purchased":["Bronze Scales"],"campfire_rested":0,"item_purchase_floors":[14],"current_hp_per_floor":[64,64,64,64,58,58,70,70,70,62,43,43,43,43,43,0],"gold":58,"neow_bonus":"THREE_ENEMY_KILL","is_prod":false,"is_daily":false,"chose_seed":false,"campfire_upgraded":3,"win_rate":0,"timestamp":1544992515,"path_taken":["M","?","M","?","M","R","E","R","T","M","E","?","R","$","R","BOSS"],"build_version":"2018-12-13","purchased_purges":0,"victory":false,"max_hp_per_floor":[71,71,71,71,71,71,71,71,71,71,71,71,71,71,71,71],"card_choices":[{"not_picked":["Rebound","Chaos"],"picked":"Sweeping Beam","floor":1.0},{"not_picked":["Conserve Battery","Stack"],"picked":"Reinforced Body","floor":3.0},{"not_picked":["Capacitor","Go for the Eyes"],"picked":"Glacier","floor":4.0},{"not_picked":["Fusion","Steam"],"picked":"Compile Driver","floor":5.0},{"not_picked":["Steam Power","Compile Driver","Aggregate"],"picked":"SKIP","floor":7.0},{"not_picked":["Hologram","Lockon","Turbo"],"picked":"SKIP","floor":10.0},{"not_picked":["Reinforced Body","Storm","Undo"],"picked":"SKIP","floor":11.0}],"player_experience":1259118,"relics_obtained":[{"floor":7.0,"key":"Ornamental Fan"},{"floor":9.0,"key":"Orichalcum"},{"floor":11.0,"key":"Ice Cream"}],"event_choices":[{"cards_removed":["Sweeping Beam"],"damage_healed":0.0,"max_hp_gain":0.0,"max_hp_loss":0.0,"gold_gain":0.0,"event_name":"WeMeetAgain","player_choice":"Gave Card","floor":2.0,"gold_loss":0.0,"damage_taken":0.0,"relics_obtained":["Pen Nib"]},{"cards_removed":["Strike_B"],"damage_healed":0.0,"max_hp_gain":0.0,"max_hp_loss":0.0,"gold_gain":0.0,"event_name":"Purifier","player_choice":"Purged","floor":12.0,"gold_loss":0.0,"damage_taken":0.0}],"is_beta":true,"boss_relics":[],"items_purged_floors":[],"is_endless":false,"potions_floor_spawned":[3,4,7,11],"killed_by":"Hexaghost","ascension_level":20}