{"gold_per_floor":[111,111,141,153,165,177,222,254,266,309,67,67,83,83,83,179,179,194,213,213,10,35,35,51,91,114,114,130,150,188,188,188,283,283,307,270,270,294,313,313,353,353,353,353,353,392,392,436,436,436,436,436,436,90,129,129],"floor_reached":57,"playtime":3429,"items_purged":["Strike_B"],"score":2932,"play_id":"1445c151-34b0-42f2-b991-c6d661c12a23","local_time":"20181221160444","is_ascension_mode":true,"campfire_choices":[{"floor":6.0,"key":"REST"},{"data":"Creative AI","floor":12.0,"key":"SMITH"},{"data":"Zap","floor":15.0,"key":"SMITH"},{"data":"Coolheaded","floor":23.0,"key":"SMITH"},{"data":"Seek","floor":27.0,"key":"SMITH"},{"floor":32.0,"key":"REST"},{"floor":40,"key":"RECALL"},{"data":"Amplify","floor":42,"key":"SMITH"},{"data":"Dualcast","floor":45,"key":"SMITH"},{"data":"Reinforced Body","floor":47,"key":"SMITH"},{"floor":49,"key":"REST"},{"data":"Reinforced Body","floor":53,"key":"SMITH"}],"neow_cost":"NONE","seed_source_timestamp":27237201763177,"circlet_count":0,"master_deck":["AscendersBane","Defend_B+1","Defend_B+1","Defend_B+1","Defend_B+1","Zap+1","Dualcast+1","Reinforced Body+1","Consume+1","Creative AI+1","Coolheaded+1","Electrodynamics+1","Cold Snap","Genetic Algorithm+1","Seek+1","Seek+1","Defragment+1","Recycle+1","Steam","Defragment+1","Conserve Battery+1","Glacier","Amplify+1","Reinforced Body+1","Leap+1","Reinforced Body","Storm+1","Seek+1","FTL+1"],"special_seed":0,"relics":["Cracked Core","NeowsBlessing","MawBank","Golden Idol","Meat on the Bone","Frozen Egg 2","Nunchaku","Astrolabe","FaceOfCleric","Potion Belt","Prayer Wheel","Regal Pillow","Blue Candle","Runic Dome","Ancient Tea Set","Mummified Hand","Bag of Marbles","Oddly Smooth Stone","Strawberry","War Paint"],"potions_floor_usage":[50,56,56,56,56],"damage_taken":[{"damage":0.0,"enemies":"2 Louse","floor":1.0,"turns":1.0},{"damage":0.0,"enemies":"Jaw Worm","floor":3.0,"turns":1.0},{"damage":0.0,"enemies":"Gremlin Nob","floor":7.0,"turns":1.0},{"damage":0.0,"enemies":"Small Slimes","floor":8.0,"turns":3.0},{"damage":13.0,"enemies":"Lagavulin","floor":10.0,"turns":6.0},{"damage":0.0,"enemies":"2 Fungi Beasts","floor":13.0,"turns":3.0},{"damage":26.0,"enemies":"The Guardian","floor":16.0,"turns":12.0},{"damage":6.0,"enemies":"3 Byrds","floor":18.0,"turns":2.0},{"damage":5.0,"enemies":"Shell Parasite","floor":19.0,"turns":8.0},{"damage":3.0,"enemies":"Chosen and Byrds","floor":22.0,"turns":5.0},{"damage":11.0,"enemies":"Snecko","floor":24.0,"turns":8.0},{"damage":3.0,"enemies":"Gremlin Leader","floor":25.0,"turns":6.0},{"damage":0.0,"enemies":"3 Cultists","floor":28.0,"turns":2.0},{"damage":6.0,"enemies":"Chosen and Byrds","floor":29.0,"turns":7.0},{"damage":29.0,"enemies":"Book of Stabbing","floor":30.0,"turns":8.0},{"damage":3,"enemies":"Collector","floor":33,"turns":10},{"damage":7,"enemies":"Orb Walker","floor":35,"turns":4},{"damage":0,"enemies":"3 Darklings","floor":38,"turns":2},{"damage":0,"enemies":"Sphere and 2 Shapes","floor":39,"turns":11},{"damage":17,"enemies":"Giant Head","floor":41,"turns":7},{"damage":0,"enemies":"Reptomancer","floor":46,"turns":4},{"damage":0,"enemies":"Giant Head","floor":48,"turns":5},{"damage":1,"enemies":"Time Eater","floor":50,"turns":6},{"damage":6,"enemies":"Donu and Deca","floor":51,"turns":8},{"damage":23,"enemies":"Shield and Spear","floor":55,"turns":4},{"damage":68,"enemies":"The Heart","floor":56,"turns":8}],"seed_played":"-6406004161684306742","potions_obtained":[{"floor":1.0,"key":"FocusPotion"},{"floor":7.0,"key":"FearPotion"},{"floor":16.0,"key":"EssenceOfSteel"},{"floor":19.0,"key":"AttackPotion"},{"floor":22.0,"key":"Fire Potion"},{"floor":25.0,"key":"Fruit Juice"},{"floor":29.0,"key":"SteroidPotion"},{"floor":30.0,"key":"AttackPotion"},{"floor":38,"key":"SteroidPotion"},{"floor":39,"key":"AttackPotion"},{"floor":48,"key":"GamblersBrew"}],"is_trial":false,"path_per_floor":["M","?","M","$","?","R","E","M","T","E","$","R","M","?","R","B",null,"M","M","?","$","M","R","M","E","T","R","M","M","E","?","R","B",null,"M","$","?","M","M","R","E","R","T","?","R","E","R","E","R","B","B",null,"R","$","E","B",null],"character_chosen":"DEFECT","items_purchased":["Electrodynamics+1","Cold Snap","Defragment+1","Potion Belt","Reinforced Body","LiquidBronze","Weak Potion","Poison Potion","Strawberry"],"campfire_rested":3,"item_purchase_floors":[11,11,21,21,36,54,54,54,54],"current_hp_per_floor":[64,46,46,46,22,43,43,43,43,42,42,42,42,42,42,28,60,54,49,49,49,47,47,49,52,52,52,53,48,32,32,71,69,80,74,74,74,75,76,76,60,60,60,60,60,61,61,62,89,89,84,89,89,96,74,19],"gold":129,"neow_bonus":"THREE_ENEMY_KILL","is_prod":false,"is_daily":false,"chose_seed":false,"campfire_upgraded":8,"win_rate":0,"timestamp":1545426284,"path_taken":["M","?","M","$","?","R","E","M","T","E","?","R","M","?","R","BOSS","M","M","?","$","?","R","M","E","T","R","M","M","E","?","R","BOSS","M","$","?","?","M","R","E","R","T","?","R","E","R","E","R","BOSS","BOSS","R","$","E","BOSS"],"build_version":"2018-12-20","purchased_purges":1,"victory":true,"max_hp_per_floor":[71,71,71,71,71,71,71,71,71,71,71,71,71,71,71,71,71,71,71,71,71,72,72,73,79,79,79,80,81,82,82,82,83,83,84,84,84,85,86,86,87,87,87,87,87,88,88,89,89,90,91,91,91,98,99,100],"card_choices":[{"not_picked":["Go for the Eyes","Stack"],"picked":"Reinforced Body","floor":1.0},{"not_picked":["Hologram","Steam"],"picked":"Consume","floor":3.0},{"not_picked":["Darkness","Rebound"],"picked":"Creative AI","floor":7.0},{"not_picked":["Turbo","Heatsinks","Conserve Battery"],"picked":"SKIP","floor":8.0},{"not_picked":["Turbo","Chaos"],"picked":"Coolheaded","floor":10.0},{"not_picked":["Beam Cell","Go for the Eyes"],"picked":"Genetic Algorithm","floor":13.0},{"not_picked":["All For One","Core Surge"],"picked":"Seek","floor":16.0},{"not_picked":["Steam Power","Stack"],"picked":"Steam","floor":18.0},{"not_picked":["Sunder","Redo","Stack"],"picked":"SKIP","floor":19.0},{"not_picked":["Cold Snap","Coolheaded"],"picked":"Conserve Battery","floor":22.0},{"not_picked":["Conserve Battery","Barrage"],"picked":"Glacier","floor":24.0},{"not_picked":["Conserve Battery","Thunder Strike","Static Discharge+1"],"picked":"SKIP","floor":25.0},{"not_picked":["Darkness","Barrage","Cold Snap"],"picked":"SKIP","floor":28.0},{"not_picked":["Stack","Lockon","Force Field"],"picked":"SKIP","floor":28.0},{"not_picked":["Rebound","Compile Driver","Stack"],"picked":"SKIP","floor":29.0},{"not_picked":["Rebound","Steam Power","Compile Driver"],"picked":"SKIP","floor":29.0},{"not_picked":["Steam","Streamline","Blizzard"],"picked":"SKIP","floor":30.0},{"not_picked":["Fission","Reboot"],"picked":"Amplify","floor":33},{"not_picked":["Rebound+1","Barrage","Sweeping Beam"],"picked":"SKIP","floor":35},{"not_picked":["Streamline","Cold Snap","Ball Lightning"],"picked":"SKIP","floor":35},{"not_picked":["Redo","Melter"],"picked":"Leap+1","floor":38},{"not_picked":["Hello World+1","Turbo"],"picked":"Reinforced Body","floor":38},{"not_picked":["Beam Cell","Turbo","Conserve Battery"],"picked":"SKIP","floor":39},{"not_picked":["Steam Power","Gash+1","Tempest"],"picked":"SKIP","floor":39},{"not_picked":["Steam+1","Consume"],"picked":"Storm+1","floor":41},{"not_picked":["Sweeping Beam","Stack"],"picked":"FTL+1","floor":46},{"not_picked":["Consume","White Noise","Undo"],"picked":"SKIP","floor":48},{"not_picked":["Streamline+1","All For One","Stack"],"picked":"SKIP","floor":55}],"player_experience":1282185,"relics_obtained":[{"floor":7.0,"key":"Meat on the Bone"},{"floor":9.0,"key":"Frozen Egg 2"},{"floor":10.0,"key":"Nunchaku"},{"floor":25.0,"key":"Prayer Wheel"},{"floor":26.0,"key":"Regal Pillow"},{"floor":30.0,"key":"Blue Candle"},{"floor":41,"key":"Mummified Hand"},{"floor":46,"key":"Bag of Marbles"},{"floor":48,"key":"Oddly Smooth Stone"},{"floor":55,"key":"War Paint"}],"event_choices":[{"damage_healed":0.0,"max_hp_gain":0.0,"max_hp_loss":0.0,"gold_gain":0.0,"event_name":"Scrap Ooze","player_choice":"Success","floor":2.0,"gold_loss":0.0,"damage_taken":18.0,"relics_obtained":["MawBank"]},{"damage_healed":0.0,"max_hp_gain":0.0,"max_hp_loss":0.0,"gold_gain":0.0,"event_name":"Golden Idol","player_choice":"Take Damage","floor":5.0,"gold_loss":0.0,"damage_taken":24.0,"relics_obtained":["Golden Idol"]},{"damage_healed":0.0,"max_hp_gain":0.0,"max_hp_loss":0.0,"gold_gain":0.0,"event_name":"Living Wall","player_choice":"Grow","floor":14.0,"gold_loss":0.0,"damage_taken":0.0,"cards_upgraded":["Consume"]},{"damage_healed":0.0,"max_hp_gain":0.0,"max_hp_loss":0.0,"gold_gain":0.0,"event_name":"FaceTrader","player_choice":"Trade","floor":20.0,"gold_loss":0.0,"damage_taken":0.0,"relics_obtained":["FaceOfCleric"]},{"damage_healed":0.0,"max_hp_gain":0.0,"max_hp_loss":0.0,"gold_gain":0.0,"event_name":"Back to Basics","player_choice":"Simplicity","floor":31.0,"gold_loss":0.0,"damage_taken":0.0,"cards_upgraded":["Defend_B","Defend_B","Defend_B","Defend_B"]},{"damage_healed":0,"gold_gain":0,"player_choice":"Gave Potion","damage_taken":0,"relics_obtained":["Ancient Tea Set"],"max_hp_gain":0,"max_hp_loss":0,"event_name":"WeMeetAgain","floor":37,"gold_loss":0},{"damage_healed":0,"gold_gain":0,"player_choice":"Copied","damage_taken":0,"max_hp_gain":0,"max_hp_loss":0,"event_name":"Duplicator","floor":44,"gold_loss":0,"cards_obtained":["Seek"]}],"is_beta":true,"boss_relics":[{"not_picked":["Snecko Eye","Black Star"],"picked":"Astrolabe"},{"not_picked":["Tiny House","Calling Bell"],"picked":"Runic Dome"}],"items_purged_floors":[11],"is_endless":false,"potions_floor_spawned":[1,7,16,19,22,25,29,30,38,39,48],"ascension_level":20}