{"gold_per_floor":[109,119,194,194,210,210,239,239,239,267,281,281,315,328,328,406,406,406],"floor_reached":18,"playtime":1460,"items_purged":[],"score":297,"play_id":"8abcc98a-d5a8-4cd7-b592-91e4180f7037","local_time":"20190206210222","is_ascension_mode":true,"campfire_choices":[{"data":"Clothesline","floor":6,"key":"SMITH"},{"data":"Entrench","floor":8,"key":"SMITH"},{"data":"Shockwave","floor":12,"key":"SMITH"},{"data":"Bash","floor":15,"key":"SMITH"}],"neow_cost":"NONE","seed_source_timestamp":978225308618378,"circlet_count":0,"master_deck":["AscendersBane","Strike_R","Strike_R","Strike_R","Strike_R","Strike_R","Defend_R","Defend_R","Defend_R","Defend_R","Bash+1","Clothesline+1","Iron Wave","Entrench+1","Feed","Shockwave+1","Power Through","Shrug It Off","Offering"],"relics":["Burning Blood","NeowsBlessing","Mercury Hourglass","PreservedInsect","Vajra","Orichalcum","Pantograph","Runic Pyramid"],"potions_floor_usage":[7,13],"damage_taken":[{"damage":0,"enemies":"Small Slimes","floor":1,"turns":1},{"damage":0,"enemies":"2 Louse","floor":2,"turns":1},{"damage":0,"enemies":"Cultist","floor":5,"turns":1},{"damage":20,"enemies":"3 Sentries","floor":7,"turns":7},{"damage":30,"enemies":"Lagavulin","floor":10,"turns":6},{"damage":2,"enemies":"Exordium Thugs","floor":11,"turns":4},{"damage":19,"enemies":"3 Sentries","floor":13,"turns":5},{"damage":8,"enemies":"Gremlin Gang","floor":14,"turns":3},{"damage":21,"enemies":"The Guardian","floor":16,"turns":13},{"damage":12,"enemies":"Spheric Guardian","floor":18,"turns":4}],"seed_played":"4355929960751012533","potions_obtained":[{"floor":5,"key":"Energy Potion"},{"floor":10,"key":"Poison Potion"},{"floor":16,"key":"Swift Potion"}],"is_trial":false,"path_per_floor":["M","M","?","?","M","R","E","R","T","E","M","R","E","M","R","B",null,"M"],"character_chosen":"IRONCLAD","items_purchased":[],"campfire_rested":0,"item_purchase_floors":[],"current_hp_per_floor":[78,80,69,69,75,75,61,61,61,37,41,41,31,29,29,39,72,60],"gold":406,"neow_bonus":"THREE_ENEMY_KILL","is_prod":false,"is_daily":false,"chose_seed":false,"campfire_upgraded":4,"win_rate":0,"timestamp":1549483342,"path_taken":["M","M","?","?","?","R","E","R","T","E","M","R","E","M","R","BOSS","M"],"build_version":"2019-01-23","purchased_purges":0,"victory":false,"max_hp_per_floor":[80,80,80,80,80,80,80,80,80,80,80,80,83,83,83,83,83,83],"card_choices":[{"not_picked":["Cleave","Iron Wave"],"picked":"Clothesline","floor":1},{"not_picked":["Heavy Blade","Evolve"],"picked":"Iron Wave","floor":2},{"not_picked":["Clothesline","Body Slam","Second Wind"],"picked":"SKIP","floor":5},{"not_picked":["True Grit","Feel No Pain"],"picked":"Entrench","floor":7},{"not_picked":["Burning Pact","Bloodletting"],"picked":"Feed","floor":10},{"not_picked":["Sentinel","Combust"],"picked":"Shockwave","floor":11},{"not_picked":["Twin Strike","Flex"],"picked":"Power Through","floor":13},{"not_picked":["Flex","Dual Wield"],"picked":"Shrug It Off","floor":14},{"not_picked":["Double Tap","Immolate"],"picked":"Offering","floor":16}],"player_experience":2228832,"relics_obtained":[{"floor":4,"key":"Mercury Hourglass"},{"floor":7,"key":"PreservedInsect"},{"floor":9,"key":"Vajra"},{"floor":10,"key":"Orichalcum"},{"floor":13,"key":"Pantograph"}],"event_choices":[{"damage_healed":0,"gold_gain":75,"player_choice":"Gather Gold","damage_taken":11,"max_hp_gain":0,"max_hp_loss":0,"event_name":"World of Goop","floor":3,"gold_loss":0},{"damage_healed":0,"gold_gain":0,"player_choice":"Relic","damage_taken":0,"max_hp_gain":0,"max_hp_loss":0,"event_name":"Wheel of Change","floor":4,"gold_loss":0}],"is_beta":false,"boss_relics":[{"not_picked":["Lizard Tail","Tiny House"],"picked":"Runic Pyramid"}],"items_purged_floors":[],"is_endless":false,"potions_floor_spawned":[5,10,16],"killed_by":"Spheric Guardian","ascension_level":13}