{"gold_per_floor":[118,133,150,325,400,400,457,457,483,110,128,128,157,175,175,175],"floor_reached":16,"playtime":54620,"items_purged":["Doubt"],"score":171,"play_id":"8ecd9615-6896-41f8-8f86-396100808abe","local_time":"20181205151040","is_ascension_mode":true,"campfire_choices":[{"data":"Deadly Poison","floor":6,"key":"SMITH"},{"data":"Bouncing Flask","floor":8,"key":"SMITH"},{"floor":12,"key":"REST"},{"floor":15,"key":"REST"}],"neow_cost":"NONE","seed_source_timestamp":130188499946720,"circlet_count":0,"master_deck":["AscendersBane","Defend_G","Defend_G","Defend_G","Defend_G","Defend_G","Strike_G","Strike_G","Strike_G","Strike_G","Strike_G","Survivor","Neutralize","Poisoned Stab","Deadly Poison+1","Bane","Bouncing Flask+1","Footwork","PiercingWail","Blur"],"relics":["Ring of the Snake","NeowsBlessing","Tiny Chest","Lantern","The Specimen","Bronze Scales"],"potions_floor_usage":[7,13,16,16],"damage_taken":[{"damage":0,"enemies":"2 Louse","floor":1,"turns":1},{"damage":0,"enemies":"Jaw Worm","floor":2,"turns":1},{"damage":0,"enemies":"Cultist","floor":3,"turns":1},{"damage":18,"enemies":"Lagavulin","floor":7,"turns":6},{"damage":9,"enemies":"Exordium Thugs","floor":11,"turns":3},{"damage":31,"enemies":"3 Sentries","floor":13,"turns":7},{"damage":2,"enemies":"Large Slime","floor":14,"turns":6},{"damage":19,"enemies":"Slime Boss","floor":16,"turns":6}],"seed_played":"-5687311876292496414","potions_obtained":[{"floor":1,"key":"GhostInAJar"},{"floor":3,"key":"Ancient Potion"},{"floor":13,"key":"SteroidPotion"},{"floor":14,"key":"Regen Potion"}],"is_trial":false,"path_per_floor":["M","M","M","?","?","R","E","R","T","$","M","R","E","M","R","B"],"character_chosen":"THE_SILENT","items_purchased":["The Specimen"],"campfire_rested":2,"item_purchase_floors":[10],"current_hp_per_floor":[63,63,63,63,52,52,34,34,34,34,25,46,15,13,34,30],"gold":175,"neow_bonus":"THREE_ENEMY_KILL","is_prod":false,"is_daily":false,"chose_seed":false,"campfire_upgraded":2,"win_rate":0,"timestamp":1544019040,"path_taken":["M","M","M","?","?","R","E","R","T","$","M","R","E","M","R","BOSS"],"build_version":"2018-11-15","purchased_purges":1,"victory":false,"max_hp_per_floor":[70,70,70,70,70,70,70,70,70,70,70,70,70,70,70,70],"card_choices":[{"not_picked":["Terror","Deflect"],"picked":"Poisoned Stab","floor":1},{"not_picked":["Outmaneuver","Flying Knee"],"picked":"Deadly Poison","floor":2},{"not_picked":["Eviscerate","Dodge and Roll"],"picked":"Bane","floor":3},{"not_picked":["Malaise","Acrobatics"],"picked":"Bouncing Flask","floor":7},{"not_picked":["Masterful Stab","Riddle With Holes"],"picked":"Footwork","floor":11},{"not_picked":["Setup","Grand Finale"],"picked":"PiercingWail","floor":13},{"not_picked":["Bouncing Flask","Dagger Throw"],"picked":"Blur","floor":14}],"player_experience":1656773,"relics_obtained":[{"floor":7,"key":"Tiny Chest"},{"floor":9,"key":"Lantern"},{"floor":13,"key":"Bronze Scales"}],"event_choices":[{"damage_healed":0,"gold_gain":175,"player_choice":"AGREE","damage_taken":0,"max_hp_gain":0,"max_hp_loss":0,"event_name":"Liars Game","floor":4,"gold_loss":0,"cards_obtained":["Doubt"]},{"damage_healed":0,"gold_gain":75,"player_choice":"Gather Gold","damage_taken":11,"max_hp_gain":0,"max_hp_loss":0,"event_name":"World of Goop","floor":5,"gold_loss":0}],"is_beta":false,"boss_relics":[],"items_purged_floors":[10],"is_endless":false,"potions_floor_spawned":[1,3,13,14],"killed_by":"Slime Boss","ascension_level":11}