{"gold_per_floor":[109,109,109,160,173,173,211,211,211,255,279,318,334,349,349,475,475,499,499,499,524,19,19,52,67,90,145,145,166,166,187,187,308,308,323,323,323,179,179,213,213,249,249,47,47,0,0,15,15,15],"floor_reached":51,"playtime":5422,"items_purged":["Writhe"],"score":1332,"play_id":"68db083b-bdea-4a56-bfd5-693fca28936f","local_time":"20190117131327","is_ascension_mode":true,"campfire_choices":[{"data":"Whirlwind","floor":6.0,"key":"SMITH"},{"data":"Clothesline","floor":8.0,"key":"SMITH"},{"data":"Inflame","floor":15.0,"key":"SMITH"},{"floor":23.0,"key":"REST"},{"floor":28.0,"key":"REST"},{"data":"Limit Break","floor":30.0,"key":"SMITH"},{"data":"Heavy Blade","floor":32.0,"key":"SMITH"},{"floor":41.0,"key":"REST"},{"data":"Thinking Ahead","floor":45.0,"key":"SMITH"},{"floor":49,"key":"RECALL"}],"neow_cost":"NONE","seed_source_timestamp":639167776230169,"circlet_count":0,"master_deck":["AscendersBane","Strike_R","Strike_R","Strike_R","Strike_R","Strike_R","Defend_R","Defend_R","Defend_R","Defend_R","Bash","Clothesline+1","Whirlwind+1","Double Tap","Shrug It Off","Flex","Ghostly Armor","Inflame+1","Limit Break+1","Heavy Blade+1","Disarm","Flame Barrier","Offering","Thinking Ahead+1"],"special_seed":0,"relics":["Black Blood","NeowsBlessing","Golden Idol","Blood Vial","Juzu Bracelet","Singing Bowl","PreservedInsect","Ornamental Fan","Eternal Feather","MutagenicStrength","Bronze Scales","Shuriken","Orichalcum","Peace Pipe","Happy Flower","Regal Pillow","Oddly Smooth Stone","Strawberry","Darkstone Periapt","Pocketwatch","Blue Candle","Bag of Marbles","Red Mask"],"potions_floor_usage":[50],"damage_taken":[{"damage":0.0,"enemies":"Jaw Worm","floor":1.0,"turns":1.0},{"damage":0.0,"enemies":"2 Louse","floor":5.0,"turns":1.0},{"damage":0.0,"enemies":"3 Sentries","floor":7.0,"turns":2.0},{"damage":12.0,"enemies":"Gremlin Nob","floor":10.0,"turns":4.0},{"damage":0.0,"enemies":"Small Slimes","floor":11.0,"turns":2.0},{"damage":5.0,"enemies":"Lagavulin","floor":12.0,"turns":4.0},{"damage":0.0,"enemies":"3 Louse","floor":13.0,"turns":2.0},{"damage":1.0,"enemies":"Blue Slaver","floor":14.0,"turns":5.0},{"damage":68.0,"enemies":"Slime Boss","floor":16.0,"turns":10.0},{"damage":48.0,"enemies":"Spheric Guardian","floor":18.0,"turns":6.0},{"damage":7.0,"enemies":"Chosen","floor":21.0,"turns":4.0},{"damage":42.0,"enemies":"Slavers","floor":24.0,"turns":3.0},{"damage":24.0,"enemies":"Snake Plant","floor":25.0,"turns":4.0},{"damage":23.0,"enemies":"Centurion and Healer","floor":29.0,"turns":5.0},{"damage":6.0,"enemies":"3 Cultists","floor":31.0,"turns":3.0},{"damage":119.0,"enemies":"Champ","floor":33.0,"turns":11.0},{"damage":10.0,"enemies":"Orb Walker","floor":35.0,"turns":3.0},{"damage":65.0,"enemies":"Nemesis","floor":40.0,"turns":7.0},{"damage":32.0,"enemies":"Reptomancer","floor":42.0,"turns":7.0},{"damage":12,"enemies":"3 Shapes","floor":48,"turns":4},{"damage":94,"enemies":"Donu and Deca","floor":50,"turns":6}],"seed_played":"-2022061416453498549","potions_obtained":[{"floor":7.0,"key":"Regen Potion"},{"floor":10.0,"key":"Fire Potion"},{"floor":12.0,"key":"FairyPotion"},{"floor":13.0,"key":"FearPotion"},{"floor":16.0,"key":"Ancient Potion"},{"floor":18.0,"key":"EntropicBrew"},{"floor":24.0,"key":"SkillPotion"},{"floor":31.0,"key":"Fruit Juice"},{"floor":33.0,"key":"Dexterity Potion"},{"floor":40.0,"key":"PowerPotion"},{"floor":42.0,"key":"SpeedPotion"}],"is_trial":false,"path_per_floor":["M","?","?","?","M","R","E","R","T","E","M","E","M","M","R","B",null,"M","?","?","M","$","R","E","M","T","T","R","M","R","M","R","B",null,"M","?","?","$","?","E","R","E","T","$","R","?","?","M","R","B",null],"character_chosen":"IRONCLAD","items_purchased":["Shuriken","Orichalcum","Disarm","Oddly Smooth Stone","Bag of Marbles","Strength Potion"],"campfire_rested":3,"item_purchase_floors":[22,22,22,38,44,44],"current_hp_per_floor":[78,58,46,46,54,54,62,62,62,70,78,80,82,82,82,20,67,27,27,27,30,30,67,35,19,19,19,71,58,70,74,86,17,77,81,81,81,81,88,37,96,78,78,78,90,90,90,92,104,22],"gold":15,"neow_bonus":"THREE_ENEMY_KILL","is_prod":false,"is_daily":false,"chose_seed":false,"campfire_upgraded":6,"win_rate":0,"timestamp":1547727207,"path_taken":["M","?","?","?","M","R","E","R","T","E","M","E","M","M","R","BOSS","M","?","?","M","$","R","E","M","T","?","R","M","R","M","R","BOSS","M","?","?","$","?","E","R","E","T","$","R","?","?","M","R","BOSS"],"build_version":"2019-01-10","purchased_purges":1,"victory":true,"max_hp_per_floor":[80,80,80,80,80,80,80,80,80,80,80,80,82,82,82,82,82,82,82,82,84,84,84,86,86,86,86,86,88,88,90,90,97,97,99,99,99,99,106,108,108,110,110,110,110,110,110,112,112,112],"card_choices":[{"not_picked":["Shrug It Off","Power Through"],"picked":"Clothesline","floor":1.0},{"not_picked":["Armaments","Anger"],"picked":"Whirlwind","floor":5.0},{"not_picked":["Twin Strike","Hemokinesis"],"picked":"Double Tap","floor":7.0},{"not_picked":["Power Through","Burning Pact"],"picked":"Shrug It Off","floor":10.0},{"not_picked":["Thunderclap","Clash"],"picked":"Flex","floor":11.0},{"not_picked":["Searing Blow","Combust"],"picked":"Ghostly Armor","floor":12.0},{"not_picked":["Iron Wave","Burning Pact","Dual Wield"],"picked":"Singing Bowl","floor":13.0},{"not_picked":["Warcry","True Grit"],"picked":"Inflame","floor":14.0},{"not_picked":["Berserk","Exhume"],"picked":"Limit Break","floor":16.0},{"not_picked":["Thunderclap","Cleave"],"picked":"Heavy Blade","floor":18.0},{"not_picked":["Havoc","Fire Breathing","Flex"],"picked":"Singing Bowl","floor":21.0},{"not_picked":["Hemokinesis","True Grit","Havoc"],"picked":"Singing Bowl","floor":24.0},{"not_picked":["Shrug It Off","Flex"],"picked":"Flame Barrier","floor":25.0},{"not_picked":["Cleave","Spot Weakness","Ghostly Armor"],"picked":"Singing Bowl","floor":29.0},{"not_picked":["Second Wind","Flex","Sword Boomerang"],"picked":"Singing Bowl","floor":31.0},{"not_picked":["Berserk","Demon Form","Fiend Fire"],"picked":"Singing Bowl","floor":33.0},{"not_picked":["Body Slam","Pummel+1","Heavy Blade"],"picked":"Singing Bowl","floor":35.0},{"not_picked":["Discovery","Secret Weapon"],"picked":"Thinking Ahead","floor":37.0},{"not_picked":["Feel No Pain","Twin Strike","Hemokinesis"],"picked":"Singing Bowl","floor":40.0},{"not_picked":["Second Wind+1","Hemokinesis+1","Heavy Blade"],"picked":"Singing Bowl","floor":42.0},{"not_picked":["Fire Breathing","Infernal Blade","Sword Boomerang"],"picked":"Singing Bowl","floor":48}],"player_experience":1965695,"relics_obtained":[{"floor":7.0,"key":"Juzu Bracelet"},{"floor":9.0,"key":"Singing Bowl"},{"floor":10.0,"key":"PreservedInsect"},{"floor":12.0,"key":"Ornamental Fan"},{"floor":24.0,"key":"Peace Pipe"},{"floor":26.0,"key":"Happy Flower"},{"floor":27.0,"key":"Regal Pillow"},{"floor":39.0,"key":"Strawberry"},{"floor":40.0,"key":"Darkstone Periapt"},{"floor":42.0,"key":"Pocketwatch"},{"floor":43.0,"key":"Blue Candle"}],"event_choices":[{"damage_healed":0.0,"max_hp_gain":0.0,"max_hp_loss":0.0,"gold_gain":0.0,"event_name":"Golden Idol","player_choice":"Take Damage","floor":2.0,"gold_loss":0.0,"damage_taken":20.0,"relics_obtained":["Golden Idol"]},{"damage_healed":0.0,"max_hp_gain":0.0,"max_hp_loss":0.0,"gold_gain":0.0,"event_name":"Scrap Ooze","player_choice":"Success","floor":3.0,"gold_loss":0.0,"damage_taken":12.0,"relics_obtained":["Blood Vial"]},{"damage_healed":0.0,"max_hp_gain":0.0,"max_hp_loss":0.0,"gold_gain":51.0,"event_name":"Golden Wing","player_choice":"Gained Gold","floor":4.0,"gold_loss":0.0,"damage_taken":0.0},{"damage_healed":0.0,"max_hp_gain":0.0,"max_hp_loss":0.0,"gold_gain":0.0,"event_name":"Drug Dealer","player_choice":"Inject Mutagens","floor":19.0,"gold_loss":0.0,"damage_taken":0.0,"relics_obtained":["MutagenicStrength"]},{"damage_healed":0.0,"max_hp_gain":0.0,"max_hp_loss":0.0,"gold_gain":0.0,"event_name":"The Mausoleum","player_choice":"Opened","floor":20.0,"gold_loss":0.0,"damage_taken":0.0,"relics_obtained":["Bronze Scales"],"cards_obtained":["Writhe"]},{"damage_healed":0.0,"max_hp_gain":0.0,"max_hp_loss":0.0,"gold_gain":0.0,"event_name":"Match and Keep!","player_choice":"1 cards matched","floor":36.0,"gold_loss":0.0,"damage_taken":0.0,"cards_obtained":["Offering"]},{"damage_healed":0.0,"max_hp_gain":0.0,"max_hp_loss":0.0,"gold_gain":0.0,"event_name":"SensoryStone","player_choice":"Memory 1","floor":37.0,"gold_loss":0.0,"damage_taken":0.0},{"damage_healed":0.0,"max_hp_gain":0.0,"max_hp_loss":0.0,"gold_gain":0.0,"event_name":"Wheel of Change","player_choice":"Relic","floor":39.0,"gold_loss":0.0,"damage_taken":0.0},{"damage_healed":0.0,"max_hp_gain":0.0,"max_hp_loss":0.0,"gold_gain":0.0,"event_name":"Tomb of Lord Red Mask","player_choice":"Paid","floor":46.0,"gold_loss":47.0,"damage_taken":0.0,"relics_obtained":["Red Mask"]},{"damage_healed":0,"gold_gain":0,"player_choice":"Ignored","damage_taken":0,"max_hp_gain":0,"max_hp_loss":0,"event_name":"Mysterious Sphere","floor":47,"gold_loss":0}],"is_beta":false,"boss_relics":[{"not_picked":["Runic Dome","Coffee Dripper"],"picked":"Eternal Feather"},{"not_picked":["Velvet Choker","White Beast Statue"],"picked":"Black Blood"}],"items_purged_floors":[22],"is_endless":false,"potions_floor_spawned":[7,10,12,13,16,18,21,24,31,33,40,42],"ascension_level":12}