{"gold_per_floor":[110,110,171,190,208,208,246,246,246,285,304,323,344,12,12,137,137,137],"floor_reached":18,"playtime":4439,"items_purged":[],"score":249,"play_id":"3f0b33bb-5503-4d33-a830-47f005b9f736","local_time":"20180901163414","is_ascension_mode":true,"campfire_choices":[{"data":"Terror","floor":6.0,"key":"SMITH"},{"data":"Choke","floor":8.0,"key":"SMITH"},{"floor":15.0,"key":"DIG"}],"neow_cost":"NONE","seed_source_timestamp":0,"circlet_count":0,"master_deck":["Survivor","Neutralize","Choke+1","Acrobatics","Terror+1","Sucker Punch","Dodge and Roll","Backflip","Prepared","Backstab","Glass Knife","Leg Sweep","Poisoned Stab","Flying Knee","Backflip","Blur","Finisher","Predator","Cloak And Dagger","Poisoned Stab","Dodge and Roll"],"special_seed":0,"relics":["Busted Crown","Golden Idol","Bird Faced Urn","Pantograph","Regal Pillow","Shovel","Art of War","Pandora\u0027s Box"],"potions_floor_usage":[],"damage_taken":[{"damage":0.0,"enemies":"Small Slimes","floor":1.0,"turns":4.0},{"damage":0.0,"enemies":"2 Louse","floor":4.0,"turns":4.0},{"damage":6.0,"enemies":"Cultist","floor":5.0,"turns":4.0},{"damage":16.0,"enemies":"Gremlin Nob","floor":7.0,"turns":4.0},{"damage":12.0,"enemies":"Lagavulin","floor":10.0,"turns":5.0},{"damage":0.0,"enemies":"2 Fungi Beasts","floor":11.0,"turns":4.0},{"damage":1.0,"enemies":"3 Louse","floor":12.0,"turns":3.0},{"damage":12.0,"enemies":"Gremlin Gang","floor":13.0,"turns":5.0},{"damage":39.0,"enemies":"Slime Boss","floor":16.0,"turns":16.0},{"damage":0,"enemies":"3 Byrds","floor":18,"turns":1}],"seed_played":"-8285300112731204267","potions_obtained":[{"floor":1.0,"key":"SneckoOil"},{"floor":4.0,"key":"Weak Potion"},{"floor":10.0,"key":"Weak Potion"},{"floor":16.0,"key":"Explosive Potion"}],"is_trial":false,"path_per_floor":["M","?","?","M","M","R","E","R","T","E","M","M","M","$","R","B",null],"character_chosen":"THE_SILENT","items_purchased":["Shovel","Backstab"],"campfire_rested":0,"item_purchase_floors":[14,14],"current_hp_per_floor":[63,63,63,63,57,57,41,41,41,29,29,28,16,16,16,2,49,49],"gold":137,"neow_bonus":"BOSS_RELIC","is_prod":false,"is_daily":false,"chose_seed":false,"campfire_upgraded":2,"win_rate":0,"timestamp":1535812454,"path_taken":["M","?","?","M","?","R","E","R","T","E","M","M","M","$","R","BOSS","M"],"build_version":"2018-08-30","purchased_purges":0,"victory":false,"max_hp_per_floor":[70,65,65,65,65,65,65,65,65,65,65,65,65,65,65,65,65,65],"card_choices":[{"not_picked":[],"picked":"Choke","floor":1.0},{"not_picked":[],"picked":"Acrobatics","floor":4.0},{"not_picked":[],"picked":"Terror","floor":5.0},{"not_picked":[],"picked":"Sucker Punch","floor":7.0},{"not_picked":[],"picked":"Dodge and Roll","floor":10.0},{"not_picked":[],"picked":"Backflip","floor":11.0},{"not_picked":["Choke"],"picked":"SKIP","floor":12.0},{"not_picked":[],"picked":"Prepared","floor":13.0},{"not_picked":[],"picked":"Glass Knife","floor":16.0}],"player_experience":952951,"relics_obtained":[{"floor":7.0,"key":"Bird Faced Urn"},{"floor":9.0,"key":"Pantograph"},{"floor":10.0,"key":"Regal Pillow"},{"floor":15.0,"key":"Art of War"}],"event_choices":[{"event_name":"Golden Idol","player_choice":"Lose Max HP","floor":2.0,"damage_taken":0.0},{"event_name":"Golden Wing","player_choice":"Gained Gold","floor":3.0,"damage_taken":0.0}],"is_beta":false,"boss_relics":[{"not_picked":["Lizard Tail","Eternal Feather"],"picked":"Pandora\u0027s Box"}],"items_purged_floors":[],"is_endless":false,"potions_floor_spawned":[1,4,10,16],"killed_by":"3 Byrds","ascension_level":9}