{"path_per_floor":["M","?","M","T","M","R","E","R","T","M","E","$","?","?","R"],"character_chosen":"THE_SILENT","items_purchased":["Trip"],"gold_per_floor":[19,19,38,116,127,127,160,160,160,172,197,20,20,20,20,20],"floor_reached":16,"campfire_rested":2,"playtime":621,"current_hp_per_floor":[70,56,56,56,56,56,16,37,37,37,8,8,8,1,22,0],"items_purged":["Strike_G"],"gold":20,"score":130,"play_id":"dcaf80c9-6069-49a8-b751-90570cbcd104","local_time":"20180511143659","is_prod":false,"is_daily":false,"chose_seed":false,"is_ascension_mode":true,"campfire_upgraded":1,"timestamp":1526042219,"path_taken":["M","?","M","?","M","R","E","R","T","M","E","$","?","?","R","BOSS"],"build_version":"2018-05-10","seed_source_timestamp":0,"purchased_purges":1,"victory":false,"master_deck":["Defend_G+1","Defend_G","Defend_G","Defend_G","Defend_G","Strike_G","Strike_G","Strike_G","Strike_G+1","Survivor","Neutralize","Phantasmal Killer+1","Riddle With Holes","Cloak And Dagger","Cloak And Dagger","Backflip","Tools of the Trade","Quick Slash","Trip"],"max_hp_per_floor":[70,70,70,70,70,70,70,70,70,70,70,70,70,70,70,70],"relics":["Ring of the Snake","Darkstone Periapt","Bronze Scales","Blue Candle","Frozen Egg 2"],"card_choices":[{"not_picked":["Night Terror","Wraith Form v2"],"picked":"Phantasmal Killer","floor":0.0},{"not_picked":["Sucker Punch","Flying Knee"],"picked":"Riddle With Holes","floor":1},{"not_picked":["Acrobatics","Poisoned Stab"],"picked":"Cloak And Dagger","floor":3},{"not_picked":["Acrobatics","Poisoned Stab"],"picked":"Cloak And Dagger","floor":5},{"not_picked":["Bane","Deadly Poison"],"picked":"Backflip","floor":7},{"not_picked":["Endless Agony","Deflect"],"picked":"Tools of the Trade","floor":10},{"not_picked":["Deadly Poison","Slice"],"picked":"Quick Slash","floor":11}],"player_experience":455896,"potions_floor_usage":[16,16],"damage_taken":[{"damage":0,"enemies":"Jaw Worm","floor":1,"turns":7},{"damage":0,"enemies":"Cultist","floor":3,"turns":2},{"damage":0,"enemies":"2 Louse","floor":5,"turns":2},{"damage":40,"enemies":"Lagavulin","floor":7,"turns":6},{"damage":0,"enemies":"Looter","floor":10,"turns":3},{"damage":29,"enemies":"Gremlin Nob","floor":11,"turns":4},{"damage":26,"enemies":"The Guardian","floor":16,"turns":13}],"event_choices":[{"event_name":"Shining Light","player_choice":"Entered Light","floor":2,"damage_taken":0},{"event_name":"Golden Wing","player_choice":"Ignored","floor":13,"damage_taken":0},{"event_name":"Scrap Ooze","player_choice":"unsuccessful","floor":14,"damage_taken":7}],"boss_relics":[],"potions_floor_spawned":[1,7,11],"seed_played":"6786889768309818410","killed_by":"The Guardian","ascension_level":4,"is_trial":false}