{"gold_per_floor":[217,228,239,239,36,36,71,84,111,111,126,146,221,80,80,157,157,177,190,190,240,165,165,78,78,78,97,97,110,145,162,162,162],"floor_reached":33,"playtime":1321,"items_purged":["Decay"],"score":534,"play_id":"9244a8d0-7e5c-4ffe-a657-ec07320851b4","local_time":"20181022214408","is_ascension_mode":true,"campfire_choices":[{"data":"Neutralize","floor":6.0,"key":"SMITH"},{"floor":10.0,"key":"REST"},{"data":"Noxious Fumes","floor":15.0,"key":"SMITH"},{"data":"Footwork","floor":23.0,"key":"SMITH"},{"data":"Caltrops","floor":25.0,"key":"SMITH"},{"floor":28.0,"key":"REST"},{"data":"Cloak And Dagger","floor":32.0,"key":"SMITH"}],"neow_cost":"NONE","seed_source_timestamp":409275367514664,"circlet_count":0,"master_deck":["Defend_G","Defend_G","Defend_G","Defend_G","Defend_G","Strike_G","Strike_G","Strike_G","Strike_G","Strike_G","Survivor","Neutralize+1","AscendersBane","Dagger Throw","PiercingWail","Dagger Throw","Infinite Blades","Dash","Backstab","Noxious Fumes+1","Footwork+1","Cloak And Dagger+1","Adrenaline","Acrobatics","Caltrops+1","Cloak And Dagger","Dodge and Roll","Dash","Noxious Fumes"],"special_seed":0,"relics":["Ring of the Snake","Snake Skull","Bronze Scales","Eternal Feather","Ornamental Fan","Ancient Tea Set"],"potions_floor_usage":[33,33],"damage_taken":[{"damage":6.0,"enemies":"Small Slimes","floor":1.0,"turns":4.0},{"damage":0.0,"enemies":"Jaw Worm","floor":2.0,"turns":7.0},{"damage":3.0,"enemies":"Cultist","floor":3.0,"turns":5.0},{"damage":26.0,"enemies":"Gremlin Nob","floor":7.0,"turns":4.0},{"damage":10.0,"enemies":"Gremlin Gang","floor":8.0,"turns":6.0},{"damage":0.0,"enemies":"Exordium Thugs","floor":11.0,"turns":4.0},{"damage":0.0,"enemies":"Lots of Slimes","floor":12.0,"turns":4.0},{"damage":1.0,"enemies":"Hexaghost","floor":16.0,"turns":10.0},{"damage":31.0,"enemies":"Chosen","floor":18.0,"turns":6.0},{"damage":12.0,"enemies":"Spheric Guardian","floor":19.0,"turns":6.0},{"damage":21.0,"enemies":"3 Cultists","floor":27.0,"turns":6.0},{"damage":4.0,"enemies":"Centurion and Healer","floor":29.0,"turns":9.0},{"damage":22.0,"enemies":"Book of Stabbing","floor":30.0,"turns":5.0},{"damage":5.0,"enemies":"Snake Plant","floor":31.0,"turns":5.0},{"damage":41,"enemies":"Automaton","floor":33,"turns":8}],"seed_played":"-314086615632265065","potions_obtained":[{"floor":3.0,"key":"Explosive Potion"},{"floor":11.0,"key":"Energy Potion"},{"floor":19.0,"key":"Strength Potion"}],"is_trial":false,"path_per_floor":["M","M","M","?","$","R","E","M","T","R","M","M","?","$","R","B",null,"M","M","?","?","$","R","$","R","T","M","R","M","E","M","R"],"character_chosen":"THE_SILENT","items_purchased":["Infinite Blades","Dash","GhostInAJar","Footwork","Cloak And Dagger","GhostInAJar"],"campfire_rested":2,"item_purchase_floors":[5,5,5,14,14,24],"current_hp_per_floor":[53,53,50,50,50,50,24,14,14,33,33,33,22,22,22,21,55,24,12,12,12,12,27,27,42,42,21,55,51,29,24,39,0],"gold":162,"neow_bonus":"HUNDRED_GOLD","is_prod":false,"is_daily":false,"chose_seed":false,"campfire_upgraded":5,"win_rate":0,"timestamp":1540259048,"path_taken":["M","M","M","?","$","R","E","M","T","R","M","M","?","$","R","BOSS","M","M","?","?","$","R","$","R","T","?","R","?","E","M","R","BOSS"],"build_version":"2018-10-18","purchased_purges":1,"victory":false,"max_hp_per_floor":[66,66,66,66,66,66,66,66,66,66,66,66,66,66,66,66,66,66,66,66,66,66,66,66,66,66,66,66,66,66,66,66,66],"card_choices":[{"not_picked":["Bane","Blade Dance"],"picked":"Dagger Throw","floor":1.0},{"not_picked":["Backflip","Outmaneuver"],"picked":"PiercingWail","floor":2.0},{"not_picked":["Outmaneuver","Flying Knee"],"picked":"Dagger Throw","floor":3.0},{"not_picked":["Concentrate","Prepared","Distraction"],"picked":"SKIP","floor":7.0},{"not_picked":["Blur","Blade Dance"],"picked":"Backstab","floor":8.0},{"not_picked":["Finisher","Cloak And Dagger"],"picked":"Noxious Fumes","floor":11.0},{"not_picked":["Heel Hook","Dagger Throw","Flechettes"],"picked":"SKIP","floor":12.0},{"not_picked":["Corpse Explosion","Unload"],"picked":"Adrenaline","floor":16.0},{"not_picked":["Tactician","Dagger Throw"],"picked":"Acrobatics","floor":18.0},{"not_picked":["Deflect","Quick Slash"],"picked":"Caltrops","floor":19.0},{"not_picked":["Caltrops","Bane"],"picked":"Cloak And Dagger","floor":27.0},{"not_picked":["Skewer","Quick Slash"],"picked":"Dodge and Roll","floor":29.0},{"not_picked":["Grand Finale","Dagger Throw"],"picked":"Dash","floor":30.0},{"not_picked":["Prepared","Dodge and Roll"],"picked":"Noxious Fumes","floor":31.0}],"player_experience":1069337,"relics_obtained":[{"floor":7.0,"key":"Snake Skull"},{"floor":9.0,"key":"Bronze Scales"},{"floor":26.0,"key":"Ornamental Fan"},{"floor":30.0,"key":"Ancient Tea Set"}],"event_choices":[{"damage_healed":0.0,"max_hp_gain":0.0,"max_hp_loss":0.0,"gold_gain":0.0,"event_name":"The Cleric","player_choice":"Leave","floor":4.0,"gold_loss":0.0,"damage_taken":0.0},{"damage_healed":0.0,"max_hp_gain":0.0,"max_hp_loss":0.0,"gold_gain":75.0,"event_name":"World of Goop","player_choice":"Gather Gold","floor":13.0,"gold_loss":0.0,"damage_taken":11.0},{"damage_healed":0.0,"max_hp_gain":0.0,"max_hp_loss":0.0,"gold_gain":0.0,"event_name":"Forgotten Altar","player_choice":"Smashed Altar","floor":20.0,"gold_loss":0.0,"damage_taken":0.0,"cards_obtained":["Decay"]},{"damage_healed":0.0,"max_hp_gain":0.0,"max_hp_loss":0.0,"gold_gain":50.0,"event_name":"Nest","player_choice":"Stole From Cult","floor":21.0,"gold_loss":0.0,"damage_taken":0.0}],"is_beta":false,"boss_relics":[{"not_picked":["White Beast Statue","Coffee Dripper"],"picked":"Eternal Feather"}],"items_purged_floors":[22],"is_endless":false,"potions_floor_spawned":[3,8,11,19,27,31],"killed_by":"Automaton","ascension_level":20}