{"path_per_floor":["M","M","?","M","?","E","R","E","T","$","E","$","R","M","R","B",null,"M","M","?","M","$","R","M","E","T","T","?"],"character_chosen":"IRONCLAD","items_purchased":["Flex","Block Potion","Perfected Strike","Offering","Strength Potion"],"gold_per_floor":[12,29,29,39,39,73,73,103,103,6,34,8,8,19,19,123,123,138,154,204,223,27,27,41,70,119,119,34,34],"floor_reached":29,"campfire_rested":0,"playtime":1477,"current_hp_per_floor":[80,80,80,80,80,63,63,45,45,45,56,56,56,70,70,30,87,78,75,75,69,69,69,59,31,31,31,31,0],"items_purged":[],"gold":34,"score":312,"play_id":"f3322cc5-8063-43fe-8a5e-4c9826f46367","local_time":"20180423170505","is_prod":false,"is_daily":false,"chose_seed":false,"is_ascension_mode":true,"campfire_upgraded":4,"timestamp":1524495905,"path_taken":["M","M","?","M","?","E","R","E","T","$","E","$","R","M","R","BOSS","M","M","?","M","$","R","M","E","T","?","?","M"],"build_version":"2018-04-19","seed_source_timestamp":84708840004159,"purchased_purges":1,"victory":false,"master_deck":["Strike_R","Strike_R","Strike_R","Strike_R","Strike_R","Defend_R","Defend_R+1","Defend_R","Defend_R","Bash+1","Pommel Strike","Cleave","Feed+1","Sever Soul","Dual Wield+1","Flex","Flex","Perfected Strike","Hemokinesis+1","Limit Break","Flame Barrier+1","Shrug It Off","Pommel Strike","Offering","Seeing Red"],"max_hp_per_floor":[80,80,80,80,80,83,83,83,83,83,83,83,83,87,87,87,87,91,95,95,95,95,95,95,95,95,95,95,99],"relics":["Burning Blood","Magic Flower","Bronze Scales","Meat on the Bone","War Paint","Orichalcum","White Beast Statue","Mummified Hand","Ancient Tea Set","Molten Egg 2","Question Card"],"card_choices":[{"not_picked":["Armaments","Clash"],"picked":"Pommel Strike","floor":1.0},{"not_picked":["Sword Boomerang","Twin Strike"],"picked":"Cleave","floor":2.0},{"not_picked":["Flex","Warcry"],"picked":"Feed","floor":4.0},{"not_picked":["Shockwave","Heavy Blade"],"picked":"Sever Soul","floor":6.0},{"not_picked":["Seeing Red","Limit Break"],"picked":"Dual Wield","floor":8.0},{"not_picked":["Havoc","Cleave"],"picked":"Flex","floor":11.0},{"not_picked":["Carnage","Anger"],"picked":"Hemokinesis","floor":14.0},{"not_picked":["Berserk","Brutality"],"picked":"Limit Break","floor":16.0},{"not_picked":["Blood for Blood","Twin Strike"],"picked":"Flame Barrier","floor":18},{"not_picked":["Infernal Blade","Corruption"],"picked":"Shrug It Off","floor":19},{"not_picked":["Heavy Blade","Seeing Red"],"picked":"Pommel Strike","floor":21},{"not_picked":["Body Slam","Headbutt"],"picked":"Seeing Red","floor":25}],"player_experience":365257,"potions_floor_usage":[21,21,21,24,24,25,29],"damage_taken":[{"damage":4.0,"enemies":"2 Louse","floor":1.0,"turns":4.0},{"damage":4.0,"enemies":"Jaw Worm","floor":2.0,"turns":3.0},{"damage":1.0,"enemies":"Cultist","floor":4.0,"turns":3.0},{"damage":31.0,"enemies":"3 Sentries","floor":6.0,"turns":9.0},{"damage":27.0,"enemies":"Gremlin Nob","floor":8.0,"turns":4.0},{"damage":16.0,"enemies":"Lagavulin","floor":11.0,"turns":7.0},{"damage":1.0,"enemies":"3 Louse","floor":14.0,"turns":2.0},{"damage":67.0,"enemies":"The Guardian","floor":16.0,"turns":10.0},{"damage":24,"enemies":"Shell Parasite","floor":18,"turns":4},{"damage":18,"enemies":"Chosen","floor":19,"turns":6},{"damage":15,"enemies":"Sentry and Sphere","floor":21,"turns":4},{"damage":37,"enemies":"Centurion and Healer","floor":24,"turns":5},{"damage":55,"enemies":"Book of Stabbing","floor":25,"turns":6},{"damage":50,"enemies":"Slaver and Parasite","floor":29,"turns":3}],"event_choices":[{"event_name":"Golden Idol","player_choice":"Ignored","floor":3.0,"damage_taken":0.0},{"event_name":"The Cleric","player_choice":"Leave","floor":5.0,"damage_taken":0.0},{"event_name":"The Joust","player_choice":"Bet on Murderer","floor":20,"damage_taken":0},{"event_name":"Addict","player_choice":"Obtained Relic","floor":28,"damage_taken":0}],"boss_relics":[],"potions_floor_spawned":[4,8,16,18,19,21,24,25],"seed_played":"2628542600601227291","killed_by":"Slaver and Parasite","ascension_level":2,"is_trial":false}