{"gold_per_floor":[109,109,109,120,45,45,79,79,79,96,109,164,178,195,195,292,292,308,102,302,313,313,313,313,338,338,338,365,382,382,401,401,497,497,517,534,82,95,110,110,139,156,210,210,226,257,257,64,64,64],"floor_reached":51,"playtime":11761,"items_purged":["Strike_G","Defend_G","Skewer+1"],"score":1171,"play_id":"5ce6acf5-203b-4c0d-96ce-ed6ac53d47e8","local_time":"20190208000459","is_ascension_mode":true,"campfire_choices":[{"data":"Leg Sweep","floor":6.0,"key":"SMITH"},{"floor":8.0,"key":"REST"},{"floor":15.0,"key":"REST"},{"floor":23.0,"key":"REST"},{"floor":30,"key":"REST"},{"data":"Noxious Fumes","floor":32,"key":"SMITH"},{"data":"After Image","floor":40,"key":"SMITH"},{"floor":44,"key":"REST"},{"data":"Panache","floor":49,"key":"SMITH"}],"neow_cost":"PERCENT_DAMAGE","seed_source_timestamp":0,"circlet_count":0,"master_deck":["AscendersBane","Defend_G+1","Defend_G+1","Defend_G+1","Survivor+1","Neutralize+1","Leg Sweep+1","Dagger Spray+1","Backflip+1","Flechettes+1","Well Laid Plans+1","Cloak And Dagger+1","Deflect+1","Cloak And Dagger+1","Caltrops+1","After Image+1","Slice+1","Flying Knee+1","Blur+1","Noxious Fumes+1","Cloak And Dagger+1","Leg Sweep+1","Backstab+1","Calculated Gamble+1","A Thousand Cuts+1","Terror+1","Heel Hook+1","Noxious Fumes+1","PiercingWail+1","Blur+1","Backstab+1","Panache+1"],"special_seed":0,"relics":["Ring of the Snake","Pocketwatch","Dream Catcher","Art of War","Tiny Chest","Astrolabe","Nilry\u0027s Codex","Oddly Smooth Stone","Girya","Blue Candle","Calipers","FossilizedHelix","Sozu","Letter Opener","Regal Pillow","Juzu Bracelet","Toxic Egg 2","Mark of the Bloom"],"potions_floor_usage":[36,50],"damage_taken":[{"damage":0.0,"enemies":"Jaw Worm","floor":1.0,"turns":8.0},{"damage":1.0,"enemies":"2 Louse","floor":4.0,"turns":4.0},{"damage":26.0,"enemies":"Gremlin Nob","floor":7.0,"turns":6.0},{"damage":0.0,"enemies":"Cultist","floor":10.0,"turns":3.0},{"damage":0.0,"enemies":"Blue Slaver","floor":11.0,"turns":4.0},{"damage":8.0,"enemies":"3 Sentries","floor":12.0,"turns":8.0},{"damage":0.0,"enemies":"Gremlin Gang","floor":13.0,"turns":5.0},{"damage":0.0,"enemies":"Looter","floor":14.0,"turns":4.0},{"damage":45.0,"enemies":"Slime Boss","floor":16.0,"turns":18.0},{"damage":0.0,"enemies":"3 Byrds","floor":18.0,"turns":4.0},{"damage":0.0,"enemies":"Chosen","floor":21.0,"turns":5.0},{"damage":2.0,"enemies":"Book of Stabbing","floor":25.0,"turns":8.0},{"damage":26.0,"enemies":"Slavers","floor":28.0,"turns":9.0},{"damage":0.0,"enemies":"Shelled Parasite and Fungi","floor":29.0,"turns":7.0},{"damage":0,"enemies":"Chosen and Byrds","floor":31,"turns":5},{"damage":11,"enemies":"Champ","floor":33,"turns":18},{"damage":0,"enemies":"Orb Walker","floor":35,"turns":5},{"damage":12,"enemies":"3 Darklings","floor":36,"turns":4},{"damage":0,"enemies":"Maw","floor":38,"turns":8},{"damage":0,"enemies":"Spire Growth","floor":39,"turns":6},{"damage":20,"enemies":"Giant Head","floor":41,"turns":10},{"damage":0,"enemies":"4 Shapes","floor":42,"turns":7},{"damage":0,"enemies":"Transient","floor":45,"turns":5},{"damage":0,"enemies":"Nemesis","floor":46,"turns":11},{"damage":15,"enemies":"Donu and Deca","floor":50,"turns":9}],"seed_played":"2425040223741162344","potions_obtained":[{"floor":1.0,"key":"Swift Potion"},{"floor":13.0,"key":"Dexterity Potion"},{"floor":16.0,"key":"PowerPotion"},{"floor":21.0,"key":"GhostInAJar"},{"floor":33,"key":"FearPotion"}],"is_trial":false,"path_per_floor":["M","?","?","M","$","R","E","R","T","M","M","E","M","M","R","B",null,"M","$","?","M","?","R","T","E","T","T","E","M","R","M","R","B",null,"M","M","$","M","M","R","E","M","T","R","M","E","?","$","R","B",null],"character_chosen":"THE_SILENT","items_purchased":["Blur","Noxious Fumes","Letter Opener","Noxious Fumes","Panache"],"campfire_rested":5,"item_purchase_floors":[19,19,37,37,48],"current_hp_per_floor":[45,68,50,49,49,49,23,44,44,44,44,36,36,36,57,12,56,56,56,56,56,40,61,61,59,59,59,33,33,54,54,54,43,63,63,51,51,51,51,51,31,31,31,67,67,67,67,67,67,52],"gold":64,"neow_bonus":"REMOVE_TWO","is_prod":false,"is_daily":false,"chose_seed":false,"campfire_upgraded":4,"win_rate":0,"timestamp":1549551899,"path_taken":["M","?","?","M","$","R","E","R","T","?","M","E","M","M","R","BOSS","M","$","?","?","?","R","?","E","T","?","E","M","R","M","R","BOSS","M","M","$","M","?","R","E","M","T","R","M","E","?","$","R","BOSS"],"build_version":"2019-01-23","purchased_purges":3,"victory":true,"max_hp_per_floor":[70,70,70,70,70,70,70,70,70,70,70,70,70,70,70,70,70,70,70,70,70,70,70,70,70,70,70,70,70,70,70,70,70,70,70,70,70,70,70,70,70,70,70,70,70,70,70,70,70,70],"card_choices":[{"not_picked":["Accuracy","Deflect"],"picked":"Leg Sweep","floor":1.0},{"not_picked":["Outmaneuver","Dagger Throw"],"picked":"Dagger Spray","floor":4.0},{"not_picked":["Sucker Punch","Acrobatics"],"picked":"Backflip","floor":7.0},{"not_picked":["PiercingWail","Quick Slash"],"picked":"Flechettes","floor":8.0},{"not_picked":["Night Terror","Escape Plan"],"picked":"Well Laid Plans","floor":10.0},{"not_picked":["Deadly Poison","PiercingWail"],"picked":"Cloak And Dagger","floor":11.0},{"not_picked":["Choke","Poisoned Stab"],"picked":"Deflect","floor":12.0},{"not_picked":["Dagger Spray","Finisher","Acrobatics"],"picked":"SKIP","floor":13.0},{"not_picked":["Dagger Throw","Calculated Gamble"],"picked":"Cloak And Dagger","floor":14.0},{"not_picked":["Accuracy","Deflect"],"picked":"Caltrops","floor":15.0},{"not_picked":["Unload","Wraith Form v2"],"picked":"After Image","floor":16.0},{"not_picked":["Flechettes","Flying Knee","Sucker Punch"],"picked":"SKIP","floor":18.0},{"not_picked":["Sucker Punch","Dagger Spray"],"picked":"Cloak And Dagger","floor":21.0},{"not_picked":["Phantasmal Killer","Quick Slash"],"picked":"Leg Sweep","floor":25.0},{"not_picked":["Prepared","Underhanded Strike","Sucker Punch+1"],"picked":"SKIP","floor":28.0},{"not_picked":["Heel Hook","Distraction+1"],"picked":"Backstab","floor":29},{"not_picked":["Riddle With Holes+1","Predator"],"picked":"Calculated Gamble","floor":30},{"not_picked":["Distraction","Outmaneuver","Blade Dance"],"picked":"SKIP","floor":31},{"not_picked":["Venomology","Grand Finale"],"picked":"A Thousand Cuts","floor":33},{"not_picked":["Outmaneuver","Finisher"],"picked":"Terror+1","floor":35},{"not_picked":["Slice","Backflip"],"picked":"Heel Hook","floor":36},{"not_picked":["Tactician+1","Bane+1","Outmaneuver+1"],"picked":"SKIP","floor":38},{"not_picked":["Backflip","Eviscerate+1"],"picked":"PiercingWail","floor":39},{"not_picked":["Skewer","PiercingWail","Quick Slash"],"picked":"SKIP","floor":41},{"not_picked":["Well Laid Plans","Setup"],"picked":"Blur","floor":42},{"not_picked":["Backflip","Unload"],"picked":"Backstab","floor":45},{"not_picked":["Reflex","Acrobatics+1","Well Laid Plans"],"picked":"SKIP","floor":46}],"player_experience":532613,"relics_obtained":[{"floor":7.0,"key":"Dream Catcher"},{"floor":9.0,"key":"Art of War"},{"floor":12.0,"key":"Tiny Chest"},{"floor":22.0,"key":"Nilry\u0027s Codex"},{"floor":24.0,"key":"Oddly Smooth Stone"},{"floor":25.0,"key":"Girya"},{"floor":26.0,"key":"Blue Candle"},{"floor":27.0,"key":"Calipers"},{"floor":28.0,"key":"FossilizedHelix"},{"floor":41,"key":"Regal Pillow"},{"floor":43,"key":"Juzu Bracelet"},{"floor":46,"key":"Toxic Egg 2"}],"event_choices":[{"damage_healed":23.0,"max_hp_gain":0.0,"max_hp_loss":0.0,"gold_gain":0.0,"event_name":"Big Fish","player_choice":"Banana","floor":2.0,"gold_loss":0.0,"damage_taken":0.0},{"damage_healed":0.0,"max_hp_gain":0.0,"max_hp_loss":0.0,"gold_gain":0.0,"event_name":"Scrap Ooze","player_choice":"Success","floor":3.0,"gold_loss":0.0,"damage_taken":18.0,"relics_obtained":["Pocketwatch"]},{"damage_healed":0.0,"max_hp_gain":0.0,"max_hp_loss":0.0,"gold_gain":200.0,"event_name":"Wheel of Change","player_choice":"Gold","floor":20.0,"gold_loss":0.0,"damage_taken":0.0},{"damage_healed":0.0,"max_hp_gain":0.0,"max_hp_loss":0.0,"gold_gain":0.0,"event_name":"Cursed Tome","player_choice":"Obtained Book","floor":22.0,"gold_loss":0.0,"damage_taken":16.0},{"damage_healed":0,"gold_gain":0,"player_choice":"Upgrade","damage_taken":0,"relics_obtained":["Mark of the Bloom"],"max_hp_gain":0,"max_hp_loss":0,"event_name":"MindBloom","floor":47,"gold_loss":0,"cards_upgraded":["Defend_G","Defend_G","Defend_G","Survivor","Neutralize","Dagger Spray","Backflip","Flechettes","Well Laid Plans","Cloak And Dagger","Deflect","Cloak And Dagger","Caltrops","Blur","Cloak And Dagger","Leg Sweep","Backstab","Calculated Gamble","A Thousand Cuts","Heel Hook","Noxious Fumes","PiercingWail","Blur","Backstab"]}],"is_beta":false,"boss_relics":[{"not_picked":["Snecko Eye","Runic Dome"],"picked":"Astrolabe"},{"not_picked":["Ring of the Serpent","HoveringKite"],"picked":"Sozu"}],"items_purged_floors":[5,19,37],"is_endless":false,"potions_floor_spawned":[1,13,14,16,21,25,33,45,46],"ascension_level":12}