{"gold_per_floor":[119,136,46,46,62,62,93,105,144,188,36,67,94,107,107,236,236,219,219,318,243,262,262,293,87,141,141,341,341,121,159,159,159],"floor_reached":33,"playtime":875,"items_purged":["Pain","Normality","Decay"],"score":499,"play_id":"81bfcae5-b5ee-4039-a806-a7cb36a0ab84","local_time":"20181026195259","is_ascension_mode":true,"campfire_choices":[{"data":"Inflame","floor":6.0,"key":"SMITH"},{"floor":8.0,"key":"REST"},{"data":"Infernal Blade","floor":15,"key":"SMITH"},{"floor":23,"key":"REST"},{"floor":27,"key":"REST"},{"floor":29,"key":"REST"},{"data":"Juggernaut","floor":32,"key":"SMITH"}],"neow_cost":"NONE","seed_source_timestamp":68186827800063,"circlet_count":0,"master_deck":["Strike_R","Strike_R","Strike_R","Strike_R","Defend_R","Defend_R","Defend_R","Defend_R","Bash","AscendersBane","Shrug It Off","Twin Strike","Bandage Up","Inflame+1","Immolate","Thunderclap","Evolve","Infernal Blade+1","Heavy Blade","Flame Barrier","Juggernaut+1","Spot Weakness+1","Twin Strike","Clothesline","Perfected Strike"],"special_seed":0,"relics":["Runic Dome","WarpedTongs","MawBank","Orichalcum","Art of War","The Courier","Odd Mushroom","Golden Idol","Calling Bell","Boot","Frozen Egg 2","WingedGreaves","Sundial","Red Skull","Bag of Preparation","Happy Flower","Pen Nib"],"potions_floor_usage":[16,24,31],"damage_taken":[{"damage":1.0,"enemies":"Cultist","floor":1.0,"turns":3.0},{"damage":4.0,"enemies":"Jaw Worm","floor":2.0,"turns":3.0},{"damage":11.0,"enemies":"Small Slimes","floor":5.0,"turns":3.0},{"damage":22.0,"enemies":"Gremlin Nob","floor":7.0,"turns":4.0},{"damage":15.0,"enemies":"3 Sentries","floor":10.0,"turns":6.0},{"damage":2.0,"enemies":"Lagavulin","floor":12.0,"turns":5.0},{"damage":16.0,"enemies":"The Mushroom Lair","floor":13.0,"turns":3.0},{"damage":4,"enemies":"Looter","floor":14,"turns":3},{"damage":24,"enemies":"The Guardian","floor":16,"turns":7},{"damage":13,"enemies":"2 Thieves","floor":18,"turns":4},{"damage":28,"enemies":"Shell Parasite","floor":22,"turns":5},{"damage":31,"enemies":"Book of Stabbing","floor":24,"turns":4},{"damage":0,"enemies":"Gremlin Leader","floor":31,"turns":3},{"damage":90,"enemies":"Collector","floor":33,"turns":7}],"seed_played":"910634893730016206","potions_obtained":[{"floor":10.0,"key":"SpeedPotion"},{"floor":12.0,"key":"Energy Potion"},{"floor":16,"key":"Fire Potion"}],"is_trial":false,"path_per_floor":["M","M","$","?","M","R","E","R","T","E","$","E","?","M","R","B",null,"M","?","?","?","M","R","E","$","T","R","?","R","$","E","R"],"character_chosen":"IRONCLAD","items_purchased":["Bandage Up","Evolve","SteroidPotion","Red Skull","Happy Flower"],"campfire_rested":4,"item_purchase_floors":[3,11,11,25,30],"current_hp_per_floor":[71,67,67,67,62,62,44,68,68,57,57,61,49,49,49,29,63,54,54,54,54,30,52,21,21,21,43,43,65,65,69,69,0],"gold":159,"neow_bonus":"BOSS_RELIC","is_prod":false,"is_daily":false,"chose_seed":false,"campfire_upgraded":3,"win_rate":0,"timestamp":1540576379,"path_taken":["M","M","?","?","M","R","E","R","T","E","$","E","?","M","R","BOSS","M","?","?","?","?","R","E","$","T","R","?","R","$","E","R","BOSS"],"build_version":"2018-10-25v2","purchased_purges":3,"victory":false,"max_hp_per_floor":[80,80,80,80,80,80,80,80,80,80,80,80,74,74,74,74,74,74,74,74,74,74,74,74,74,74,74,74,74,74,74,74,74],"card_choices":[{"not_picked":["Thunderclap","Burning Pact"],"picked":"Shrug It Off","floor":1.0},{"not_picked":["Bloodletting","Armaments"],"picked":"Twin Strike","floor":2.0},{"not_picked":["True Grit","Anger"],"picked":"Inflame","floor":5.0},{"not_picked":["Armaments","Heavy Blade"],"picked":"Immolate","floor":7.0},{"not_picked":["Second Wind","Headbutt"],"picked":"Thunderclap","floor":10.0},{"not_picked":["Iron Wave","Blood for Blood"],"picked":"Infernal Blade","floor":12.0},{"not_picked":["Flex","Headbutt"],"picked":"Heavy Blade","floor":13},{"not_picked":["Perfected Strike","Power Through"],"picked":"Flame Barrier","floor":14},{"not_picked":["Berserk","Offering"],"picked":"Juggernaut","floor":16},{"not_picked":["Havoc","Intimidate"],"picked":"Spot Weakness+1","floor":18},{"not_picked":["Dual Wield","Flex"],"picked":"Clothesline","floor":22},{"not_picked":["Havoc","True Grit"],"picked":"Perfected Strike","floor":24},{"not_picked":["Thunderclap","Sword Boomerang","True Grit"],"picked":"SKIP","floor":31}],"player_experience":1111892,"relics_obtained":[{"floor":7.0,"key":"MawBank"},{"floor":9.0,"key":"Orichalcum"},{"floor":10.0,"key":"Art of War"},{"floor":12.0,"key":"The Courier"},{"floor":13,"key":"Odd Mushroom"},{"floor":17,"key":"Boot"},{"floor":17,"key":"Frozen Egg 2"},{"floor":17,"key":"WingedGreaves"},{"floor":24,"key":"Sundial"},{"floor":26,"key":"Bag of Preparation"},{"floor":31,"key":"Pen Nib"}],"event_choices":[{"damage_healed":0.0,"max_hp_gain":0.0,"max_hp_loss":0.0,"gold_gain":0.0,"event_name":"Accursed Blacksmith","player_choice":"Rummage","floor":4.0,"gold_loss":0.0,"damage_taken":0.0,"relics_obtained":["WarpedTongs"],"cards_obtained":["Pain"]},{"damage_healed":0.0,"max_hp_gain":0.0,"max_hp_loss":0.0,"gold_gain":0.0,"event_name":"Mushrooms","player_choice":"Fought Mushrooms","floor":13.0,"gold_loss":0.0,"damage_taken":0.0},{"damage_healed":0,"gold_gain":0,"player_choice":"Lose Max HP","damage_taken":0,"relics_obtained":["Golden Idol"],"max_hp_gain":0,"max_hp_loss":6,"event_name":"Golden Idol","floor":13,"gold_loss":0},{"damage_healed":0,"gold_gain":0,"cards_transformed":["Strike_R"],"player_choice":"Transformed","damage_taken":0,"max_hp_gain":0,"max_hp_loss":0,"event_name":"Transmorgrifier","floor":19,"gold_loss":0,"cards_obtained":["Twin Strike"]},{"damage_healed":0,"gold_gain":99,"player_choice":"Stole From Cult","damage_taken":0,"max_hp_gain":0,"max_hp_loss":0,"event_name":"Nest","floor":20,"gold_loss":0},{"cards_removed":["Normality"],"damage_healed":0,"gold_gain":0,"player_choice":"Gave Gold","damage_taken":0,"max_hp_gain":0,"max_hp_loss":0,"event_name":"Beggar","floor":21,"gold_loss":75},{"damage_healed":0,"gold_gain":250,"player_choice":"Bet on Owner","damage_taken":0,"max_hp_gain":0,"max_hp_loss":0,"event_name":"The Joust","floor":28,"gold_loss":50}],"is_beta":false,"boss_relics":[{"not_picked":["Black Star","Cursed Key"],"picked":"Calling Bell"}],"items_purged_floors":[11,25,30],"is_endless":false,"potions_floor_spawned":[10,12,13,14,16,18,22],"killed_by":"Collector","ascension_level":11}