{"gold_per_floor":[20,20,20,44,44,44,63,102,102,136,136,189,208,223,223,351,351,351,351,351],"floor_reached":20,"playtime":597,"items_purged":[],"score":264,"play_id":"ddb75698-00bf-4c25-a0ea-647b1029d181","local_time":"20181006225853","is_ascension_mode":true,"campfire_choices":[{"data":"Zap","floor":6,"key":"SMITH"},{"data":"1","floor":11,"key":"LIFT"},{"data":"2","floor":15,"key":"LIFT"}],"neow_cost":"NO_GOLD","seed_source_timestamp":36665127757248,"circlet_count":0,"master_deck":["Strike_B","Strike_B","Strike_B","Strike_B","Defend_B","Defend_B","Defend_B","Zap+1","Dualcast","Leap","Defragment","Rebound","Chaos","Auto Shields","Conserve Battery","Rebound","Rainbow","Steam+1","Necronomicurse"],"relics":["Cracked Core","FossilizedHelix","Golden Idol","Nunchaku","Question Card","Girya","Regal Pillow","Ectoplasm","Necronomicon"],"potions_floor_usage":[7,8,16],"damage_taken":[{"damage":2,"enemies":"Jaw Worm","floor":1,"turns":4},{"damage":0,"enemies":"Small Slimes","floor":4,"turns":3},{"damage":0,"enemies":"2 Louse","floor":7,"turns":3},{"damage":10,"enemies":"3 Sentries","floor":8,"turns":6},{"damage":11,"enemies":"Lagavulin","floor":10,"turns":7},{"damage":0,"enemies":"Blue Slaver","floor":13,"turns":3},{"damage":0,"enemies":"Large Slime","floor":14,"turns":4},{"damage":37,"enemies":"Slime Boss","floor":16,"turns":10},{"damage":11,"enemies":"3 Byrds","floor":18,"turns":5},{"damage":0,"enemies":"2 Thieves","floor":20,"turns":1}],"seed_played":"-7401862833903877533","potions_obtained":[{"floor":1,"key":"Fruit Juice"},{"floor":4,"key":"SpeedPotion"},{"floor":10,"key":"Explosive Potion"},{"floor":14,"key":"Ancient Potion"},{"floor":16,"key":"EssenceOfSteel"}],"is_trial":false,"path_per_floor":["M","?","?","M","?","R","M","E","T","E","R","T","M","M","R","B",null,"M","?"],"character_chosen":"DEFECT","items_purchased":[],"campfire_rested":0,"item_purchase_floors":[],"current_hp_per_floor":[66,66,66,66,66,66,71,61,61,50,50,50,50,50,50,13,59,48,32,32],"gold":351,"neow_bonus":"ONE_RARE_RELIC","is_prod":false,"is_daily":false,"chose_seed":false,"campfire_upgraded":1,"win_rate":0,"timestamp":1538859533,"path_taken":["M","?","?","M","?","R","M","E","T","E","R","?","?","?","R","BOSS","M","?","?"],"build_version":"2018-10-04v2","purchased_purges":0,"victory":false,"max_hp_per_floor":[75,75,69,69,69,69,74,74,74,74,74,74,74,74,74,74,74,74,74,74],"card_choices":[{"not_picked":["Capacitor","Blizzard"],"picked":"Leap","floor":1},{"not_picked":["Gash","Sweeping Beam"],"picked":"Defragment","floor":4},{"not_picked":["Compile Driver","Conserve Battery"],"picked":"Rebound","floor":7},{"not_picked":["Buffer","Sweeping Beam"],"picked":"Chaos","floor":8},{"not_picked":["Compile Driver","Chaos","Meteor Strike"],"picked":"Auto Shields","floor":10},{"not_picked":["Go for the Eyes","Recycle","Aggregate"],"picked":"Conserve Battery","floor":13},{"not_picked":["Self Repair","Auto Shields","Capacitor"],"picked":"Rebound","floor":14},{"not_picked":["Multi-Cast","Hyperbeam","Core Surge"],"picked":"Rainbow","floor":16},{"not_picked":["Chaos","Go for the Eyes","Redo"],"picked":"Steam+1","floor":18}],"player_experience":1056231,"relics_obtained":[{"floor":8,"key":"Nunchaku"},{"floor":9,"key":"Question Card"},{"floor":10,"key":"Girya"},{"floor":12,"key":"Regal Pillow"},{"floor":19,"key":"Necronomicon"}],"event_choices":[{"event_name":"The Cleric","player_choice":"Leave","floor":2,"damage_taken":0},{"event_name":"Golden Idol","player_choice":"Lose Max HP","floor":3,"damage_taken":0},{"event_name":"Bonfire Elementals","player_choice":"BASIC","floor":5,"damage_taken":0},{"event_name":"Cursed Tome","player_choice":"Obtained Book","floor":19,"damage_taken":0}],"is_beta":false,"boss_relics":[{"not_picked":["Philosopher\u0027s Stone","Runic Pyramid"],"picked":"Ectoplasm"}],"items_purged_floors":[],"is_endless":false,"potions_floor_spawned":[1,4,10,14,16],"killed_by":"2 Thieves","ascension_level":9}