{"gold_per_floor":[110,122,142,142,152,178,178,211,211,176,152,162,190,210,210,310,310,330,346,346],"floor_reached":20,"playtime":3263,"items_purged":[],"score":304,"play_id":"85b54ae8-b3e0-4b83-ba19-b9df6adc8b40","local_time":"20190112114852","is_ascension_mode":true,"campfire_choices":[{"floor":7,"key":"REST"},{"data":"Body Slam","floor":15,"key":"SMITH"}],"neow_cost":"NONE","seed_source_timestamp":204651670977975,"circlet_count":0,"master_deck":["AscendersBane","Strike_R+1","Strike_R","Strike_R","Strike_R+1","Strike_R","Defend_R","Defend_R","Defend_R","Defend_R","Bash+1","Shrug It Off","Anger","Cleave","Iron Wave","Pommel Strike","Shrug It Off","Clothesline","Body Slam+1","Disarm","Flex","Offering","Carnage+1","Heavy Blade"],"relics":["Black Blood","Happy Flower","Sundial","Whetstone","Blood Vial","Dodecahedron"],"potions_floor_usage":[6,8,13,16,18],"damage_taken":[{"damage":7,"enemies":"Jaw Worm","floor":1,"turns":3},{"damage":6,"enemies":"Cultist","floor":2,"turns":4},{"damage":7,"enemies":"2 Louse","floor":3,"turns":3},{"damage":7,"enemies":"Exordium Wildlife","floor":5,"turns":5},{"damage":39,"enemies":"Lagavulin","floor":6,"turns":6},{"damage":15,"enemies":"3 Sentries","floor":8,"turns":5},{"damage":15,"enemies":"2 Fungi Beasts","floor":12,"turns":3},{"damage":17,"enemies":"Lagavulin","floor":13,"turns":5},{"damage":0,"enemies":"Blue Slaver","floor":14,"turns":3},{"damage":18,"enemies":"The Guardian","floor":16,"turns":10},{"damage":8,"enemies":"3 Byrds","floor":18,"turns":6},{"damage":29,"enemies":"2 Thieves","floor":19,"turns":4},{"damage":6,"enemies":"Shelled Parasite and Fungi","floor":20,"turns":2}],"seed_played":"-5349160879121776119","potions_obtained":[{"floor":5,"key":"SkillPotion"},{"floor":6,"key":"Explosive Potion"},{"floor":8,"key":"SpeedPotion"},{"floor":13,"key":"FearPotion"},{"floor":16,"key":"GamblersBrew"},{"floor":19,"key":"PowerPotion"}],"is_trial":false,"path_per_floor":["M","M","M","?","M","E","R","E","T","?","$","M","E","M","R","B",null,"M","M","M"],"character_chosen":"IRONCLAD","items_purchased":["Clothesline"],"campfire_rested":1,"item_purchase_floors":[11],"current_hp_per_floor":[71,71,70,70,69,36,60,51,51,71,71,64,55,63,63,53,73,77,60,56],"gold":346,"neow_bonus":"RANDOM_COMMON_RELIC","is_prod":false,"is_daily":false,"chose_seed":false,"campfire_upgraded":1,"win_rate":0,"timestamp":1547290132,"path_taken":["M","M","M","?","?","E","R","E","T","?","?","M","E","M","R","BOSS","M","M","M"],"build_version":"2019-01-10","purchased_purges":0,"victory":false,"max_hp_per_floor":[80,80,80,80,80,80,80,80,80,80,80,80,80,80,80,80,80,80,80,80],"card_choices":[{"not_picked":["True Grit","Wild Strike"],"picked":"Shrug It Off","floor":1},{"not_picked":["Seeing Red","Ghostly Armor"],"picked":"Anger","floor":2},{"not_picked":["Perfected Strike","True Grit"],"picked":"Cleave","floor":3},{"not_picked":["Rage","Intimidate"],"picked":"Iron Wave","floor":5},{"not_picked":["Double Tap","Shockwave"],"picked":"Pommel Strike","floor":6},{"not_picked":["Body Slam","Entrench"],"picked":"Shrug It Off","floor":8},{"not_picked":["Thunderclap","Armaments"],"picked":"Body Slam","floor":12},{"not_picked":["Twin Strike","Rupture"],"picked":"Disarm","floor":13},{"not_picked":["Iron Wave","Second Wind"],"picked":"Flex","floor":14},{"not_picked":["Exhume","Fiend Fire"],"picked":"Offering","floor":16},{"not_picked":["Pommel Strike","Perfected Strike"],"picked":"Carnage+1","floor":18},{"not_picked":["Uppercut","Body Slam"],"picked":"Heavy Blade","floor":19}],"player_experience":1936844,"relics_obtained":[{"floor":6,"key":"Sundial"},{"floor":8,"key":"Whetstone"},{"floor":9,"key":"Blood Vial"},{"floor":13,"key":"Dodecahedron"}],"event_choices":[{"damage_healed":0,"gold_gain":0,"player_choice":"Upgraded","damage_taken":0,"max_hp_gain":0,"max_hp_loss":0,"event_name":"Upgrade Shrine","floor":4,"gold_loss":0,"cards_upgraded":["Bash"]},{"damage_healed":20,"gold_gain":0,"player_choice":"Healed","damage_taken":0,"max_hp_gain":0,"max_hp_loss":0,"event_name":"The Cleric","floor":10,"gold_loss":35}],"is_beta":false,"boss_relics":[{"not_picked":["Lizard Tail","White Beast Statue"],"picked":"Black Blood"}],"items_purged_floors":[],"is_endless":false,"potions_floor_spawned":[5,6,8,13,16,19],"killed_by":"Shelled Parasite and Fungi","ascension_level":11}