{"gold_per_floor":[209,284,300,315,215,215,248,260,309,274,274,17,17,30,30,128,128,147,2,13,13,30,30,49,49,73,87,12,12,12,24,24,128,128,139,153,172,19,19,19,29,29,75,89,100,113,113,165,165,165],"floor_reached":50,"playtime":7952,"items_purged":[],"score":471,"play_id":"a306812a-b35e-4817-8aaf-30e19b948788","local_time":"20190217190629","is_ascension_mode":false,"campfire_choices":[{"data":"Neutralize","floor":6,"key":"SMITH"},{"data":"Footwork","floor":11,"key":"SMITH"},{"data":"Cloak And Dagger","floor":15,"key":"SMITH"},{"data":"Blur","floor":23,"key":"SMITH"},{"floor":25,"key":"REST"},{"data":"Envenom","floor":30,"key":"SMITH"},{"data":"After Image","floor":32,"key":"SMITH"},{"data":"Infinite Blades","floor":40,"key":"SMITH"},{"floor":42,"key":"REST"},{"floor":47,"key":"REST"},{"floor":49,"key":"REST"}],"neow_cost":"NONE","seed_source_timestamp":216610780733900,"circlet_count":0,"master_deck":["Defend_G","Defend_G","Defend_G","Defend_G","Defend_G","Strike_G","Strike_G","Strike_G","Strike_G","Strike_G","Survivor","Neutralize+1","Deflect+1","Quick Slash","Dagger Spray","Footwork+1","Poisoned Stab","Infinite Blades+1","Dodge and Roll+1","Cloak And Dagger+1","After Image+1","PiercingWail","Prepared","Blur+1","Dash","Caltrops","Envenom+1","Well Laid Plans","Adrenaline+1","Blade Dance+1","Deadly Poison+1","Parasite","Quick Slash+1","Backstab","Predator+1","Slice+1","Noxious Fumes"],"relics":["Ring of the Snake","Pantograph","Boot","Mummified Hand","WristBlade","Happy Flower","War Paint","MutagenicStrength","White Beast Statue","Pen Nib","Turnip"],"potions_floor_usage":[7,16,16,20,33,33,37,41,41,45,46,50],"damage_taken":[{"damage":0,"enemies":"Small Slimes","floor":1,"turns":3},{"damage":2,"enemies":"Jaw Worm","floor":3,"turns":4},{"damage":0,"enemies":"Cultist","floor":4,"turns":4},{"damage":6,"enemies":"Lagavulin","floor":7,"turns":10},{"damage":1,"enemies":"Looter","floor":8,"turns":3},{"damage":2,"enemies":"Blue Slaver","floor":14,"turns":4},{"damage":23,"enemies":"The Guardian","floor":16,"turns":13},{"damage":15,"enemies":"Spheric Guardian","floor":18,"turns":4},{"damage":5,"enemies":"2 Thieves","floor":20,"turns":4},{"damage":1,"enemies":"Centurion and Healer","floor":22,"turns":8},{"damage":5,"enemies":"Snake Plant","floor":24,"turns":8},{"damage":2,"enemies":"Shelled Parasite and Fungi","floor":27,"turns":5},{"damage":0,"enemies":"Cultist and Chosen","floor":31,"turns":5},{"damage":9,"enemies":"Automaton","floor":33,"turns":13},{"damage":13,"enemies":"3 Darklings","floor":35,"turns":7},{"damage":0,"enemies":"3 Shapes","floor":36,"turns":4},{"damage":0,"enemies":"Writhing Mass","floor":37,"turns":7},{"damage":12,"enemies":"Sphere and 2 Shapes","floor":41,"turns":4},{"damage":19,"enemies":"Jaw Worm Horde","floor":44,"turns":4},{"damage":12,"enemies":"3 Darklings","floor":45,"turns":6},{"damage":0,"enemies":"Spire Growth","floor":46,"turns":4},{"damage":14,"enemies":"2 Orb Walkers","floor":48,"turns":5},{"damage":73,"enemies":"Time Eater","floor":50,"turns":5}],"seed_played":"5172121372833487539","potions_obtained":[{"floor":1,"key":"PowerPotion"},{"floor":7,"key":"SkillPotion"},{"floor":8,"key":"SkillPotion"},{"floor":16,"key":"Energy Potion"},{"floor":18,"key":"LiquidBronze"},{"floor":27,"key":"SkillPotion"},{"floor":31,"key":"Ancient Potion"},{"floor":35,"key":"GhostInAJar"},{"floor":36,"key":"GhostInAJar"},{"floor":37,"key":"PowerPotion"},{"floor":41,"key":"SteroidPotion"},{"floor":44,"key":"GhostInAJar"},{"floor":45,"key":"GamblersBrew"},{"floor":46,"key":"Ancient Potion"},{"floor":48,"key":"Energy Potion"}],"is_trial":false,"path_per_floor":["M","?","M","M","$","R","E","M","T","?","R","$","$","M","R","B",null,"M","$","M","$","M","R","M","R","T","M","$","?","R","M","R","B",null,"M","M","M","$","?","R","M","R","T","M","M","M","R","?","R","B"],"character_chosen":"THE_SILENT","items_purchased":["Footwork","Poisoned Stab","Mummified Hand","Happy Flower","Envenom","Pen Nib"],"campfire_rested":4,"item_purchase_floors":[5,5,12,19,28,38],"current_hp_per_floor":[70,59,57,57,57,57,51,50,50,67,67,67,67,65,65,47,70,55,55,50,50,49,49,44,65,65,63,63,63,63,63,63,61,70,57,57,57,57,57,57,45,66,66,47,35,35,56,42,63,0],"gold":165,"neow_bonus":"HUNDRED_GOLD","is_prod":false,"is_daily":false,"chose_seed":false,"campfire_upgraded":7,"win_rate":0,"timestamp":1550448389,"path_taken":["M","?","M","M","$","R","E","M","T","?","R","?","$","M","R","BOSS","M","$","?","$","M","R","M","R","T","M","$","?","R","M","R","BOSS","M","M","M","$","?","R","M","R","T","M","M","?","R","?","R","BOSS"],"build_version":"2019-01-23","purchased_purges":0,"victory":false,"max_hp_per_floor":[70,70,70,70,70,70,70,70,70,70,70,70,70,70,70,70,70,70,70,70,70,70,70,70,70,70,70,70,70,70,70,70,70,70,70,70,70,70,70,70,70,70,70,70,70,70,70,70,70,70],"card_choices":[{"not_picked":["Heel Hook","Blade Dance"],"picked":"Deflect","floor":1},{"not_picked":["Calculated Gamble","Choke"],"picked":"Quick Slash","floor":3},{"not_picked":["Acrobatics","Infinite Blades"],"picked":"Dagger Spray","floor":4},{"not_picked":["Underhanded Strike","Bane"],"picked":"Infinite Blades","floor":7},{"not_picked":["Slice","Burst"],"picked":"Dodge and Roll","floor":8},{"not_picked":["Underhanded Strike","Riddle With Holes"],"picked":"Cloak And Dagger","floor":14},{"not_picked":["Malaise","Bullet Time"],"picked":"After Image","floor":16},{"not_picked":["Choke+1","Deadly Poison"],"picked":"PiercingWail","floor":18},{"not_picked":["Quick Slash","Crippling Poison"],"picked":"Prepared","floor":20},{"not_picked":["Caltrops","Skewer+1"],"picked":"Blur","floor":22},{"not_picked":["Dagger Throw","Reflex"],"picked":"Dash","floor":24},{"not_picked":["Underhanded Strike","Slice"],"picked":"Caltrops","floor":27},{"not_picked":["Underhanded Strike","Expertise"],"picked":"Well Laid Plans","floor":31},{"not_picked":["Bullet Time","Phantasmal Killer"],"picked":"Adrenaline","floor":33},{"not_picked":["Quick Slash","Dagger Throw"],"picked":"Blade Dance+1","floor":35},{"not_picked":["All Out Attack","Slice"],"picked":"Deadly Poison+1","floor":36},{"not_picked":["Concentrate+1","Poisoned Stab"],"picked":"Quick Slash+1","floor":37},{"not_picked":["Outmaneuver","Infinite Blades"],"picked":"Backstab","floor":41},{"not_picked":["Flechettes","Finisher+1"],"picked":"Predator+1","floor":44},{"not_picked":["Dagger Throw","Dagger Spray"],"picked":"Slice+1","floor":45},{"not_picked":["Glass Knife","Slice","Reflex"],"picked":"SKIP","floor":46},{"not_picked":["Bane+1","Prepared+1"],"picked":"Noxious Fumes","floor":48}],"player_experience":205540,"relics_obtained":[{"floor":7,"key":"Pantograph"},{"floor":9,"key":"Boot"},{"floor":26,"key":"War Paint"},{"floor":48,"key":"Turnip"}],"event_choices":[{"damage_healed":0,"gold_gain":75,"player_choice":"Gather Gold","damage_taken":11,"max_hp_gain":0,"max_hp_loss":0,"event_name":"World of Goop","floor":2,"gold_loss":0},{"damage_healed":17,"gold_gain":0,"player_choice":"Healed","damage_taken":0,"max_hp_gain":0,"max_hp_loss":0,"event_name":"The Cleric","floor":10,"gold_loss":35},{"damage_healed":0,"gold_gain":0,"player_choice":"Inject Mutagens","damage_taken":0,"relics_obtained":["MutagenicStrength"],"max_hp_gain":0,"max_hp_loss":0,"event_name":"Drug Dealer","floor":29,"gold_loss":0},{"damage_healed":0,"gold_gain":0,"player_choice":"Forge","damage_taken":0,"max_hp_gain":0,"max_hp_loss":0,"event_name":"Accursed Blacksmith","floor":39,"gold_loss":0,"cards_upgraded":["Adrenaline"]},{"damage_healed":0,"gold_gain":0,"player_choice":"Fight","damage_taken":0,"max_hp_gain":0,"max_hp_loss":0,"event_name":"Mysterious Sphere","floor":48,"gold_loss":0}],"is_beta":false,"boss_relics":[{"not_picked":["Eternal Feather","Philosopher\u0027s Stone"],"picked":"WristBlade"},{"not_picked":["Snecko Eye","Calling Bell"],"picked":"White Beast Statue"}],"items_purged_floors":[],"is_endless":false,"potions_floor_spawned":[1,7,8,16,18,27,31,35,36,37,41,44,45,46,48],"killed_by":"Time Eater","ascension_level":0}