{"gold_per_floor":[118,293,126,139,139,139,165,165,216,240,279,55,80,93,93,197,247,266,266,266,191,206,241,241,258,258,287,287,307,222,252,252,252],"floor_reached":33,"playtime":3651,"items_purged":["Doubt"],"score":536,"play_id":"5939c3b5-c511-4867-82c1-506898bb07ae","local_time":"20190111195639","is_ascension_mode":true,"campfire_choices":[{"data":"Decay","floor":6,"key":"PURGE"},{"data":"Flex","floor":8,"key":"SMITH"},{"data":"Corruption","floor":15,"key":"SMITH"},{"floor":24,"key":"REST"},{"data":"Bash","floor":28,"key":"SMITH"},{"floor":32,"key":"DIG"}],"neow_cost":"CURSE","seed_source_timestamp":147131966254799,"circlet_count":0,"master_deck":["AscendersBane","Strike_R+1","Strike_R","Strike_R","Strike_R","Defend_R","Defend_R","Defend_R","Defend_R","Bash+1","Rampage+1","Dramatic Entrance","Shrug It Off","Flex+1","Dropkick","Corruption+1","Dark Shackles","Flame Barrier","Thunderclap","Immolate","Pummel","Pommel Strike+1","Pummel+1","Perfected Strike+1","Warcry+1","Seeing Red+1","Sentinel","Flex"],"relics":["Burning Blood","Peace Pipe","Red Skull","MawBank","Bag of Preparation","PreservedInsect","Dream Catcher","Tiny House","Enchiridion","Bag of Marbles","Matryoshka","Ancient Tea Set","Orichalcum","Shovel","Anchor"],"potions_floor_usage":[7,13,22,31,31],"damage_taken":[{"damage":12,"enemies":"Jaw Worm","floor":1,"turns":5},{"damage":3,"enemies":"Cultist","floor":4,"turns":4},{"damage":27,"enemies":"Lagavulin","floor":7,"turns":6},{"damage":0,"enemies":"Small Slimes","floor":10,"turns":2},{"damage":16,"enemies":"Gremlin Nob","floor":11,"turns":3},{"damage":0,"enemies":"3 Sentries","floor":13,"turns":5},{"damage":0,"enemies":"2 Fungi Beasts","floor":14,"turns":3},{"damage":32,"enemies":"Hexaghost","floor":16,"turns":10},{"damage":16,"enemies":"Shell Parasite","floor":18,"turns":4},{"damage":9,"enemies":"3 Byrds","floor":22,"turns":4},{"damage":18,"enemies":"Book of Stabbing","floor":23,"turns":3},{"damage":0,"enemies":"Cultist and Chosen","floor":25,"turns":3},{"damage":20,"enemies":"Slavers","floor":27,"turns":2},{"damage":1,"enemies":"Centurion and Healer","floor":29,"turns":2},{"damage":22,"enemies":"Book of Stabbing","floor":31,"turns":4},{"damage":1,"enemies":"Automaton","floor":33,"turns":2}],"seed_played":"8966328842058330523","potions_obtained":[{"floor":1,"key":"Strength Potion"},{"floor":11,"key":"Block Potion"},{"floor":16,"key":"FearPotion"},{"floor":17,"key":"Regen Potion"},{"floor":27,"key":"Weak Potion"}],"is_trial":false,"path_per_floor":["M","?","$","M","?","R","E","R","T","M","E","$","E","M","R","B",null,"M","?","?","?","M","E","R","M","T","E","R","M","?","E","R","B"],"character_chosen":"IRONCLAD","items_purchased":["Dramatic Entrance","PreservedInsect","Dark Shackles"],"campfire_rested":1,"item_purchase_floors":[3,12,12],"current_hp_per_floor":[66,66,66,69,69,69,48,48,48,54,44,44,50,56,56,30,73,63,47,31,31,42,30,57,63,63,49,49,54,54,38,38,37],"gold":252,"neow_bonus":"ONE_RARE_RELIC","is_prod":false,"is_daily":false,"chose_seed":false,"campfire_upgraded":3,"win_rate":0,"timestamp":1547232999,"path_taken":["M","?","$","M","?","R","E","R","T","?","E","$","E","M","R","BOSS","M","?","?","?","M","E","R","M","T","E","R","M","?","E","R","BOSS"],"build_version":"2019-01-10","purchased_purges":1,"victory":false,"max_hp_per_floor":[80,80,80,80,80,80,80,80,80,80,80,80,80,80,80,80,85,85,90,90,90,90,90,90,90,90,90,90,90,90,90,90,90],"card_choices":[{"not_picked":["True Grit","Clothesline"],"picked":"Rampage","floor":1},{"not_picked":["Body Slam","Wild Strike"],"picked":"Shrug It Off","floor":4},{"not_picked":["Sentinel","Clothesline"],"picked":"Flex","floor":7},{"not_picked":["Havoc","Armaments"],"picked":"Dropkick","floor":10},{"not_picked":["Fiend Fire","Dual Wield"],"picked":"Corruption","floor":11},{"not_picked":["Pommel Strike","Flex"],"picked":"Flame Barrier","floor":13},{"not_picked":["Carnage","True Grit"],"picked":"Thunderclap","floor":14},{"not_picked":["Barricade","Feed"],"picked":"Immolate","floor":16},{"not_picked":["Battle Trance","Perfected Strike"],"picked":"Pummel","floor":17},{"not_picked":["Headbutt","Warcry"],"picked":"Pommel Strike+1","floor":18},{"not_picked":["Hemokinesis","Evolve"],"picked":"Pummel+1","floor":22},{"not_picked":["Clothesline","Flex"],"picked":"Perfected Strike+1","floor":23},{"not_picked":["Combust+1","Clothesline+1"],"picked":"Warcry+1","floor":25},{"not_picked":["Exhume","Clothesline+1"],"picked":"Seeing Red+1","floor":27},{"not_picked":["Flex","Headbutt"],"picked":"Sentinel","floor":29},{"not_picked":["Fire Breathing","Headbutt"],"picked":"Flex","floor":31}],"player_experience":1933193,"relics_obtained":[{"floor":7,"key":"Red Skull"},{"floor":9,"key":"MawBank"},{"floor":11,"key":"Bag of Preparation"},{"floor":13,"key":"Dream Catcher"},{"floor":20,"key":"Enchiridion"},{"floor":23,"key":"Bag of Marbles"},{"floor":26,"key":"Matryoshka"},{"floor":27,"key":"Ancient Tea Set"},{"floor":31,"key":"Shovel"},{"floor":32,"key":"Anchor"}],"event_choices":[{"damage_healed":0,"gold_gain":175,"player_choice":"AGREE","damage_taken":0,"max_hp_gain":0,"max_hp_loss":0,"event_name":"Liars Game","floor":2,"gold_loss":0,"cards_obtained":["Doubt"]},{"damage_healed":0,"gold_gain":0,"player_choice":"Forge","damage_taken":0,"max_hp_gain":0,"max_hp_loss":0,"event_name":"Accursed Blacksmith","floor":5,"gold_loss":0,"cards_upgraded":["Rampage"]},{"damage_healed":0,"gold_gain":0,"player_choice":"Shed Blood","damage_taken":21,"max_hp_gain":5,"max_hp_loss":0,"event_name":"Forgotten Altar","floor":19,"gold_loss":0},{"damage_healed":0,"gold_gain":0,"player_choice":"Obtained Book","damage_taken":16,"max_hp_gain":0,"max_hp_loss":0,"event_name":"Cursed Tome","floor":20,"gold_loss":0},{"cards_removed":["Strike_R"],"damage_healed":0,"gold_gain":0,"player_choice":"Gave Gold","damage_taken":0,"max_hp_gain":0,"max_hp_loss":0,"event_name":"Beggar","floor":21,"gold_loss":75},{"damage_healed":0,"gold_gain":0,"player_choice":"Obtained Relic","damage_taken":0,"relics_obtained":["Orichalcum"],"max_hp_gain":0,"max_hp_loss":0,"event_name":"Addict","floor":30,"gold_loss":85}],"is_beta":false,"boss_relics":[{"not_picked":["Pandora\u0027s Box","Fusion Hammer"],"picked":"Tiny House"}],"items_purged_floors":[3],"is_endless":false,"potions_floor_spawned":[1,11,16,27,29],"killed_by":"Automaton","ascension_level":11}