{"gold_per_floor":[217,237,77,77,77,103,103,122,122,122,133,160,69,104,104,178,178,192,207,122,172,189,221,238,238,238,238,254,254,254,254],"floor_reached":31,"playtime":1391,"items_purged":[],"score":566,"play_id":"9260c63e-5604-4283-ac75-7bc26c3c60c2","local_time":"20190208155214","is_ascension_mode":true,"campfire_choices":[{"floor":7.0,"key":"REST"},{"data":"Venomology","floor":10.0,"key":"SMITH"},{"floor":15.0,"key":"REST"},{"floor":27,"key":"REST"},{"floor":29,"key":"REST"}],"neow_cost":"NONE","seed_source_timestamp":9947042045891,"circlet_count":0,"master_deck":["AscendersBane","Defend_G","Defend_G","Defend_G","Defend_G","Defend_G","Strike_G+1","Strike_G","Strike_G","Strike_G+1","Survivor","Neutralize","Deflect","Flying Knee","Poisoned Stab","Well Laid Plans","Venomology+1","Backflip","Cloak And Dagger","Leg Sweep","Poisoned Stab","Die Die Die","Glass Knife","PiercingWail+1","Poisoned Stab","Bouncing Flask","Caltrops","Shame","Escape Plan+1","Decay"],"special_seed":0,"relics":["Ring of the Snake","Gremlin Horn","Singing Bowl","Whetstone","Blue Candle","Cursed Key","Ancient Tea Set","Snake Skull","FossilizedHelix"],"potions_floor_usage":[25,31,31],"damage_taken":[{"damage":1.0,"enemies":"2 Louse","floor":1.0,"turns":3.0},{"damage":4.0,"enemies":"Jaw Worm","floor":2.0,"turns":6.0},{"damage":46.0,"enemies":"Gremlin Nob","floor":6.0,"turns":5.0},{"damage":0.0,"enemies":"Cultist","floor":8.0,"turns":4.0},{"damage":8.0,"enemies":"Exordium Thugs","floor":11.0,"turns":4.0},{"damage":4.0,"enemies":"Lagavulin","floor":14.0,"turns":7.0},{"damage":21.0,"enemies":"Slime Boss","floor":16.0,"turns":12.0},{"damage":11.0,"enemies":"2 Thieves","floor":18.0,"turns":5.0},{"damage":2.0,"enemies":"3 Byrds","floor":19.0,"turns":7.0},{"damage":0.0,"enemies":"3 Cultists","floor":22.0,"turns":4.0},{"damage":16.0,"enemies":"Gremlin Leader","floor":23.0,"turns":5.0},{"damage":15.0,"enemies":"Snake Plant","floor":24.0,"turns":4.0},{"damage":0,"enemies":"Slavers","floor":25,"turns":1},{"damage":23,"enemies":"Shelled Parasite and Fungi","floor":28,"turns":6},{"damage":36,"enemies":"Gremlin Leader","floor":31,"turns":4}],"seed_played":"-3021128924591751541","potions_obtained":[{"floor":6.0,"key":"SkillPotion"},{"floor":14.0,"key":"Swift Potion"},{"floor":19.0,"key":"Explosive Potion"},{"floor":22.0,"key":"Strength Potion"},{"floor":23.0,"key":"SmokeBomb"}],"is_trial":false,"path_per_floor":["M","M","$","?","?","E","R","M","T","R","M","T","$","E","R","B",null,"M","M","?","?","M","E","M","E","T","R","M","R","?","E"],"character_chosen":"THE_SILENT","items_purchased":["Poisoned Stab","Well Laid Plans","Explosive Potion","Leg Sweep","Poisoned Stab"],"campfire_rested":4,"item_purchase_floors":[3,3,3,13,13],"current_hp_per_floor":[58,54,54,54,54,8,27,27,27,27,19,19,19,15,34,13,53,42,40,40,40,42,26,11,11,11,31,8,28,28,0],"gold":254,"neow_bonus":"HUNDRED_GOLD","is_prod":false,"is_daily":false,"chose_seed":false,"campfire_upgraded":1,"win_rate":0,"timestamp":1549659134,"path_taken":["M","M","$","?","?","E","R","M","T","R","?","?","?","E","R","BOSS","M","M","?","?","M","E","M","E","T","R","M","R","?","E"],"build_version":"2019-01-23","purchased_purges":0,"victory":false,"max_hp_per_floor":[66,66,66,66,66,66,66,66,66,66,66,66,66,66,66,66,66,66,66,66,66,68,68,68,68,68,68,68,68,68,68],"card_choices":[{"not_picked":["Prepared","Dodge and Roll"],"picked":"Deflect","floor":1.0},{"not_picked":["Blur","Acrobatics"],"picked":"Flying Knee","floor":2.0},{"not_picked":["Sucker Punch","Backflip"],"picked":"Venomology","floor":6.0},{"not_picked":["Underhanded Strike","Dagger Throw"],"picked":"Backflip","floor":8.0},{"not_picked":["Acrobatics","Quick Slash"],"picked":"Cloak And Dagger","floor":11.0},{"not_picked":["Accuracy","Underhanded Strike"],"picked":"Die Die Die","floor":14.0},{"not_picked":["Burst","Venomology"],"picked":"Glass Knife","floor":16.0},{"not_picked":["Slice","Accuracy"],"picked":"PiercingWail+1","floor":18.0},{"not_picked":["Infinite Blades","Masterful Stab"],"picked":"Poisoned Stab","floor":19.0},{"not_picked":["Bane","Dagger Throw","Heel Hook"],"picked":"Singing Bowl","floor":22.0},{"not_picked":["Prepared+1","Cloak And Dagger"],"picked":"Bouncing Flask","floor":23.0},{"not_picked":["Acrobatics","Heel Hook+1"],"picked":"Caltrops","floor":24.0},{"not_picked":["Flechettes","Envenom"],"picked":"Escape Plan+1","floor":28}],"player_experience":1166512,"relics_obtained":[{"floor":6.0,"key":"Gremlin Horn"},{"floor":9.0,"key":"Singing Bowl"},{"floor":12.0,"key":"Whetstone"},{"floor":14.0,"key":"Blue Candle"},{"floor":23.0,"key":"Snake Skull"},{"floor":26,"key":"FossilizedHelix"}],"event_choices":[{"damage_healed":0.0,"max_hp_gain":0.0,"max_hp_loss":0.0,"gold_gain":0.0,"event_name":"Liars Game","player_choice":"Ignored","floor":4.0,"gold_loss":0.0,"damage_taken":0.0},{"cards_removed":["Strike_G"],"damage_healed":0.0,"max_hp_gain":0.0,"max_hp_loss":0.0,"gold_gain":0.0,"event_name":"Purifier","player_choice":"Purged","floor":5.0,"gold_loss":0.0,"damage_taken":0.0},{"damage_healed":0.0,"max_hp_gain":0.0,"max_hp_loss":0.0,"gold_gain":0.0,"event_name":"Addict","player_choice":"Obtained Relic","floor":20.0,"gold_loss":85.0,"damage_taken":0.0,"relics_obtained":["Ancient Tea Set"]},{"damage_healed":0.0,"max_hp_gain":0.0,"max_hp_loss":0.0,"gold_gain":50.0,"event_name":"Nest","player_choice":"Stole From Cult","floor":21.0,"gold_loss":0.0,"damage_taken":0.0},{"damage_healed":0,"gold_gain":0,"player_choice":"Smashed Altar","damage_taken":0,"max_hp_gain":0,"max_hp_loss":0,"event_name":"Forgotten Altar","floor":30,"gold_loss":0,"cards_obtained":["Decay"]}],"is_beta":false,"boss_relics":[{"not_picked":["Coffee Dripper","Philosopher\u0027s Stone"],"picked":"Cursed Key"}],"items_purged_floors":[],"is_endless":false,"potions_floor_spawned":[6,8,14,19,22,23,25],"killed_by":"Gremlin Leader","ascension_level":20}