{"gold_per_floor":[117,136,149,6,17,52,52,63,63,82,82,82,97,97,97,222,285,308,185,201,221,234,234,234,234,279,279,297,313,313,326,326,326],"floor_reached":33,"playtime":2802,"items_purged":["Strike_R"],"score":341,"play_id":"4960da6c-5082-4c03-9aa5-43cbf2860803","local_time":"20190112204335","is_ascension_mode":true,"campfire_choices":[{"data":"Wild Strike","floor":7,"key":"SMITH"},{"data":"Evolve","floor":11,"key":"SMITH"},{"floor":15,"key":"REST"},{"floor":23,"key":"REST"},{"floor":27,"key":"REST"},{"floor":30,"key":"REST"},{"floor":32,"key":"REST"}],"neow_cost":"NONE","seed_source_timestamp":12009431337622411,"circlet_count":0,"master_deck":["Strike_R","Strike_R","Strike_R","Strike_R+1","Defend_R","Defend_R","Defend_R","Defend_R","Bash","Second Wind+1","Flex","Flame Barrier","Evolve+1","Wild Strike+1","Feed+1","Wild Strike","Iron Wave","Berserk","Feel No Pain","Rampage","Shrug It Off+1","Disarm","Rage+1"],"relics":["Burning Blood","Red Skull","The Courier","Pear","Golden Idol","Unceasing Top","Tiny House","Nilry\u0027s Codex","Anchor"],"potions_floor_usage":[22,22,22,29,33],"damage_taken":[{"damage":11,"enemies":"Jaw Worm","floor":1,"turns":4},{"damage":9,"enemies":"Small Slimes","floor":2,"turns":4},{"damage":0,"enemies":"Cultist","floor":3,"turns":3},{"damage":18,"enemies":"Lots of Slimes","floor":5,"turns":5},{"damage":25,"enemies":"3 Sentries","floor":6,"turns":11},{"damage":7,"enemies":"Exordium Thugs","floor":8,"turns":5},{"damage":6,"enemies":"Looter","floor":10,"turns":3},{"damage":9,"enemies":"Red Slaver","floor":13,"turns":4},{"damage":30,"enemies":"The Guardian","floor":16,"turns":12},{"damage":28,"enemies":"Chosen","floor":18,"turns":5},{"damage":16,"enemies":"Shell Parasite","floor":20,"turns":5},{"damage":27,"enemies":"Snake Plant","floor":21,"turns":5},{"damage":30,"enemies":"Chosen and Byrds","floor":22,"turns":9},{"damage":39,"enemies":"Cultist and Chosen","floor":28,"turns":11},{"damage":14,"enemies":"3 Cultists","floor":29,"turns":6},{"damage":36,"enemies":"Centurion and Healer","floor":31,"turns":7},{"damage":70,"enemies":"Automaton","floor":33,"turns":6}],"seed_played":"-2421407618244218075","potions_obtained":[{"floor":1,"key":"Poison Potion"},{"floor":3,"key":"SpeedPotion"},{"floor":5,"key":"Dexterity Potion"},{"floor":21,"key":"Strength Potion"},{"floor":22,"key":"PowerPotion"},{"floor":31,"key":"SkillPotion"}],"is_trial":false,"path_per_floor":["M","M","M","$","M","E","R","M","T","M","R","?","M","?","R","B",null,"M","$","M","M","M","R","?","?","T","R","M","M","R","M","R","B"],"character_chosen":"IRONCLAD","items_purchased":["Red Skull","Feel No Pain"],"campfire_rested":5,"item_purchase_floors":[4,19],"current_hp_per_floor":[75,72,78,78,66,47,47,46,56,59,59,36,36,29,57,33,85,67,67,57,36,12,43,27,27,27,58,25,17,48,22,54,0],"gold":326,"neow_bonus":"UPGRADE_CARD","is_prod":false,"is_daily":false,"chose_seed":false,"campfire_upgraded":2,"win_rate":0,"timestamp":1547322215,"path_taken":["M","M","M","$","M","E","R","M","T","M","R","?","M","?","R","BOSS","M","$","M","M","M","R","?","?","T","R","M","?","R","M","R","BOSS"],"build_version":"2019-01-10","purchased_purges":1,"victory":false,"max_hp_per_floor":[80,80,80,80,80,80,80,80,90,93,93,93,96,96,96,96,101,105,105,105,105,105,105,105,105,105,105,105,105,105,109,109,109],"card_choices":[{"not_picked":["Clash","Rage"],"picked":"Second Wind","floor":1},{"not_picked":["Armaments","Pummel"],"picked":"Flex","floor":2},{"not_picked":["Clash","Armaments"],"picked":"Flame Barrier","floor":3},{"not_picked":["Anger","Flame Barrier"],"picked":"Evolve","floor":5},{"not_picked":["Headbutt","Twin Strike"],"picked":"Wild Strike","floor":6},{"not_picked":["Flex","Dual Wield"],"picked":"Feed","floor":8},{"not_picked":["Headbutt","Fire Breathing"],"picked":"Wild Strike","floor":10},{"not_picked":["Flex","Headbutt"],"picked":"Iron Wave","floor":13},{"not_picked":["Double Tap","Feed"],"picked":"Berserk","floor":16},{"not_picked":["Shrug It Off","Pommel Strike","Pummel"],"picked":"SKIP","floor":18},{"not_picked":["Pummel","Shrug It Off"],"picked":"Rampage","floor":20},{"not_picked":["Body Slam","Twin Strike"],"picked":"Shrug It Off+1","floor":21},{"not_picked":["Twin Strike","Headbutt+1","Dropkick"],"picked":"SKIP","floor":22},{"not_picked":["Twin Strike+1","Anger"],"picked":"Disarm","floor":28},{"not_picked":["Anger","Reaper"],"picked":"Rage+1","floor":29},{"not_picked":["Feel No Pain","Armaments","Cleave"],"picked":"SKIP","floor":31}],"player_experience":213194,"relics_obtained":[{"floor":6,"key":"The Courier"},{"floor":9,"key":"Pear"},{"floor":24,"key":"Nilry\u0027s Codex"},{"floor":26,"key":"Anchor"}],"event_choices":[{"damage_healed":0,"gold_gain":0,"player_choice":"Take Damage","damage_taken":23,"relics_obtained":["Golden Idol"],"max_hp_gain":0,"max_hp_loss":0,"event_name":"Golden Idol","floor":12,"gold_loss":0},{"damage_healed":0,"gold_gain":0,"player_choice":"Success","damage_taken":7,"relics_obtained":["Unceasing Top"],"max_hp_gain":0,"max_hp_loss":0,"event_name":"Scrap Ooze","floor":14,"gold_loss":0},{"damage_healed":0,"gold_gain":0,"player_choice":"Obtained Book","damage_taken":16,"max_hp_gain":0,"max_hp_loss":0,"event_name":"Cursed Tome","floor":24,"gold_loss":0},{"damage_healed":0,"gold_gain":0,"player_choice":"Forge","damage_taken":0,"max_hp_gain":0,"max_hp_loss":0,"event_name":"Accursed Blacksmith","floor":25,"gold_loss":0,"cards_upgraded":["Second Wind"]}],"is_beta":false,"boss_relics":[{"not_picked":["Busted Crown","Calling Bell"],"picked":"Tiny House"}],"items_purged_floors":[19],"is_endless":false,"potions_floor_spawned":[1,3,5,13,20,21,22,29,31],"killed_by":"Automaton","ascension_level":5}