{"gold_per_floor":[114,125,144,144,159,187,187,197,221,221,221,232,232,266,266,359,359,359,359,359,100,60,60,60,60,60,60,60,60,60,60,60,60,60,60,60,60,60,60,60,60,60,60,60,0,0,0,0,0,0,0,0,0,0,0,0],"floor_reached":56,"playtime":2885,"items_purged":["Strike_B"],"score":2131,"play_id":"0ec4da16-ed8d-4534-a883-62423d70fdf4","local_time":"20181215001916","is_ascension_mode":true,"campfire_choices":[{"data":"Zap","floor":7.0,"key":"SMITH"},{"floor":10.0,"key":"REST"},{"data":"Reboot","floor":15.0,"key":"SMITH"},{"data":"Fission","floor":23.0,"key":"SMITH"},{"floor":32.0,"key":"REST"},{"data":"Ghostly","floor":40.0,"key":"SMITH"},{"floor":42.0,"key":"RECALL"},{"data":"Ghostly","floor":49.0,"key":"SMITH"},{"data":"Seek","floor":53.0,"key":"SMITH"}],"neow_cost":"NONE","seed_source_timestamp":477738540454412,"circlet_count":0,"master_deck":["AscendersBane","Strike_B","Strike_B","Defend_B","Defend_B","Defend_B","Defend_B","Zap+1","Dualcast","Reboot+1","Glacier","Gash","Streamline","Gash","Ball Lightning","Gash","Cold Snap","Rainbow","All For One","Stack+1","Necronomicurse","Gash","Defragment","Hologram","Doom and Gloom","Fission+1","Fusion+1","Gash","Seek+1","Fission","Coolheaded","Stack+1","Undo","Ghostly+1","Ghostly","Ghostly+1","All For One","Compile Driver","Gash","Glacier","Biased Cognition","Bandage Up"],"special_seed":0,"relics":["Cracked Core","Matryoshka","Blood Vial","Bag of Preparation","Orichalcum","Golden Idol","Prayer Wheel","Ectoplasm","Necronomicon","The Courier","Omamori","Incense Burner","Busted Crown","Dead Branch","Mummified Hand","Juzu Bracelet","Red Mask","Bottled Lightning"],"potions_floor_usage":[],"damage_taken":[{"damage":9.0,"enemies":"Small Slimes","floor":1.0,"turns":4.0},{"damage":1.0,"enemies":"2 Louse","floor":2.0,"turns":3.0},{"damage":0.0,"enemies":"Cultist","floor":3.0,"turns":3.0},{"damage":8.0,"enemies":"3 Louse","floor":5.0,"turns":2.0},{"damage":31.0,"enemies":"Gremlin Nob","floor":6.0,"turns":4.0},{"damage":2.0,"enemies":"Large Slime","floor":8.0,"turns":5.0},{"damage":4.0,"enemies":"Exordium Wildlife","floor":12.0,"turns":3.0},{"damage":5.0,"enemies":"3 Sentries","floor":14.0,"turns":6.0},{"damage":23.0,"enemies":"The Guardian","floor":16.0,"turns":10.0},{"damage":1.0,"enemies":"3 Byrds","floor":18.0,"turns":3.0},{"damage":11.0,"enemies":"2 Thieves","floor":22.0,"turns":2.0},{"damage":1.0,"enemies":"Centurion and Healer","floor":24.0,"turns":3.0},{"damage":6.0,"enemies":"Slavers","floor":25.0,"turns":3.0},{"damage":12.0,"enemies":"Book of Stabbing","floor":27.0,"turns":3.0},{"damage":1.0,"enemies":"Cultist and Chosen","floor":29.0,"turns":4.0},{"damage":13.0,"enemies":"Automaton","floor":33.0,"turns":8.0},{"damage":0.0,"enemies":"3 Shapes","floor":35.0,"turns":3.0},{"damage":0.0,"enemies":"Orb Walker","floor":36.0,"turns":2.0},{"damage":0.0,"enemies":"2 Orb Walkers","floor":37.0,"turns":4.0},{"damage":0.0,"enemies":"Writhing Mass","floor":39.0,"turns":6.0},{"damage":0.0,"enemies":"Reptomancer","floor":41.0,"turns":3.0},{"damage":0.0,"enemies":"Sphere and 2 Shapes","floor":46.0,"turns":4.0},{"damage":12.0,"enemies":"Time Eater","floor":50.0,"turns":10.0},{"damage":0.0,"enemies":"Donu and Deca","floor":51.0,"turns":8.0},{"damage":0.0,"enemies":"Shield and Spear","floor":55.0,"turns":4.0},{"damage":39,"enemies":"The Heart","floor":56,"turns":2}],"seed_played":"2630274079469764382","potions_obtained":[{"floor":1.0,"key":"SteroidPotion"},{"floor":6.0,"key":"Swift Potion"},{"floor":14.0,"key":"AttackPotion"},{"floor":16.0,"key":"Strength Potion"},{"floor":24.0,"key":"Strength Potion"},{"floor":25.0,"key":"Strength Potion"},{"floor":33.0,"key":"PowerPotion"},{"floor":39.0,"key":"PowerPotion"}],"is_trial":false,"path_per_floor":["M","M","M","?","M","E","R","M","T","R","?","M","?","E","R","B",null,"M","?","?","$","M","R","M","E","T","E","$","M","?","?","R","B",null,"M","M","?","?","M","R","E","R","T","?","?","M","$","?","R","B","B",null,"R","$","E","B"],"character_chosen":"DEFECT","items_purchased":["Defragment","Hologram","Doom and Gloom"],"campfire_rested":2,"item_purchase_floors":[21,21,21],"current_hp_per_floor":[55,54,54,59,51,20,20,18,18,40,40,38,38,35,35,14,55,56,35,35,35,26,26,27,23,23,13,13,14,14,14,24,13,29,31,33,34,34,34,34,34,34,34,34,34,34,34,29,29,23,29,33,33,33,34,0],"gold":0,"neow_bonus":"ONE_RANDOM_RARE_CARD","is_prod":false,"is_daily":false,"chose_seed":false,"campfire_upgraded":6,"win_rate":0,"timestamp":1544851156,"path_taken":["M","M","M","?","M","E","R","M","T","R","?","?","?","E","R","BOSS","M","?","?","$","M","R","M","E","T","E","?","?","?","?","R","BOSS","M","M","?","?","M","R","E","R","T","?","?","M","?","?","R","BOSS","BOSS","R","$","E","BOSS"],"build_version":"2018-12-13","purchased_purges":1,"victory":false,"max_hp_per_floor":[71,71,71,76,76,76,76,76,76,76,76,76,69,69,69,69,69,69,69,69,69,69,69,69,69,69,69,69,69,69,34,34,34,34,34,34,34,34,34,34,34,34,34,34,34,34,34,34,34,34,34,34,34,34,34,34],"card_choices":[{"not_picked":["Scrape","Go for the Eyes"],"picked":"Glacier","floor":1.0},{"not_picked":["Coolheaded","Rebound"],"picked":"Gash","floor":2.0},{"not_picked":["Conserve Battery","Rebound"],"picked":"Streamline","floor":3.0},{"not_picked":["Streamline","Thunder Strike"],"picked":"Gash","floor":5.0},{"not_picked":["FTL","Stack"],"picked":"Ball Lightning","floor":6.0},{"not_picked":["Self Repair","Rebound"],"picked":"Gash","floor":8.0},{"not_picked":["Doom and Gloom","Coolheaded"],"picked":"Cold Snap","floor":12.0},{"not_picked":["Beam Cell","Fission"],"picked":"Rainbow","floor":14.0},{"not_picked":["Reboot","Seek"],"picked":"All For One","floor":16.0},{"not_picked":["Compile Driver","Steam"],"picked":"Stack+1","floor":18.0},{"not_picked":["Turbo","Tempest","Stack"],"picked":"SKIP","floor":18.0},{"not_picked":["Chaos","Ball Lightning"],"picked":"Fission","floor":22.0},{"not_picked":["Redo","Coolheaded"],"picked":"Fusion+1","floor":22.0},{"not_picked":["Doom and Gloom","Rip and Tear"],"picked":"Gash","floor":24.0},{"not_picked":["Force Field","Steam"],"picked":"Seek","floor":24.0},{"not_picked":["Redo","Go for the Eyes"],"picked":"Fission","floor":25.0},{"not_picked":["Tempest","Hologram"],"picked":"Coolheaded","floor":27.0},{"not_picked":["Sweeping Beam","Aggregate"],"picked":"Stack+1","floor":29.0},{"not_picked":["Coolheaded","Conserve Battery"],"picked":"Undo","floor":29.0},{"not_picked":["Biased Cognition","Buffer"],"picked":"All For One","floor":33.0},{"not_picked":[],"picked":"Compile Driver","floor":35.0},{"not_picked":["Leap"],"picked":"SKIP","floor":35.0},{"not_picked":["Redo"],"picked":"SKIP","floor":36.0},{"not_picked":["Streamline"],"picked":"SKIP","floor":36.0},{"not_picked":[],"picked":"Gash","floor":37.0},{"not_picked":[],"picked":"Glacier","floor":39.0},{"not_picked":["Coolheaded"],"picked":"SKIP","floor":39.0},{"not_picked":[],"picked":"Biased Cognition","floor":41.0},{"not_picked":["Aggregate"],"picked":"SKIP","floor":46.0},{"not_picked":["Loop"],"picked":"SKIP","floor":46.0},{"not_picked":[],"picked":"Bandage Up","floor":48.0},{"not_picked":["Beam Cell+1"],"picked":"SKIP","floor":55.0},{"not_picked":["Beam Cell+1"],"picked":"SKIP","floor":55.0}],"player_experience":1237642,"relics_obtained":[{"floor":6.0,"key":"Matryoshka"},{"floor":9.0,"key":"Blood Vial"},{"floor":9.0,"key":"Bag of Preparation"},{"floor":11.0,"key":"Orichalcum"},{"floor":14.0,"key":"Prayer Wheel"},{"floor":19.0,"key":"Necronomicon"},{"floor":25.0,"key":"The Courier"},{"floor":26.0,"key":"Omamori"},{"floor":27.0,"key":"Incense Burner"},{"floor":37.0,"key":"Dead Branch"},{"floor":41.0,"key":"Mummified Hand"},{"floor":43.0,"key":"Juzu Bracelet"},{"floor":55.0,"key":"Bottled Lightning"}],"event_choices":[{"damage_healed":0.0,"max_hp_gain":5.0,"max_hp_loss":0.0,"gold_gain":0.0,"event_name":"Big Fish","player_choice":"Donut","floor":4.0,"gold_loss":0.0,"damage_taken":0.0},{"damage_healed":0.0,"max_hp_gain":0.0,"max_hp_loss":0.0,"gold_gain":0.0,"event_name":"Wheel of Change","player_choice":"Relic","floor":11.0,"gold_loss":0.0,"damage_taken":0.0},{"damage_healed":0.0,"max_hp_gain":0.0,"max_hp_loss":7.0,"gold_gain":0.0,"event_name":"Golden Idol","player_choice":"Lose Max HP","floor":13.0,"gold_loss":0.0,"damage_taken":0.0,"relics_obtained":["Golden Idol"]},{"damage_healed":0.0,"max_hp_gain":0.0,"max_hp_loss":0.0,"gold_gain":0.0,"event_name":"Cursed Tome","player_choice":"Obtained Book","floor":19.0,"gold_loss":0.0,"damage_taken":21.0},{"damage_healed":0.0,"max_hp_gain":0.0,"max_hp_loss":0.0,"gold_gain":0.0,"event_name":"The Library","player_choice":"Read","floor":20.0,"gold_loss":0.0,"damage_taken":0.0,"cards_obtained":["Gash"]},{"damage_healed":0.0,"max_hp_gain":0.0,"max_hp_loss":0.0,"gold_gain":0.0,"event_name":"Beggar","player_choice":"Ignored","floor":30.0,"gold_loss":0.0,"damage_taken":0.0},{"damage_healed":0.0,"max_hp_gain":0.0,"max_hp_loss":35.0,"gold_gain":0.0,"event_name":"Ghosts","player_choice":"Became a Ghost","floor":31.0,"gold_loss":0.0,"damage_taken":0.0,"cards_obtained":["Ghostly","Ghostly","Ghostly"]},{"damage_healed":0.0,"max_hp_gain":0.0,"max_hp_loss":0.0,"gold_gain":0.0,"event_name":"Mysterious Sphere","player_choice":"Fight","floor":37.0,"gold_loss":0.0,"damage_taken":0.0},{"cards_removed":["Strike_B"],"damage_healed":0.0,"max_hp_gain":0.0,"max_hp_loss":0.0,"gold_gain":0.0,"event_name":"Purifier","player_choice":"Purged","floor":38.0,"gold_loss":0.0,"damage_taken":0.0},{"damage_healed":0.0,"max_hp_gain":0.0,"max_hp_loss":0.0,"gold_gain":0.0,"event_name":"The Moai Head","player_choice":"Ignored","floor":44.0,"gold_loss":0.0,"damage_taken":0.0},{"damage_healed":0.0,"max_hp_gain":0.0,"max_hp_loss":0.0,"gold_gain":0.0,"event_name":"Tomb of Lord Red Mask","player_choice":"Paid","floor":45.0,"gold_loss":60.0,"damage_taken":0.0,"relics_obtained":["Red Mask"]},{"damage_healed":0.0,"max_hp_gain":0.0,"max_hp_loss":0.0,"gold_gain":0.0,"event_name":"SensoryStone","player_choice":"Memory 2","floor":48.0,"gold_loss":0.0,"damage_taken":5.0}],"is_beta":true,"boss_relics":[{"not_picked":["Pandora\u0027s Box","FrozenCore"],"picked":"Ectoplasm"},{"not_picked":["Tiny House","Lizard Tail"],"picked":"Busted Crown"}],"items_purged_floors":[21],"is_endless":false,"potions_floor_spawned":[1,6,14,16,24,25,33,39,46],"killed_by":"The Heart","ascension_level":20}