{"gold_per_floor":[119,135,153,3,15,15,32,44,44,71,82,109,127,127,127,205,205,215,235,160,160,34,65,65,97,122,122,122,122,183,200,200,272,272,284,284,15,1014,1014,1041,277,277,277,277,297,312,324,336,336,336],"floor_reached":51,"playtime":6515,"items_purged":["Strike_R","Burning Pact"],"score":1314,"play_id":"a651d27c-f165-4a0c-aa7c-0ed2982c02ec","local_time":"20190221175018","is_ascension_mode":true,"campfire_choices":[{"data":"Armaments","floor":6.0,"key":"SMITH"},{"data":"True Grit","floor":15.0,"key":"SMITH"},{"floor":24.0,"key":"REST"},{"floor":27.0,"key":"REST"},{"data":"Barricade","floor":32.0,"key":"SMITH"},{"data":"Brutality","floor":42.0,"key":"SMITH"},{"floor":49.0,"key":"REST"}],"neow_cost":"TEN_PERCENT_HP_LOSS","seed_source_timestamp":251923967676762,"circlet_count":0,"master_deck":["AscendersBane","Defend_R","Defend_R","Clothesline","Armaments+1","Pommel Strike","Thunderclap","Carnage","Metallicize","Metallicize","True Grit+1","Barricade+1","Armaments+1","Battle Trance+1","Evolve+1","Entrench","Body Slam","Bite","Bite","Bite","Bite","Bite","Reckless Charge+1","Brutality+1","Madness+1","Madness+1","Feel No Pain","Ghostly Armor","Rupture","Body Slam","Dropkick","Shockwave","Heavy Blade+1"],"special_seed":0,"relics":["Burning Blood","FossilizedHelix","Omamori","Mango","Orichalcum","Pocketwatch","Astrolabe","Magic Flower","Ornamental Fan","Potion Belt","Enchiridion","Tiny Chest","Busted Crown","War Paint","Nunchaku","Anchor","Happy Flower","Chemical X","Frozen Egg 2"],"potions_floor_usage":[50,50],"damage_taken":[{"damage":0.0,"enemies":"Cultist","floor":1.0,"turns":4.0},{"damage":1.0,"enemies":"Jaw Worm","floor":2.0,"turns":4.0},{"damage":0.0,"enemies":"Small Slimes","floor":3.0,"turns":4.0},{"damage":11.0,"enemies":"3 Louse","floor":5.0,"turns":5.0},{"damage":0.0,"enemies":"Large Slime","floor":7.0,"turns":6.0},{"damage":1.0,"enemies":"Blue Slaver","floor":8.0,"turns":3.0},{"damage":19.0,"enemies":"Lagavulin","floor":10.0,"turns":7.0},{"damage":8.0,"enemies":"Looter","floor":11.0,"turns":4.0},{"damage":13.0,"enemies":"Gremlin Nob","floor":12.0,"turns":5.0},{"damage":2.0,"enemies":"3 Louse","floor":13.0,"turns":3.0},{"damage":20.0,"enemies":"Hexaghost","floor":16.0,"turns":13.0},{"damage":4.0,"enemies":"Shell Parasite","floor":18.0,"turns":10.0},{"damage":18.0,"enemies":"Spheric Guardian","floor":19.0,"turns":8.0},{"damage":16.0,"enemies":"Colosseum Slavers","floor":21.0,"turns":9.0},{"damage":40.0,"enemies":"Book of Stabbing","floor":23.0,"turns":9.0},{"damage":44.0,"enemies":"Slavers","floor":25.0,"turns":9.0},{"damage":27.0,"enemies":"Gremlin Leader","floor":30.0,"turns":7.0},{"damage":38.0,"enemies":"Cultist and Chosen","floor":31.0,"turns":11.0},{"damage":8.0,"enemies":"Champ","floor":33.0,"turns":12.0},{"damage":5.0,"enemies":"3 Shapes","floor":35.0,"turns":8.0},{"damage":16.0,"enemies":"Nemesis","floor":40.0,"turns":7.0},{"damage":25.0,"enemies":"Orb Walker","floor":45.0,"turns":5.0},{"damage":12.0,"enemies":"3 Darklings","floor":46.0,"turns":5.0},{"damage":34.0,"enemies":"Sphere and 2 Shapes","floor":47.0,"turns":8.0},{"damage":39.0,"enemies":"Transient","floor":48.0,"turns":5.0},{"damage":56,"enemies":"Time Eater","floor":50,"turns":10}],"seed_played":"5684665351682540184","potions_obtained":[{"floor":3.0,"key":"Ancient Potion"},{"floor":11.0,"key":"PowerPotion"},{"floor":12.0,"key":"EssenceOfSteel"},{"floor":13.0,"key":"BloodPotion"},{"floor":16.0,"key":"Ancient Potion"},{"floor":19.0,"key":"Energy Potion"},{"floor":46.0,"key":"Fire Potion"},{"floor":48.0,"key":"FearPotion"}],"is_trial":false,"path_per_floor":["M","M","M","$","M","R","M","M","T","E","M","E","M","?","R","B",null,"M","M","?","?","$","E","R","E","T","R","?","?","E","M","R","B",null,"M","?","$","?","T","E","$","R","T","?","M","M","M","M","R","B",null],"character_chosen":"IRONCLAD","items_purchased":["Omamori","Body Slam","War Paint","Feel No Pain","Ghostly Armor","Rupture","Body Slam","Happy Flower","Chemical X","Dexterity Potion","FairyPotion","Swift Potion"],"campfire_rested":3,"item_purchase_floors":[4,22,37,37,37,41,41,41,41,41,41,41],"current_hp_per_floor":[68,68,68,68,63,63,68,68,82,69,67,60,64,64,64,50,74,76,64,64,54,54,28,52,17,17,41,20,20,21,57,57,57,57,57,47,47,47,47,57,57,57,57,57,50,56,55,35,52,41],"gold":336,"neow_bonus":"ONE_RARE_RELIC","is_prod":false,"is_daily":false,"chose_seed":false,"campfire_upgraded":4,"win_rate":0,"timestamp":1550793018,"path_taken":["M","?","M","?","M","R","M","?","T","E","M","E","M","?","R","BOSS","M","M","?","?","$","E","R","E","T","R","?","?","E","M","R","BOSS","M","?","$","?","?","E","$","R","T","?","M","M","M","M","R","BOSS"],"build_version":"2019-01-23","purchased_purges":2,"victory":true,"max_hp_per_floor":[68,68,68,68,68,68,68,68,82,82,82,82,82,82,82,82,82,82,82,82,82,82,82,82,82,82,82,82,57,57,57,57,57,57,57,57,57,57,57,57,57,57,57,57,57,57,57,57,57,57],"card_choices":[{"not_picked":["Armaments","Entrench"],"picked":"Clothesline","floor":1.0},{"not_picked":["Intimidate","Warcry"],"picked":"Armaments","floor":2.0},{"not_picked":["Havoc","Sword Boomerang"],"picked":"Pommel Strike","floor":3.0},{"not_picked":["Twin Strike","Clothesline"],"picked":"Thunderclap","floor":5.0},{"not_picked":["Flex","Barricade"],"picked":"Carnage","floor":7.0},{"not_picked":["Entrench","Clash"],"picked":"Metallicize","floor":8.0},{"not_picked":["Havoc","Pommel Strike"],"picked":"Burning Pact","floor":10.0},{"not_picked":["Anger","Reckless Charge"],"picked":"Metallicize","floor":11.0},{"not_picked":["Cleave","Perfected Strike","Clash"],"picked":"SKIP","floor":12.0},{"not_picked":["Sever Soul","Reckless Charge"],"picked":"True Grit","floor":13.0},{"not_picked":["Brutality","Dark Embrace"],"picked":"Barricade","floor":16.0},{"not_picked":["Headbutt","Second Wind","Havoc"],"picked":"SKIP","floor":18.0},{"not_picked":["Thunderclap","Combust"],"picked":"Entrench","floor":19.0},{"not_picked":["Intimidate","Rampage","Perfected Strike"],"picked":"SKIP","floor":23.0},{"not_picked":["Entrench","Armaments","Combust"],"picked":"SKIP","floor":25.0},{"not_picked":["Iron Wave","Uppercut"],"picked":"Reckless Charge+1","floor":30.0},{"not_picked":["Anger","Rage","Rupture"],"picked":"SKIP","floor":31.0},{"not_picked":["Double Tap","Bludgeon"],"picked":"Brutality","floor":33.0},{"not_picked":["Thunderclap"],"picked":"SKIP","floor":35.0},{"not_picked":["True Grit"],"picked":"SKIP","floor":40.0},{"not_picked":[],"picked":"Shockwave","floor":45.0},{"not_picked":[],"picked":"Heavy Blade+1","floor":46.0},{"not_picked":["Clash"],"picked":"SKIP","floor":47.0},{"not_picked":["Clothesline+1"],"picked":"SKIP","floor":48.0}],"player_experience":477174,"relics_obtained":[{"floor":9.0,"key":"Mango"},{"floor":10.0,"key":"Orichalcum"},{"floor":12.0,"key":"Pocketwatch"},{"floor":23.0,"key":"Magic Flower"},{"floor":25.0,"key":"Ornamental Fan"},{"floor":26.0,"key":"Potion Belt"},{"floor":28.0,"key":"Enchiridion"},{"floor":30.0,"key":"Tiny Chest"},{"floor":39.0,"key":"Nunchaku"},{"floor":40.0,"key":"Anchor"},{"floor":43.0,"key":"Frozen Egg 2"}],"event_choices":[{"damage_healed":0.0,"max_hp_gain":0.0,"max_hp_loss":0.0,"gold_gain":0.0,"event_name":"Dead Adventurer","player_choice":"Searched \u00270\u0027 times","floor":14.0,"gold_loss":0.0,"damage_taken":0.0},{"cards_removed":["Defend_R"],"damage_healed":0.0,"max_hp_gain":0.0,"max_hp_loss":0.0,"gold_gain":0.0,"event_name":"Beggar","player_choice":"Gave Gold","floor":20.0,"gold_loss":75.0,"damage_taken":0.0},{"damage_healed":0.0,"max_hp_gain":0.0,"max_hp_loss":0.0,"gold_gain":0.0,"event_name":"Colosseum","player_choice":"Fight","floor":21.0,"gold_loss":0.0,"damage_taken":0.0},{"damage_healed":0.0,"max_hp_gain":0.0,"max_hp_loss":0.0,"gold_gain":0.0,"event_name":"Colosseum","player_choice":"Fled From Nobs","floor":21.0,"gold_loss":0.0,"damage_taken":0.0},{"damage_healed":0.0,"max_hp_gain":0.0,"max_hp_loss":0.0,"gold_gain":0.0,"event_name":"Cursed Tome","player_choice":"Obtained Book","floor":28.0,"gold_loss":0.0,"damage_taken":21.0},{"damage_healed":0.0,"max_hp_gain":0.0,"max_hp_loss":25.0,"gold_gain":0.0,"event_name":"Vampires","player_choice":"Became a vampire","floor":29.0,"gold_loss":0.0,"damage_taken":0.0,"cards_obtained":["Bite","Bite","Bite","Bite","Bite"]},{"damage_healed":0.0,"max_hp_gain":0.0,"max_hp_loss":0.0,"gold_gain":0.0,"event_name":"Winding Halls","player_choice":"Embrace Madness","floor":36.0,"gold_loss":0.0,"damage_taken":10.0,"cards_obtained":["Madness","Madness"]},{"damage_healed":0.0,"max_hp_gain":0.0,"max_hp_loss":0.0,"gold_gain":999.0,"event_name":"MindBloom","player_choice":"Gold","floor":38.0,"gold_loss":0.0,"damage_taken":0.0,"cards_obtained":["Normality","Normality"]},{"damage_healed":0.0,"max_hp_gain":0.0,"max_hp_loss":0.0,"gold_gain":0.0,"cards_transformed":["Bash"],"event_name":"Transmorgrifier","player_choice":"Transformed","floor":44.0,"gold_loss":0.0,"damage_taken":0.0,"cards_obtained":["Dropkick"]}],"is_beta":false,"boss_relics":[{"not_picked":["Empty Cage","Pandora\u0027s Box"],"picked":"Astrolabe"},{"not_picked":["Snecko Eye","Sozu"],"picked":"Busted Crown"}],"items_purged_floors":[22,41],"is_endless":false,"potions_floor_spawned":[3,11,12,13,16,18,19,21,46,48],"ascension_level":15}