{"gold_per_floor":[10,10,10,10,33,33,54,54,78,122,143,181,181,181,181,304,304,318,318,233,257,257,257,272,272,272,292,391,238,262,300,300,425,425,438,456,789,804,853,853,853,89,89,102,402,422,422,441,441,441],"floor_reached":51,"playtime":7494,"items_purged":["Writhe","Strike_B"],"score":675,"play_id":"1b0f28cd-7828-4f8f-9e4b-335318b5f058","local_time":"20180714233543","is_ascension_mode":false,"campfire_choices":[{"data":"FTL","floor":6,"key":"SMITH"},{"data":"Glacier","floor":8,"key":"SMITH"},{"data":"Conserve Battery","floor":13,"key":"SMITH"},{"floor":15,"key":"REST"},{"data":"Rainbow","floor":23,"key":"SMITH"},{"data":"Defragment","floor":25,"key":"SMITH"},{"data":"Fission","floor":32,"key":"SMITH"},{"data":"Double Energy","floor":40,"key":"SMITH"},{"data":"Defragment","floor":47,"key":"SMITH"},{"data":"Madness","floor":49,"key":"SMITH"}],"neow_cost":"NO_GOLD","seed_source_timestamp":31743982023280,"circlet_count":0,"master_deck":["Strike_B","Defend_B","Defend_B","Defend_B","Zap+1","Dualcast","Amplify","Cold Snap","FTL+1","Glacier+1","Machine Learning","Conserve Battery+1","Seek","Rainbow+1","Loop+1","Seek+1","Consume+1","Self Repair+1","Double Energy+1","Defragment+1","FTL","Conserve Battery","Fission+1","Rainbow","Blizzard","Loop+1","Redo+1","Madness+1","Madness","Defragment+1","Madness","Capacitor","Redo+1","White Noise+1"],"relics":["Cracked Core","Centennial Puzzle","Matryoshka","Pen Nib","Astrolabe","Ancient Tea Set","Mercury Hourglass","Meat on the Bone","Gambling Chip","Coffee Dripper","Peace Pipe","Oddly Smooth Stone","Blood Vial","Sling","Mummified Hand","Unceasing Top"],"potions_floor_usage":[16,33,33,50,50],"damage_taken":[{"damage":0,"enemies":"Small Slimes","floor":1,"turns":3},{"damage":3,"enemies":"2 Louse","floor":5,"turns":3},{"damage":0,"enemies":"Cultist","floor":7,"turns":3},{"damage":17,"enemies":"Lagavulin","floor":10,"turns":7},{"damage":1,"enemies":"Exordium Wildlife","floor":11,"turns":4},{"damage":2,"enemies":"3 Sentries","floor":12,"turns":9},{"damage":39,"enemies":"Hexaghost","floor":16,"turns":17},{"damage":5,"enemies":"Chosen","floor":18,"turns":7},{"damage":0,"enemies":"Shell Parasite","floor":21,"turns":7},{"damage":7,"enemies":"Sentry and Sphere","floor":24,"turns":5},{"damage":0,"enemies":"Chosen and Byrds","floor":27,"turns":6},{"damage":9,"enemies":"Snake Plant","floor":30,"turns":4},{"damage":5,"enemies":"Book of Stabbing","floor":31,"turns":4},{"damage":15,"enemies":"Automaton","floor":33,"turns":9},{"damage":21,"enemies":"Flame Bruiser 1 Orb","floor":35,"turns":6},{"damage":8,"enemies":"3 Darklings","floor":36,"turns":6},{"damage":8,"enemies":"Sphere and 2 Shapes","floor":38,"turns":5},{"damage":1,"floor":39,"turns":5},{"damage":0,"enemies":"Flame Bruiser 2 Orb","floor":44,"turns":6},{"damage":21,"enemies":"4 Shapes","floor":46,"turns":5},{"damage":0,"enemies":"Transient","floor":48,"turns":5},{"damage":13,"enemies":"Awakened One","floor":50,"turns":8}],"seed_played":"-7430834038698993925","potions_obtained":[{"floor":1,"key":"SpeedPotion"},{"floor":5,"key":"Explosive Potion"},{"floor":10,"key":"Swift Potion"},{"floor":12,"key":"Energy Potion"},{"floor":21,"key":"Strength Potion"},{"floor":31,"key":"SpeedPotion"},{"floor":36,"key":"Block Potion"},{"floor":39,"key":"LiquidBronze"}],"is_trial":false,"path_per_floor":["M","?","?","?","M","R","M","R","T","E","M","E","R","?","R","B",null,"M","?","?","M","?","R","M","R","T","M","?","$","M","E","R","B",null,"M","M","?","M","?","R","?","$","T","M","?","M","R","M","R","B"],"character_chosen":"DEFECT","items_purchased":["FTL","Oddly Smooth Stone","Defragment","Madness","Blood Vial","Sling"],"campfire_rested":1,"item_purchase_floors":[29,42,42,42,42,42],"current_hp_per_floor":[75,57,57,57,54,54,54,54,54,37,36,34,34,34,56,17,75,70,70,70,70,70,70,73,73,73,75,75,75,75,75,75,70,75,64,66,66,68,75,75,66,66,66,75,75,64,64,75,75,72],"gold":441,"neow_bonus":"THREE_RARE_CARDS","is_prod":false,"is_daily":false,"chose_seed":false,"campfire_upgraded":9,"win_rate":0.0,"timestamp":1531578943,"path_taken":["M","?","?","?","M","R","M","R","T","E","M","E","R","?","R","BOSS","M","?","?","M","?","R","M","R","T","?","?","$","M","E","R","BOSS","M","M","?","?","?","R","?","$","T","?","?","M","R","M","R","BOSS"],"build_version":"2018-07-12","purchased_purges":2,"victory":true,"max_hp_per_floor":[75,75,75,75,75,75,75,75,75,75,75,75,75,75,75,75,75,75,75,75,75,75,75,75,75,75,75,75,75,75,75,75,75,75,75,75,75,75,75,75,75,75,75,75,75,75,75,75,75,75],"card_choices":[{"not_picked":["Thunder Strike","Fission"],"picked":"Amplify","floor":0},{"not_picked":["Skim","Sweeping Beam"],"picked":"Cold Snap","floor":1},{"not_picked":["Conserve Battery","Blizzard"],"picked":"FTL","floor":5},{"not_picked":["Stack","Reprogram"],"picked":"Glacier","floor":7},{"not_picked":["Cold Snap","FTL"],"picked":"Machine Learning","floor":10},{"not_picked":["Compile Driver","Rebound"],"picked":"Conserve Battery","floor":11},{"not_picked":["Hologram","Redo"],"picked":"Seek","floor":12},{"not_picked":["Creative AI","Amplify"],"picked":"Rainbow","floor":16},{"not_picked":["Gash+1","Rebound"],"picked":"Consume+1","floor":18},{"not_picked":["Reprogram+1","Lockon"],"picked":"Self Repair+1","floor":21},{"not_picked":["Hologram","Barrage+1"],"picked":"Defragment","floor":24},{"not_picked":["Beam Cell","Rip and Tear","Static Discharge"],"picked":"SKIP","floor":27},{"not_picked":["Leap+1","Rebound+1"],"picked":"Conserve Battery","floor":30},{"not_picked":["Self Repair","FTL"],"picked":"Fission","floor":31},{"not_picked":["Multi-Cast","Machine Learning"],"picked":"Rainbow","floor":33},{"not_picked":["Lockon","Redo","Auto Shields"],"picked":"SKIP","floor":35},{"not_picked":["Compile Driver+1","Chaos"],"picked":"Blizzard","floor":36},{"not_picked":["BootSequence+1","Compile Driver"],"picked":"Loop+1","floor":38},{"not_picked":["Cold Snap","Streamline+1"],"picked":"Redo+1","floor":39},{"not_picked":["Defragment+1","Chaos"],"picked":"Capacitor","floor":44},{"not_picked":["Leap+1","Hello World"],"picked":"Redo+1","floor":46},{"not_picked":["Blizzard","Sweeping Beam+1"],"picked":"White Noise+1","floor":48}],"player_experience":86510,"relics_obtained":[{"floor":9,"key":"Centennial Puzzle"},{"floor":10,"key":"Matryoshka"},{"floor":12,"key":"Pen Nib"},{"floor":26,"key":"Mercury Hourglass"},{"floor":26,"key":"Meat on the Bone"},{"floor":31,"key":"Gambling Chip"},{"floor":39,"key":"Peace Pipe"},{"floor":43,"key":"Mummified Hand"},{"floor":43,"key":"Unceasing Top"}],"event_choices":[{"event_name":"Golden Idol","player_choice":"Take Damage","floor":2,"damage_taken":0},{"event_name":"Accursed Blacksmith","player_choice":"Forge","floor":3,"damage_taken":0},{"event_name":"Liars Game","player_choice":"disagreed","floor":4,"damage_taken":0},{"event_name":"Living Wall","player_choice":"Forget","floor":14,"damage_taken":0},{"event_name":"Drug Dealer","player_choice":"Ignored","floor":19,"damage_taken":0},{"event_name":"Addict","player_choice":"Obtained Relic","floor":20,"damage_taken":0},{"event_name":"The Library","player_choice":"Read","floor":22,"damage_taken":0},{"event_name":"Nest","player_choice":"Stole From Cult","floor":28,"damage_taken":0},{"event_name":"The Moai Head","player_choice":"Gave Idol","floor":37,"damage_taken":0},{"event_name":"Mysterious Sphere","player_choice":"Fight","floor":39,"damage_taken":0},{"event_name":"Winding Halls","player_choice":"Embrace Madness","floor":41,"damage_taken":0},{"event_name":"Wheel of Change","player_choice":"Gold","floor":45,"damage_taken":0}],"boss_relics":[{"not_picked":["FrozenCore","Philosopher\u0027s Stone"],"picked":"Astrolabe"},{"not_picked":["Nuclear Battery","Inserter"],"picked":"Coffee Dripper"}],"items_purged_floors":[29,42],"is_endless":false,"potions_floor_spawned":[1,5,10,12,21,30,31,36,39,46,48],"ascension_level":0}