{"gold_per_floor":[114,114,189,89,106,135,135,166,166,193,193,213,176,191,191,262,262,272,286,286],"floor_reached":20,"playtime":708,"items_purged":[],"score":434,"play_id":"879b2170-4999-446d-8cf3-be93a85e5ae6","local_time":"20181022063615","is_ascension_mode":true,"campfire_choices":[{"data":"Neutralize","floor":7,"key":"SMITH"},{"floor":15,"key":"DIG"}],"neow_cost":"NONE","seed_source_timestamp":378889692031530,"circlet_count":0,"master_deck":["Defend_G","Defend_G","Defend_G","Defend_G","Defend_G","Strike_G","Strike_G","Strike_G","Strike_G","Strike_G","Survivor","Neutralize+1","AscendersBane","Noxious Fumes","Footwork","Quick Slash","Backstab","Dash","Flying Knee","Wraith Form v2","Leg Sweep","Noxious Fumes","Dodge and Roll","Die Die Die","Blade Dance","Dash+1"],"relics":["Ring of the Snake","NeowsBlessing","Shuriken","Ancient Tea Set","Darkstone Periapt","Shovel","Dodecahedron","Eternal Feather"],"potions_floor_usage":[10,16,18],"damage_taken":[{"damage":0,"enemies":"Small Slimes","floor":1,"turns":1},{"damage":0,"enemies":"Cultist","floor":5,"turns":1},{"damage":0,"enemies":"3 Sentries","floor":6,"turns":1},{"damage":5,"enemies":"Lagavulin","floor":8,"turns":8},{"damage":6,"enemies":"3 Sentries","floor":10,"turns":9},{"damage":0,"enemies":"Jaw Worm","floor":12,"turns":3},{"damage":3,"enemies":"Looter","floor":14,"turns":4},{"damage":8,"enemies":"The Guardian","floor":16,"turns":11},{"damage":12,"enemies":"3 Byrds","floor":18,"turns":3},{"damage":39,"enemies":"Spheric Guardian","floor":19,"turns":8},{"damage":0,"enemies":"3 Cultists","floor":20,"turns":3}],"seed_played":"-3053131805542674328","potions_obtained":[{"floor":1,"key":"Energy Potion"},{"floor":5,"key":"LiquidBronze"},{"floor":10,"key":"GhostInAJar"}],"is_trial":false,"path_per_floor":["M","?","?","$","M","E","R","E","T","E","$","M","$","M","R","B",null,"M","M"],"character_chosen":"THE_SILENT","items_purchased":["Footwork","Quick Slash","Noxious Fumes"],"campfire_rested":0,"item_purchase_floors":[4,4,13],"current_hp_per_floor":[59,50,39,39,39,39,39,34,34,28,28,28,28,25,25,17,54,42,3,3],"gold":286,"neow_bonus":"THREE_ENEMY_KILL","is_prod":false,"is_daily":false,"chose_seed":false,"campfire_upgraded":1,"win_rate":0,"timestamp":1540204575,"path_taken":["M","?","?","$","M","E","R","E","T","E","?","?","$","?","R","BOSS","M","M","M"],"build_version":"2018-10-18","purchased_purges":0,"victory":false,"max_hp_per_floor":[66,66,66,66,66,66,66,66,66,66,66,66,66,66,66,66,66,66,66,66],"card_choices":[{"not_picked":["Cloak And Dagger","Slice"],"picked":"Noxious Fumes","floor":1},{"not_picked":["Eviscerate","Dodge and Roll"],"picked":"Backstab","floor":5},{"not_picked":["PiercingWail","Crippling Poison"],"picked":"Dash","floor":6},{"not_picked":["Sucker Punch","PiercingWail"],"picked":"Flying Knee","floor":8},{"not_picked":["Quick Slash","Dagger Throw"],"picked":"Wraith Form v2","floor":10},{"not_picked":["Acrobatics","Sucker Punch"],"picked":"Leg Sweep","floor":12},{"not_picked":["Prepared","Distraction"],"picked":"Dodge and Roll","floor":14},{"not_picked":["A Thousand Cuts","Unload"],"picked":"Die Die Die","floor":16},{"not_picked":["Prepared","Deadly Poison"],"picked":"Blade Dance","floor":18},{"not_picked":["Prepared","Deflect"],"picked":"Dash+1","floor":19}],"player_experience":1066513,"relics_obtained":[{"floor":6,"key":"Shuriken"},{"floor":8,"key":"Ancient Tea Set"},{"floor":9,"key":"Darkstone Periapt"},{"floor":10,"key":"Shovel"},{"floor":15,"key":"Dodecahedron"}],"event_choices":[{"damage_healed":0,"gold_gain":0,"player_choice":"Damaged","damage_taken":9,"max_hp_gain":0,"max_hp_loss":0,"event_name":"Wheel of Change","floor":2,"gold_loss":0},{"damage_healed":0,"gold_gain":75,"player_choice":"Gather Gold","damage_taken":11,"max_hp_gain":0,"max_hp_loss":0,"event_name":"World of Goop","floor":3,"gold_loss":0}],"is_beta":false,"boss_relics":[{"not_picked":["White Beast Statue","Lizard Tail"],"picked":"Eternal Feather"}],"items_purged_floors":[],"is_endless":false,"potions_floor_spawned":[1,5,8,10],"killed_by":"3 Cultists","ascension_level":20}