{"gold_per_floor":[118,118,137,137,152,152,152,152,152,152],"floor_reached":10,"playtime":139,"items_purged":[],"score":87,"play_id":"16410a6b-ce7b-458a-a935-6d7110e5f1e5","local_time":"20181204102001","is_ascension_mode":true,"campfire_choices":[{"data":"Blade Dance","floor":6,"key":"SMITH"},{"data":"Cloak And Dagger","floor":8,"key":"SMITH"}],"neow_cost":"NONE","seed_source_timestamp":80881283314586,"circlet_count":0,"master_deck":["AscendersBane","Defend_G+1","Defend_G","Defend_G+1","Defend_G","Defend_G","Strike_G","Strike_G","Strike_G","Strike_G","Strike_G","Survivor","Neutralize","Cloak And Dagger","Blade Dance+1","Regret","Cloak And Dagger+1","Infinite Blades"],"relics":["Ring of the Snake","NeowsBlessing","Golden Idol","Turnip","War Paint"],"potions_floor_usage":[],"damage_taken":[{"damage":0,"enemies":"2 Louse","floor":1,"turns":1},{"damage":0,"enemies":"Small Slimes","floor":3,"turns":1},{"damage":0,"enemies":"Cultist","floor":5,"turns":1},{"damage":17,"enemies":"Exordium Wildlife","floor":10,"turns":3}],"seed_played":"2601881434672084947","potions_obtained":[{"floor":1,"key":"Strength Potion"},{"floor":3,"key":"PowerPotion"}],"is_trial":false,"path_per_floor":["M","?","M","?","M","R","?","R","T","M"],"character_chosen":"THE_SILENT","items_purchased":[],"campfire_rested":0,"item_purchase_floors":[],"current_hp_per_floor":[63,63,63,63,63,63,63,63,63,46],"gold":152,"neow_bonus":"THREE_ENEMY_KILL","is_prod":false,"is_daily":false,"chose_seed":false,"campfire_upgraded":2,"win_rate":0,"timestamp":1543915201,"path_taken":["M","?","M","?","M","R","?","R","T","?"],"build_version":"2018-11-15","purchased_purges":0,"victory":false,"max_hp_per_floor":[70,65,65,65,65,65,65,65,65,65],"card_choices":[{"not_picked":["Choke","Blade Dance"],"picked":"Cloak And Dagger","floor":1},{"not_picked":["Crippling Poison","Catalyst"],"picked":"Blade Dance","floor":3},{"not_picked":["Prepared","Storm of Steel"],"picked":"Cloak And Dagger","floor":5}],"player_experience":1642632,"relics_obtained":[{"floor":9,"key":"War Paint"}],"event_choices":[{"damage_healed":0,"gold_gain":0,"player_choice":"Lose Max HP","damage_taken":0,"relics_obtained":["Golden Idol"],"max_hp_gain":0,"max_hp_loss":5,"event_name":"Golden Idol","floor":2,"gold_loss":0},{"damage_healed":0,"gold_gain":0,"player_choice":"Box","damage_taken":0,"relics_obtained":["Turnip"],"max_hp_gain":0,"max_hp_loss":0,"event_name":"Big Fish","floor":4,"gold_loss":0,"cards_obtained":["Regret"]},{"damage_healed":0,"gold_gain":0,"player_choice":"1 cards matched","damage_taken":0,"max_hp_gain":0,"max_hp_loss":0,"event_name":"Match and Keep!","floor":7,"gold_loss":0,"cards_obtained":["Infinite Blades"]}],"is_beta":false,"boss_relics":[],"items_purged_floors":[],"is_endless":false,"potions_floor_spawned":[1,3],"killed_by":"Exordium Wildlife","ascension_level":11}