{"path_per_floor":["M","?","?","?","$","R","E","M","T","R","E","M","E","M","R"],"character_chosen":"IRONCLAD","items_purchased":["Flex","Spot Weakness"],"gold_per_floor":[110,285,285,285,108,108,147,171,171,171,205,230,566,587,587,587],"floor_reached":16,"campfire_rested":1,"playtime":4122,"current_hp_per_floor":[80,80,85,64,64,64,44,49,49,74,69,76,52,58,58,0],"items_purged":["Doubt"],"gold":587,"score":118,"play_id":"e6909cce-ffd3-41e3-85c0-03f793f18576","local_time":"20180412172059","is_prod":false,"is_daily":false,"is_ascension_mode":false,"campfire_upgraded":2,"timestamp":1523546459,"path_taken":["M","?","?","?","$","R","E","M","T","R","E","M","E","?","R","BOSS"],"build_version":"2018-04-05v2","purchased_purges":1,"victory":false,"master_deck":["Strike_R","Strike_R","Strike_R","Strike_R","Strike_R","Defend_R","Defend_R","Defend_R","Defend_R","Bash","Parasite","Iron Wave","Flex+1","Spot Weakness","Rage","Juggernaut","Impervious","Shrug It Off+1","Uppercut","Spot Weakness"],"max_hp_per_floor":[80,80,85,85,85,85,85,85,85,85,85,85,85,85,85,85],"relics":["Burning Blood","Torii","Golden Idol","Bag of Marbles","Prayer Wheel","Blood Vial","Old Coin"],"card_choices":[{"not_picked":["Rupture","Burning Pact"],"picked":"Iron Wave","floor":1.0},{"not_picked":["Wild Strike","Perfected Strike"],"picked":"Rage","floor":7},{"not_picked":["Infernal Blade","Twin Strike"],"picked":"Juggernaut","floor":8},{"not_picked":["Armaments","Blood for Blood"],"picked":"Impervious","floor":11},{"not_picked":["Infernal Blade","Pummel"],"picked":"Shrug It Off","floor":12},{"not_picked":["Wild Strike","Headbutt"],"picked":"Uppercut","floor":13},{"not_picked":["Iron Wave","Body Slam"],"picked":"Spot Weakness","floor":14}],"player_experience":183166,"potions_floor_usage":[7,11,16],"damage_taken":[{"damage":2.0,"enemies":"Small Slimes","floor":1.0,"turns":4.0},{"damage":26,"enemies":"Lagavulin","floor":7,"turns":7},{"damage":1,"enemies":"2 Louse","floor":8,"turns":2},{"damage":11,"enemies":"3 Sentries","floor":11,"turns":7},{"damage":1,"enemies":"Cultist","floor":12,"turns":5},{"damage":32,"enemies":"Gremlin Nob","floor":13,"turns":6},{"damage":2,"enemies":"Exordium Wildlife","floor":14,"turns":3},{"damage":60,"enemies":"Slime Boss","floor":16,"turns":9}],"event_choices":[{"event_name":"Liars Game","player_choice":"agreed","floor":2.0,"damage_taken":0.0},{"event_name":"Big Fish","player_choice":"Donut","floor":3.0,"damage_taken":0.0},{"event_name":"Golden Idol","player_choice":"Take Damage","floor":4.0,"damage_taken":0.0}],"boss_relics":[],"potions_floor_spawned":[1,8,13],"seed_played":"-9063005995434268233","killed_by":"Slime Boss","ascension_level":0,"is_trial":false}