{"gold_per_floor":[118,68,68,68,88,124,124,138,165,165,209,230,250,268,268,268],"floor_reached":16,"playtime":717,"items_purged":[],"score":233,"play_id":"32c8f0fc-6a12-4a1b-bd1d-afbcafd476e3","local_time":"20190125183649","is_ascension_mode":true,"campfire_choices":[{"data":"Seeing Red","floor":7,"key":"SMITH"},{"data":"Strike_R","floor":10,"key":"SMITH"},{"floor":15,"key":"REST"}],"neow_cost":"NONE","seed_source_timestamp":13127111595626281,"circlet_count":0,"master_deck":["AscendersBane","Strike_R","Strike_R","Strike_R+1","Strike_R+1","Strike_R","Defend_R","Defend_R","Defend_R","Bash","Seeing Red+1","Second Wind","Body Slam+1","Headbutt+1","Cleave+1"],"relics":["Burning Blood","NeowsBlessing","Golden Idol","Ancient Tea Set","Blood Vial","Molten Egg 2"],"potions_floor_usage":[11,12],"damage_taken":[{"damage":0,"enemies":"Jaw Worm","floor":1,"turns":1},{"damage":0,"enemies":"2 Louse","floor":5,"turns":1},{"damage":0,"enemies":"Gremlin Nob","floor":6,"turns":1},{"damage":10,"enemies":"Small Slimes","floor":8,"turns":3},{"damage":59,"enemies":"3 Sentries","floor":11,"turns":10},{"damage":11,"enemies":"3 Louse","floor":12,"turns":3},{"damage":10,"enemies":"2 Fungi Beasts","floor":13,"turns":3},{"damage":4,"enemies":"Exordium Wildlife","floor":14,"turns":4},{"damage":46,"enemies":"Slime Boss","floor":16,"turns":7}],"seed_played":"5527886086762823256","potions_obtained":[{"floor":8,"key":"SteroidPotion"},{"floor":11,"key":"Regen Potion"},{"floor":13,"key":"Energy Potion"},{"floor":14,"key":"SpeedPotion"}],"is_trial":false,"path_per_floor":["M","?","?","?","M","E","R","M","T","R","E","M","M","M","R","B"],"character_chosen":"IRONCLAD","items_purchased":[],"campfire_rested":1,"item_purchase_floors":[],"current_hp_per_floor":[74,74,56,56,62,68,68,64,64,64,13,19,17,21,43,0],"gold":268,"neow_bonus":"THREE_ENEMY_KILL","is_prod":false,"is_daily":false,"chose_seed":false,"campfire_upgraded":2,"win_rate":0,"timestamp":1548437809,"path_taken":["M","?","?","?","M","E","R","M","T","R","E","?","M","M","R","BOSS"],"build_version":"2019-01-23","purchased_purges":0,"victory":false,"max_hp_per_floor":[75,75,75,75,75,75,75,75,75,75,75,75,75,75,75,75],"card_choices":[{"not_picked":["Wild Strike","Thunderclap","Infernal Blade"],"picked":"SKIP","floor":1},{"not_picked":["Wild Strike","Heavy Blade"],"picked":"Seeing Red","floor":5},{"not_picked":["Disarm","Limit Break","Entrench"],"picked":"SKIP","floor":6},{"not_picked":["Thunderclap","Heavy Blade","Hemokinesis"],"picked":"SKIP","floor":8},{"not_picked":["Spot Weakness","Corruption"],"picked":"Second Wind","floor":11},{"not_picked":["Flex","Second Wind"],"picked":"Body Slam+1","floor":12},{"not_picked":["Twin Strike+1","Evolve"],"picked":"Headbutt+1","floor":13},{"not_picked":["Clash+1","Dropkick+1"],"picked":"Cleave+1","floor":14}],"player_experience":329242,"relics_obtained":[{"floor":6,"key":"Ancient Tea Set"},{"floor":9,"key":"Blood Vial"},{"floor":11,"key":"Molten Egg 2"}],"event_choices":[{"cards_removed":["Defend_R"],"damage_healed":0,"gold_gain":0,"player_choice":"Card Removal","damage_taken":0,"max_hp_gain":0,"max_hp_loss":0,"event_name":"The Cleric","floor":2,"gold_loss":50},{"damage_healed":0,"gold_gain":0,"player_choice":"Take Damage","damage_taken":18,"relics_obtained":["Golden Idol"],"max_hp_gain":0,"max_hp_loss":0,"event_name":"Golden Idol","floor":3,"gold_loss":0},{"damage_healed":0,"gold_gain":0,"player_choice":"Upgraded","damage_taken":0,"max_hp_gain":0,"max_hp_loss":0,"event_name":"Upgrade Shrine","floor":4,"gold_loss":0,"cards_upgraded":["Strike_R"]}],"is_beta":false,"boss_relics":[],"items_purged_floors":[],"is_endless":false,"potions_floor_spawned":[8,11,13,14],"killed_by":"Slime Boss","ascension_level":14}