{"gold_per_floor":[117,63,213,233,56,83,96,96,175,175,203,278,304,334,346,431,443,472,484,391,404,424,424,33,33,33,33,65,77,77],"floor_reached":30,"playtime":1002,"items_purged":["Doubt","Decay"],"score":582,"play_id":"9e0fb347-9571-45c2-96b7-bf4cb59ef673","local_time":"20190208193149","is_ascension_mode":true,"campfire_choices":[{"data":"Combust","floor":8.0,"key":"SMITH"},{"data":"Bash","floor":10.0,"key":"SMITH"},{"data":"Pommel Strike","floor":15.0,"key":"SMITH"},{"floor":23.0,"key":"REST"},{"floor":25.0,"key":"RECALL"}],"neow_cost":"NONE","seed_source_timestamp":22389036781111,"circlet_count":0,"master_deck":["AscendersBane","Strike_R","Strike_R","Strike_R","Strike_R","Strike_R","Defend_R","Defend_R","Defend_R","Defend_R","Bash+1","Pommel Strike+1","Anger","Combust+1","Iron Wave","Battle Trance","Clothesline","Anger","Corruption","Rupture","Limit Break","Armaments","Shrug It Off","Anger+1","Offering","Shrug It Off","Writhe","Double Tap+1"],"special_seed":0,"relics":["Burning Blood","NeowsBlessing","Bag of Marbles","Kunai","Smiling Mask","MawBank","Fusion Hammer","Oddly Smooth Stone","Pantograph","Toxic Egg 2","Girya"],"potions_floor_usage":[28,28,28,30],"damage_taken":[{"damage":0.0,"enemies":"Cultist","floor":1.0,"turns":1.0},{"damage":0.0,"enemies":"Jaw Worm","floor":4.0,"turns":1.0},{"damage":0.0,"enemies":"3 Sentries","floor":6.0,"turns":1.0},{"damage":0.0,"enemies":"Small Slimes","floor":7.0,"turns":2.0},{"damage":8.0,"enemies":"Gremlin Nob","floor":11.0,"turns":3.0},{"damage":26.0,"enemies":"3 Sentries","floor":13.0,"turns":5.0},{"damage":3.0,"enemies":"Looter","floor":14.0,"turns":3.0},{"damage":13.0,"enemies":"Slime Boss","floor":16.0,"turns":8.0},{"damage":10.0,"enemies":"Chosen","floor":18.0,"turns":4.0},{"damage":5.0,"enemies":"Spheric Guardian","floor":21.0,"turns":4.0},{"damage":33.0,"enemies":"Cultist and Chosen","floor":22.0,"turns":6.0},{"damage":37,"enemies":"Book of Stabbing","floor":28,"turns":5},{"damage":25,"enemies":"Snecko","floor":29,"turns":6},{"damage":15,"enemies":"Centurion and Healer","floor":30,"turns":4}],"seed_played":"-7263954707734529878","potions_obtained":[{"floor":11.0,"key":"Block Potion"},{"floor":14.0,"key":"PowerPotion"},{"floor":22.0,"key":"EntropicBrew"},{"floor":29,"key":"Weak Potion"}],"is_trial":false,"path_per_floor":["M","$","?","M","$","E","M","R","T","R","E","?","E","M","R","B",null,"M","?","$","M","M","R","$","R","T","?","E","M","M"],"character_chosen":"IRONCLAD","items_purchased":["Anger","Combust","Iron Wave","Shrug It Off","Offering","Shrug It Off","Oddly Smooth Stone"],"campfire_rested":1,"item_purchase_floors":[2,5,5,20,24,24,24],"current_hp_per_floor":[74,74,74,75,75,75,75,75,75,75,73,62,42,45,45,38,66,62,62,62,63,36,58,58,58,58,58,27,8,0],"gold":77,"neow_bonus":"THREE_ENEMY_KILL","is_prod":false,"is_daily":false,"chose_seed":false,"campfire_upgraded":3,"win_rate":0,"timestamp":1549672309,"path_taken":["M","?","?","M","$","E","M","R","T","R","E","?","E","M","R","BOSS","M","?","$","M","M","R","$","R","T","?","E","M","M"],"build_version":"2019-01-23","purchased_purges":2,"victory":false,"max_hp_per_floor":[75,75,75,75,75,75,75,75,75,75,75,75,75,75,75,75,75,75,75,75,75,75,75,75,75,75,75,75,75,75],"card_choices":[{"not_picked":["Clash","Wild Strike"],"picked":"Pommel Strike","floor":1.0},{"not_picked":["Bloodletting","Clash","Warcry"],"picked":"SKIP","floor":4.0},{"not_picked":["Clash","Intimidate"],"picked":"Battle Trance","floor":6.0},{"not_picked":["Thunderclap","Body Slam"],"picked":"Clothesline","floor":7.0},{"not_picked":["Blood for Blood","Headbutt"],"picked":"Anger","floor":11.0},{"not_picked":["Body Slam","Pummel"],"picked":"Corruption","floor":13.0},{"not_picked":["Dropkick","Metallicize"],"picked":"Rupture","floor":14.0},{"not_picked":["Exhume","Juggernaut"],"picked":"Limit Break","floor":16.0},{"not_picked":["Perfected Strike","Dropkick"],"picked":"Armaments","floor":18.0},{"not_picked":["Burning Pact+1","Spot Weakness"],"picked":"Anger+1","floor":21.0},{"not_picked":["Perfected Strike+1","Dual Wield","Havoc"],"picked":"SKIP","floor":22.0},{"not_picked":["True Grit+1","Clothesline"],"picked":"Double Tap+1","floor":28},{"not_picked":["Clash","Cleave","Thunderclap"],"picked":"SKIP","floor":29}],"player_experience":1175622,"relics_obtained":[{"floor":6.0,"key":"Bag of Marbles"},{"floor":9.0,"key":"Kunai"},{"floor":11.0,"key":"Smiling Mask"},{"floor":13.0,"key":"MawBank"},{"floor":26.0,"key":"Pantograph"},{"floor":28,"key":"Girya"}],"event_choices":[{"damage_healed":0.0,"max_hp_gain":0.0,"max_hp_loss":0.0,"gold_gain":150.0,"event_name":"Liars Game","player_choice":"AGREE","floor":3.0,"gold_loss":0.0,"damage_taken":0.0,"cards_obtained":["Doubt"]},{"damage_healed":0.0,"max_hp_gain":0.0,"max_hp_loss":0.0,"gold_gain":75.0,"event_name":"World of Goop","player_choice":"Gather Gold","floor":12.0,"gold_loss":0.0,"damage_taken":11.0},{"damage_healed":0.0,"max_hp_gain":0.0,"max_hp_loss":0.0,"gold_gain":0.0,"event_name":"Forgotten Altar","player_choice":"Smashed Altar","floor":19.0,"gold_loss":0.0,"damage_taken":0.0,"cards_obtained":["Decay"]},{"damage_healed":0.0,"max_hp_gain":0.0,"max_hp_loss":0.0,"gold_gain":0.0,"event_name":"The Mausoleum","player_choice":"Opened","floor":27.0,"gold_loss":0.0,"damage_taken":0.0,"relics_obtained":["Toxic Egg 2"],"cards_obtained":["Writhe"]}],"is_beta":false,"boss_relics":[{"not_picked":["Philosopher\u0027s Stone","Black Blood"],"picked":"Fusion Hammer"}],"items_purged_floors":[5,20],"is_endless":false,"potions_floor_spawned":[11,14,22,29],"killed_by":"Centurion and Healer","ascension_level":20}