{"gold_per_floor":[112,112,112,112,287,287,321,340,340,372,386,417,211,222,222,222],"floor_reached":16,"playtime":381,"items_purged":[],"score":222,"play_id":"cf586ec5-ebef-4f30-b542-ae985a71b656","local_time":"20181102055318","is_ascension_mode":true,"campfire_choices":[{"data":"Bash","floor":6,"key":"SMITH"},{"floor":15,"key":"REST"}],"neow_cost":"NONE","seed_source_timestamp":626721075543449,"circlet_count":0,"master_deck":["AscendersBane","Strike_R","Strike_R","Strike_R","Strike_R","Strike_R","Defend_R","Defend_R","Defend_R","Defend_R","Bash+1","Perfected Strike","Doubt","Cleave","Shrug It Off"],"relics":["Burning Blood","NeowsBlessing","Vajra","Singing Bowl","Red Skull","FossilizedHelix","Turnip","Matryoshka","Medical Kit"],"potions_floor_usage":[10,16],"damage_taken":[{"damage":0,"enemies":"Jaw Worm","floor":1,"turns":1},{"damage":0,"enemies":"Gremlin Nob","floor":7,"turns":1},{"damage":0,"enemies":"2 Louse","floor":8,"turns":1},{"damage":25,"enemies":"3 Sentries","floor":10,"turns":8},{"damage":10,"enemies":"Small Slimes","floor":11,"turns":4},{"damage":40,"enemies":"Lagavulin","floor":12,"turns":6},{"damage":7,"enemies":"3 Louse","floor":14,"turns":3},{"damage":36,"enemies":"Slime Boss","floor":16,"turns":7}],"seed_played":"-8927307600930665758","potions_obtained":[{"floor":1,"key":"PowerPotion"},{"floor":10,"key":"Ancient Potion"},{"floor":14,"key":"Poison Potion"}],"is_trial":false,"path_per_floor":["M","?","?","?","?","R","E","M","T","E","M","E","$","M","R","B"],"character_chosen":"IRONCLAD","items_purchased":["Medical Kit"],"campfire_rested":1,"item_purchase_floors":[13],"current_hp_per_floor":[78,78,60,60,60,60,68,76,76,59,55,23,23,22,48,12],"gold":222,"neow_bonus":"THREE_ENEMY_KILL","is_prod":false,"is_daily":false,"chose_seed":false,"campfire_upgraded":1,"win_rate":0,"timestamp":1541134398,"path_taken":["M","?","?","?","?","R","E","?","T","E","M","E","$","M","R","BOSS"],"build_version":"2018-11-01","purchased_purges":0,"victory":false,"max_hp_per_floor":[80,80,80,80,80,80,82,84,84,86,86,88,88,88,88,88],"card_choices":[{"not_picked":["Ghostly Armor","True Grit"],"picked":"Perfected Strike","floor":1},{"not_picked":["Iron Wave","Heavy Blade","Perfected Strike"],"picked":"Singing Bowl","floor":7},{"not_picked":["Dual Wield","Second Wind","Fire Breathing"],"picked":"Singing Bowl","floor":8},{"not_picked":["Evolve","Rupture","Body Slam"],"picked":"Singing Bowl","floor":10},{"not_picked":["True Grit","Pommel Strike"],"picked":"Cleave","floor":11},{"not_picked":["Reckless Charge","Havoc","Body Slam"],"picked":"Singing Bowl","floor":12},{"not_picked":["Clash","Blood for Blood"],"picked":"Shrug It Off","floor":14}],"player_experience":1118467,"relics_obtained":[{"floor":7,"key":"Red Skull"},{"floor":9,"key":"FossilizedHelix"},{"floor":10,"key":"Turnip"},{"floor":12,"key":"Matryoshka"}],"event_choices":[{"damage_healed":0,"gold_gain":0,"player_choice":"Box","damage_taken":0,"relics_obtained":["Vajra"],"max_hp_gain":0,"max_hp_loss":0,"event_name":"Big Fish","floor":2,"gold_loss":0,"cards_obtained":["Regret"]},{"damage_healed":0,"gold_gain":0,"player_choice":"Success","damage_taken":18,"relics_obtained":["Singing Bowl"],"max_hp_gain":0,"max_hp_loss":0,"event_name":"Scrap Ooze","floor":3,"gold_loss":0},{"cards_removed":["Regret"],"damage_healed":0,"gold_gain":0,"player_choice":"Forget","damage_taken":0,"max_hp_gain":0,"max_hp_loss":0,"event_name":"Living Wall","floor":4,"gold_loss":0},{"damage_healed":0,"gold_gain":175,"player_choice":"AGREE","damage_taken":0,"max_hp_gain":0,"max_hp_loss":0,"event_name":"Liars Game","floor":5,"gold_loss":0,"cards_obtained":["Doubt"]}],"is_beta":false,"boss_relics":[],"items_purged_floors":[],"is_endless":false,"potions_floor_spawned":[1,10,14],"killed_by":"Slime Boss","ascension_level":11}