{"gold_per_floor":[115,65,75,90,109,140,140,140,213,241,253,268,268,281,281,281],"floor_reached":16,"playtime":1625,"items_purged":[],"score":114,"play_id":"44102100-e217-43f9-92a3-8775c6f18c04","local_time":"20190220024322","is_ascension_mode":false,"campfire_choices":[{"data":"Pommel Strike","floor":7,"key":"SMITH"},{"data":"Whirlwind","floor":13,"key":"SMITH"},{"data":"Bash","floor":15,"key":"SMITH"}],"neow_cost":"NONE","seed_source_timestamp":30639075280593,"circlet_count":0,"master_deck":["Strike_R","Strike_R","Strike_R","Strike_R","Defend_R","Defend_R","Defend_R","Defend_R","Bash+1","Shrug It Off","Shrug It Off","Body Slam","Fire Breathing","Pommel Strike+1","Reaper","Shrug It Off","Whirlwind+1","Body Slam"],"relics":["Burning Blood","NeowsBlessing","Girya","Mercury Hourglass","Oddly Smooth Stone"],"potions_floor_usage":[6,16,16,16],"damage_taken":[{"damage":0,"enemies":"Jaw Worm","floor":1,"turns":1},{"damage":0,"enemies":"Cultist","floor":3,"turns":1},{"damage":0,"enemies":"Small Slimes","floor":4,"turns":1},{"damage":6,"enemies":"Looter","floor":5,"turns":4},{"damage":28,"enemies":"Lagavulin","floor":6,"turns":6},{"damage":36,"enemies":"3 Sentries","floor":10,"turns":7},{"damage":1,"enemies":"Large Slime","floor":11,"turns":6},{"damage":23,"enemies":"Gremlin Gang","floor":12,"turns":3},{"damage":0,"enemies":"Exordium Wildlife","floor":14,"turns":3},{"damage":45,"enemies":"The Guardian","floor":16,"turns":8}],"seed_played":"-8168624549217748899","potions_obtained":[{"floor":1,"key":"Swift Potion"},{"floor":4,"key":"Strength Potion"},{"floor":11,"key":"Energy Potion"},{"floor":12,"key":"Dexterity Potion"}],"is_trial":false,"path_per_floor":["M","$","M","M","M","E","R","?","T","E","M","M","R","M","R","B"],"character_chosen":"IRONCLAD","items_purchased":["Shrug It Off"],"campfire_rested":0,"item_purchase_floors":[2],"current_hp_per_floor":[80,80,80,80,80,58,58,58,58,33,38,37,37,43,43,0],"gold":281,"neow_bonus":"THREE_ENEMY_KILL","is_prod":false,"is_daily":false,"chose_seed":false,"campfire_upgraded":3,"win_rate":0.0,"timestamp":1550655802,"path_taken":["M","$","M","M","M","E","R","?","T","E","M","M","R","M","R","BOSS"],"build_version":"2019-01-23","purchased_purges":0,"victory":false,"max_hp_per_floor":[80,80,80,80,80,80,80,80,80,80,80,80,80,80,80,80],"card_choices":[{"not_picked":["Entrench","Twin Strike"],"picked":"Shrug It Off","floor":1},{"not_picked":["Twin Strike","Flex"],"picked":"Body Slam","floor":3},{"not_picked":["Pommel Strike","Body Slam"],"picked":"Fire Breathing","floor":4},{"not_picked":["Body Slam","Twin Strike"],"picked":"Pommel Strike","floor":5},{"not_picked":["Twin Strike","Warcry"],"picked":"Reaper","floor":6},{"not_picked":["True Grit","Rupture"],"picked":"Shrug It Off","floor":10},{"not_picked":["Warcry","Dropkick","Rupture"],"picked":"SKIP","floor":11},{"not_picked":["Iron Wave","Anger"],"picked":"Whirlwind","floor":12},{"not_picked":["Pommel Strike","Iron Wave"],"picked":"Body Slam","floor":14}],"player_experience":1063,"relics_obtained":[{"floor":6,"key":"Girya"},{"floor":9,"key":"Mercury Hourglass"},{"floor":10,"key":"Oddly Smooth Stone"}],"event_choices":[{"cards_removed":["Strike_R"],"damage_healed":0,"gold_gain":0,"player_choice":"Offered Basic","damage_taken":0,"max_hp_gain":0,"max_hp_loss":0,"event_name":"Bonfire Elementals","floor":8,"gold_loss":0}],"is_beta":false,"boss_relics":[],"items_purged_floors":[],"is_endless":false,"potions_floor_spawned":[1,4,11,12],"killed_by":"The Guardian","ascension_level":0}