{"gold_per_floor":[114,289,300,315,265,265,281,310,386,386,399,410,281,293,293,396,396,413,74,74,74,87,87,120,120,120,150,165,184,198,198,198,198],"floor_reached":33,"playtime":1645,"items_purged":[],"score":469,"play_id":"39206a95-7adb-4e6f-9b1a-66406a187736","local_time":"20180907195435","is_ascension_mode":true,"campfire_choices":[{"data":"Unload","floor":6.0,"key":"SMITH"},{"floor":15.0,"key":"REST"},{"data":"Footwork","floor":23.0,"key":"SMITH"},{"data":"Flechettes","floor":25.0,"key":"SMITH"},{"floor":32,"key":"REST"}],"neow_cost":"NONE","seed_source_timestamp":0,"circlet_count":0,"master_deck":["Defend_G","Defend_G","Defend_G","Defend_G","Defend_G","Survivor","Neutralize+1","Sucker Punch","Sucker Punch","Unload+1","Underhanded Strike","Dagger Spray","Flechettes+1","Outmaneuver","Setup","Footwork+1","Dagger Throw","Heel Hook","After Image","All Out Attack","Dagger Throw","Venomology","Quick Slash+1","Heel Hook","Bite","Bite","Bite","Bite","Bite+1","Tactician","Caltrops","Dodge and Roll+1","Calculated Gamble+1","PiercingWail+1","Caltrops","Writhe"],"special_seed":0,"relics":["Ring of the Snake","Pen Nib","Mercury Hourglass","Tiny Chest","Orrery","Torii","MutagenicStrength","Whetstone","Ninja Scroll","Toxic Egg 2","Anchor"],"potions_floor_usage":[28],"damage_taken":[{"damage":9.0,"enemies":"Jaw Worm","floor":1.0,"turns":5.0},{"damage":0.0,"enemies":"2 Louse","floor":3.0,"turns":3.0},{"damage":0.0,"enemies":"Cultist","floor":4.0,"turns":3.0},{"damage":20.0,"enemies":"Gremlin Gang","floor":7.0,"turns":6.0},{"damage":2.0,"enemies":"Gremlin Nob","floor":8.0,"turns":3.0},{"damage":0.0,"enemies":"3 Louse","floor":11.0,"turns":2.0},{"damage":0.0,"enemies":"Large Slime","floor":12.0,"turns":4.0},{"damage":6.0,"enemies":"Lots of Slimes","floor":14.0,"turns":2.0},{"damage":38.0,"enemies":"Hexaghost","floor":16.0,"turns":10.0},{"damage":12.0,"enemies":"Shell Parasite","floor":18.0,"turns":6.0},{"damage":0.0,"enemies":"Chosen","floor":22.0,"turns":4.0},{"damage":6.0,"enemies":"Book of Stabbing","floor":24.0,"turns":7.0},{"damage":27.0,"enemies":"Gremlin Leader","floor":27.0,"turns":6.0},{"damage":31,"enemies":"Shelled Parasite and Fungi","floor":28,"turns":5},{"damage":1,"enemies":"3 Cultists","floor":29,"turns":4},{"damage":19,"enemies":"Cultist and Chosen","floor":30,"turns":4},{"damage":0,"enemies":"Champ","floor":33,"turns":1}],"seed_played":"3214697741131421646","potions_obtained":[{"floor":4.0,"key":"FearPotion"},{"floor":8.0,"key":"Weak Potion"},{"floor":11.0,"key":"Energy Potion"},{"floor":14.0,"key":"Ancient Potion"},{"floor":16.0,"key":"EssenceOfSteel"},{"floor":18.0,"key":"Regen Potion"},{"floor":29,"key":"Dexterity Potion"}],"is_trial":false,"path_per_floor":["M","?","M","M","?","R","M","E","T","?","M","M","$","M","R","B",null,"M","$","?","?","M","R","E","R","T","E","M","M","M","?","R"],"character_chosen":"THE_SILENT","items_purchased":["Footwork","Dagger Throw","Torii","Heel Hook"],"campfire_rested":2,"item_purchase_floors":[13,13,19,19],"current_hp_per_floor":[54,54,54,54,54,54,34,32,32,32,32,32,32,26,47,9,55,43,43,43,43,49,49,47,47,47,44,16,20,6,6,20,20],"gold":198,"neow_bonus":"RANDOM_COMMON_RELIC","is_prod":false,"is_daily":false,"chose_seed":false,"campfire_upgraded":3,"win_rate":0,"timestamp":1536342875,"path_taken":["M","?","M","?","?","R","?","E","T","?","M","M","$","M","R","BOSS","M","$","?","?","M","R","E","R","T","E","M","?","M","?","R","BOSS"],"build_version":"2018-09-06","purchased_purges":0,"victory":false,"max_hp_per_floor":[70,70,70,70,70,70,70,70,70,70,70,70,70,70,70,70,70,70,70,70,49,49,49,49,49,49,49,49,49,49,49,49,49],"card_choices":[{"not_picked":["Acrobatics","Deadly Poison"],"picked":"Sucker Punch","floor":1.0},{"not_picked":["Underhanded Strike","Tactician"],"picked":"Sucker Punch","floor":3.0},{"not_picked":["Dagger Throw","Dodge and Roll"],"picked":"Unload","floor":4.0},{"not_picked":["Flechettes","All Out Attack"],"picked":"Underhanded Strike","floor":7.0},{"not_picked":["Blade Dance","Concentrate"],"picked":"Dagger Spray","floor":8.0},{"not_picked":["Flechettes","Poisoned Stab"],"picked":"Outmaneuver","floor":11.0},{"not_picked":["Slice","Acrobatics"],"picked":"Setup","floor":12.0},{"not_picked":["Phantasmal Killer","Blade Dance"],"picked":"Heel Hook","floor":14.0},{"not_picked":["Malaise","Doppelganger"],"picked":"After Image","floor":16.0},{"not_picked":["Cloak And Dagger","Dagger Spray"],"picked":"All Out Attack","floor":17.0},{"not_picked":["Quick Slash","Masterful Stab"],"picked":"Dagger Throw","floor":17.0},{"not_picked":["Calculated Gamble","Concentrate"],"picked":"Venomology","floor":17.0},{"not_picked":["Calculated Gamble","PiercingWail"],"picked":"Quick Slash+1","floor":18.0},{"not_picked":["Crippling Poison+1","Expertise"],"picked":"Tactician","floor":22.0},{"not_picked":["Backflip+1","Reflex+1"],"picked":"Caltrops","floor":24.0},{"not_picked":["Quick Slash","Setup"],"picked":"Dodge and Roll","floor":27.0},{"not_picked":["Bane","Deadly Poison+1"],"picked":"Calculated Gamble+1","floor":28},{"not_picked":["Blade Dance+1","Prepared+1"],"picked":"PiercingWail+1","floor":29},{"not_picked":["Slice+1","Backstab+1"],"picked":"Caltrops","floor":30}],"player_experience":972096,"relics_obtained":[{"floor":8.0,"key":"Mercury Hourglass"},{"floor":9.0,"key":"Tiny Chest"},{"floor":24.0,"key":"Whetstone"},{"floor":26.0,"key":"Ninja Scroll"},{"floor":27.0,"key":"Toxic Egg 2"}],"event_choices":[{"event_name":"Liars Game","player_choice":"agreed","floor":2.0,"damage_taken":0.0},{"event_name":"The Cleric","player_choice":"Card Removal","floor":5.0,"damage_taken":0.0},{"event_name":"Living Wall","player_choice":"Change","floor":10.0,"damage_taken":0.0},{"event_name":"Drug Dealer","player_choice":"Inject Mutagens","floor":20.0,"damage_taken":0.0},{"event_name":"Vampires","player_choice":"Became a vampire","floor":21.0,"damage_taken":0.0},{"event_name":"The Mausoleum","player_choice":"Yes","floor":31,"damage_taken":0}],"is_beta":false,"boss_relics":[{"not_picked":["Eternal Feather","Fusion Hammer"],"picked":"Orrery"}],"items_purged_floors":[],"is_endless":false,"potions_floor_spawned":[4,8,11,14,16,18,29],"killed_by":"Champ","ascension_level":9}