{"gold_per_floor":[119,28,40,56,206,206,241,241,241,273,299,312,324,334,334,334],"floor_reached":16,"playtime":484,"items_purged":[],"score":213,"play_id":"e7113127-4a53-404c-908f-7cb54f820253","local_time":"20190217143047","is_ascension_mode":true,"campfire_choices":[{"data":"Discovery","floor":6,"key":"SMITH"},{"floor":8,"key":"REST"},{"floor":15,"key":"REST"}],"neow_cost":"NONE","seed_source_timestamp":15099781882973267,"circlet_count":0,"master_deck":["AscendersBane","Strike_R","Strike_R","Strike_R","Strike_R","Strike_R","Defend_R","Defend_R","Defend_R","Defend_R","Bash","Twin Strike","Discovery+1","Battle Trance","Doubt","Burning Pact","Pummel","Second Wind","Havoc","True Grit"],"relics":["Burning Blood","NeowsBlessing","Charon\u0027s Ashes","Ginger","Pear","Pen Nib"],"potions_floor_usage":[10,16],"damage_taken":[{"damage":0,"enemies":"Cultist","floor":1,"turns":1},{"damage":0,"enemies":"Jaw Worm","floor":3,"turns":1},{"damage":0,"enemies":"2 Louse","floor":4,"turns":1},{"damage":39,"enemies":"Gremlin Nob","floor":7,"turns":4},{"damage":24,"enemies":"Lagavulin","floor":10,"turns":8},{"damage":0,"enemies":"Large Slime","floor":12,"turns":4},{"damage":18,"enemies":"Red Slaver","floor":13,"turns":4},{"damage":16,"enemies":"2 Fungi Beasts","floor":14,"turns":3},{"damage":22,"enemies":"The Guardian","floor":16,"turns":5}],"seed_played":"-4707575276132783912","potions_obtained":[{"floor":4,"key":"Energy Potion"},{"floor":7,"key":"SpeedPotion"},{"floor":10,"key":"FearPotion"},{"floor":13,"key":"PowerPotion"}],"is_trial":false,"path_per_floor":["M","$","M","M","?","R","E","R","T","E","T","M","M","M","R","B"],"character_chosen":"IRONCLAD","items_purchased":["Discovery"],"campfire_rested":2,"item_purchase_floors":[2],"current_hp_per_floor":[74,74,75,75,75,75,42,64,64,56,56,62,50,40,65,43],"gold":334,"neow_bonus":"THREE_ENEMY_KILL","is_prod":false,"is_daily":false,"chose_seed":false,"campfire_upgraded":1,"win_rate":0,"timestamp":1550410247,"path_taken":["M","$","M","?","?","R","E","R","T","E","?","M","M","M","R","BOSS"],"build_version":"2019-01-23","purchased_purges":0,"victory":false,"max_hp_per_floor":[75,75,75,75,75,75,75,75,75,85,85,85,85,85,85,85],"card_choices":[{"not_picked":["Entrench","Heavy Blade"],"picked":"Twin Strike","floor":1},{"not_picked":["Sword Boomerang","Infernal Blade","Searing Blow"],"picked":"SKIP","floor":3},{"not_picked":["Sever Soul","Armaments"],"picked":"Battle Trance","floor":4},{"not_picked":["Reckless Charge","Immolate"],"picked":"Burning Pact","floor":7},{"not_picked":["Infernal Blade","Thunderclap"],"picked":"Pummel","floor":10},{"not_picked":["Pummel","Inflame"],"picked":"Second Wind","floor":12},{"not_picked":["Sword Boomerang","Wild Strike"],"picked":"Havoc","floor":13},{"not_picked":["Ghostly Armor","Shockwave"],"picked":"True Grit","floor":14}],"player_experience":404977,"relics_obtained":[{"floor":7,"key":"Charon\u0027s Ashes"},{"floor":9,"key":"Ginger"},{"floor":10,"key":"Pear"},{"floor":11,"key":"Pen Nib"}],"event_choices":[{"damage_healed":0,"gold_gain":150,"player_choice":"AGREE","damage_taken":0,"max_hp_gain":0,"max_hp_loss":0,"event_name":"Liars Game","floor":5,"gold_loss":0,"cards_obtained":["Doubt"]}],"is_beta":false,"boss_relics":[],"items_purged_floors":[],"is_endless":false,"potions_floor_spawned":[4,7,10,13],"killed_by":"The Guardian","ascension_level":18}