{"gold_per_floor":[219,233,108,128,143,143,177,177,222,257,257,268,268,295,295,391,391,401,401],"floor_reached":19,"playtime":2833,"items_purged":["Defend_G"],"score":301,"play_id":"6ac60d40-6650-441d-b56f-de278dceb35f","local_time":"20180724194906","is_ascension_mode":true,"campfire_choices":[{"data":"Acrobatics","floor":6.0,"key":"SMITH"},{"data":"Bullet Time","floor":8.0,"key":"SMITH"},{"data":"Crippling Poison","floor":11.0,"key":"SMITH"},{"data":"Prepared","floor":13.0,"key":"SMITH"},{"data":"Catalyst","floor":15.0,"key":"SMITH"}],"neow_cost":"NONE","seed_source_timestamp":0,"circlet_count":0,"master_deck":["Defend_G","Defend_G","Defend_G","Defend_G","Strike_G","Strike_G","Strike_G","Strike_G","Strike_G","Survivor","Neutralize","Blur","Acrobatics+1","Underhanded Strike","Poisoned Stab","Backflip","Bullet Time+1","Crippling Poison+1","Prepared+1","Catalyst+1","Corpse Explosion","Malaise","Leg Sweep","Poisoned Stab","Deadly Poison"],"special_seed":0,"relics":["Ring of the Snake","Letter Opener","Anchor","Bag of Preparation","Sundial","Orrery"],"potions_floor_usage":[],"damage_taken":[{"damage":1.0,"enemies":"2 Louse","floor":1.0,"turns":3.0},{"damage":5.0,"enemies":"Small Slimes","floor":2.0,"turns":4.0},{"damage":0.0,"enemies":"Jaw Worm","floor":4.0,"turns":4.0},{"damage":1.0,"enemies":"Blue Slaver","floor":5.0,"turns":4.0},{"damage":9.0,"enemies":"3 Sentries","floor":7.0,"turns":9.0},{"damage":6.0,"enemies":"Gremlin Nob","floor":10.0,"turns":4.0},{"damage":0.0,"enemies":"3 Louse","floor":12.0,"turns":1.0},{"damage":0.0,"enemies":"3 Sentries","floor":14.0,"turns":6.0},{"damage":0.0,"enemies":"Hexaghost","floor":16.0,"turns":6.0},{"damage":2.0,"enemies":"2 Thieves","floor":18.0,"turns":2.0},{"damage":12.0,"floor":19.0,"turns":3.0}],"seed_played":"7476276092008091941","potions_obtained":[{"floor":5.0,"key":"Fire Potion"},{"floor":10.0,"key":"SkillPotion"},{"floor":14.0,"key":"Strength Potion"}],"is_trial":false,"path_per_floor":["M","M","$","M","M","R","E","R","T","E","R","M","R","E","R","B",null,"M"],"character_chosen":"THE_SILENT","items_purchased":["Underhanded Strike"],"campfire_rested":0,"item_purchase_floors":[3],"current_hp_per_floor":[69,64,64,64,63,63,54,54,54,48,48,48,48,48,48,48,70,68,56],"gold":401,"neow_bonus":"HUNDRED_GOLD","is_prod":false,"is_daily":false,"chose_seed":false,"campfire_upgraded":5,"win_rate":0,"timestamp":1532429346,"path_taken":["M","M","$","M","M","R","E","R","T","E","R","M","R","E","R","BOSS","M","?"],"build_version":"2018-07-19v2","purchased_purges":1,"victory":false,"max_hp_per_floor":[70,70,70,70,70,70,70,70,70,70,70,70,70,70,70,70,70,70,70],"card_choices":[{"not_picked":["Deflect","Outmaneuver"],"picked":"Blur","floor":1.0},{"not_picked":["Flying Knee","Reflex"],"picked":"Acrobatics","floor":2.0},{"not_picked":["Sucker Punch","Accuracy"],"picked":"Poisoned Stab","floor":4.0},{"not_picked":["Dagger Throw","Dagger Spray"],"picked":"Backflip","floor":5.0},{"not_picked":["Acrobatics","Sucker Punch"],"picked":"Bullet Time","floor":7.0},{"not_picked":["Dagger Throw","Flying Knee"],"picked":"Crippling Poison","floor":10.0},{"not_picked":["Quick Slash","Bane"],"picked":"Prepared","floor":12.0},{"not_picked":["Bane","Accuracy"],"picked":"Catalyst","floor":14.0},{"not_picked":["Unload","Storm of Steel"],"picked":"Corpse Explosion","floor":16.0},{"not_picked":["Blade Dance","Slice"],"picked":"Malaise","floor":17.0},{"not_picked":["Masterful Stab","Predator"],"picked":"Leg Sweep","floor":17.0},{"not_picked":["Underhanded Strike","Caltrops"],"picked":"Poisoned Stab","floor":17.0},{"not_picked":["Expertise","Dash"],"picked":"Deadly Poison","floor":18.0}],"player_experience":170013,"relics_obtained":[{"floor":7.0,"key":"Letter Opener"},{"floor":9.0,"key":"Anchor"},{"floor":10.0,"key":"Bag of Preparation"},{"floor":14.0,"key":"Sundial"}],"event_choices":[{"event_name":"Masked Bandits","player_choice":"Fought over 401 gold","floor":19.0,"damage_taken":0.0}],"is_beta":false,"boss_relics":[{"not_picked":["Snecko Eye","Fusion Hammer"],"picked":"Orrery"}],"items_purged_floors":[3],"is_endless":false,"potions_floor_spawned":[5,10,14],"ascension_level":3}