{"gold_per_floor":[119,119,26,97,109,109,142,162,162,192,192,207,237,256,256,328,328,347,83,83,57,57,57],"floor_reached":23,"playtime":598,"items_purged":[],"score":464,"play_id":"8af54322-ec7d-4a1c-b867-3aa80a56f07e","local_time":"20190220232509","is_ascension_mode":true,"campfire_choices":[{"data":"Creative AI","floor":6.0,"key":"SMITH"},{"data":"Defragment","floor":11.0,"key":"SMITH"},{"floor":15,"key":"REST"}],"neow_cost":"NONE","seed_source_timestamp":110122405959831,"circlet_count":0,"master_deck":["AscendersBane","Strike_B","Strike_B","Strike_B","Strike_B","Defend_B","Defend_B","Defend_B","Defend_B","Zap","Dualcast","Hello World","Creative AI+1","Capacitor","Streamline","Compile Driver","Defragment+1","Storm","Steam","Loop","Loop","Echo Form","Self Repair","Auto Shields","Defragment","Stack"],"special_seed":0,"relics":["Cracked Core","NeowsBlessing","Turnip","Cables","Du-Vu Doll","Fusion Hammer","OrangePellets"],"potions_floor_usage":[16,18,18,18,23],"damage_taken":[{"damage":0.0,"enemies":"2 Louse","floor":1.0,"turns":1.0},{"damage":0.0,"enemies":"Cultist","floor":5.0,"turns":1.0},{"damage":0.0,"enemies":"3 Sentries","floor":7.0,"turns":1.0},{"damage":5.0,"enemies":"Small Slimes","floor":8.0,"turns":3.0},{"damage":8.0,"enemies":"Gremlin Nob","floor":10.0,"turns":3.0},{"damage":11.0,"enemies":"Blue Slaver","floor":12.0,"turns":3.0},{"damage":14.0,"enemies":"3 Sentries","floor":13.0,"turns":3.0},{"damage":15,"enemies":"Lots of Slimes","floor":14,"turns":5},{"damage":7,"enemies":"Slime Boss","floor":16,"turns":6},{"damage":7,"enemies":"Shell Parasite","floor":18,"turns":4},{"damage":59,"enemies":"Gremlin Leader","floor":23,"turns":4}],"seed_played":"5437849441632147326","potions_obtained":[{"floor":5.0,"key":"FearPotion"},{"floor":10.0,"key":"Fire Potion"},{"floor":14,"key":"EntropicBrew"},{"floor":16,"key":"EssenceOfSteel"},{"floor":18,"key":"EssenceOfSteel"}],"is_trial":false,"path_per_floor":["M","?","$","?","M","R","E","M","T","E","R","M","E","M","R","B",null,"M","$","?","$","?","E"],"character_chosen":"DEFECT","items_purchased":["Capacitor","Streamline","OrangePellets","Auto Shields","Stack"],"campfire_rested":1,"item_purchase_floors":[3,3,19,19,21],"current_hp_per_floor":[64,64,64,64,64,64,64,59,59,51,51,40,26,11,32,25,60,53,53,53,53,53,0],"gold":57,"neow_bonus":"THREE_ENEMY_KILL","is_prod":false,"is_daily":false,"chose_seed":false,"campfire_upgraded":2,"win_rate":0,"timestamp":1550723109,"path_taken":["M","?","$","?","M","R","E","M","T","E","R","M","E","M","R","BOSS","M","$","?","$","?","E"],"build_version":"2019-01-23","purchased_purges":0,"victory":false,"max_hp_per_floor":[71,71,71,71,71,71,71,71,71,71,71,71,71,71,71,71,71,71,71,71,71,71,71],"card_choices":[{"not_picked":["Go for the Eyes","Auto Shields"],"picked":"Hello World","floor":1.0},{"not_picked":["Heatsinks","White Noise"],"picked":"Compile Driver","floor":5.0},{"not_picked":["Redo","Sweeping Beam","Hello World"],"picked":"SKIP","floor":7.0},{"not_picked":["Rebound","Chill"],"picked":"Defragment","floor":8.0},{"not_picked":["Tempest","Capacitor"],"picked":"Storm","floor":10.0},{"not_picked":["Turbo","Redo"],"picked":"Steam","floor":12.0},{"not_picked":["Skim","Fusion"],"picked":"Loop","floor":13.0},{"not_picked":["Lockon","Redo"],"picked":"Loop","floor":14},{"not_picked":["Electrodynamics","Machine Learning"],"picked":"Echo Form","floor":16},{"not_picked":["Steam Power+1","Stack"],"picked":"Self Repair","floor":18}],"player_experience":1241645,"relics_obtained":[{"floor":7.0,"key":"Turnip"},{"floor":9.0,"key":"Cables"},{"floor":13.0,"key":"Du-Vu Doll"}],"event_choices":[{"damage_healed":0.0,"max_hp_gain":0.0,"max_hp_loss":0.0,"gold_gain":0.0,"event_name":"Match and Keep!","player_choice":"1 cards matched","floor":2.0,"gold_loss":0.0,"damage_taken":0.0,"cards_obtained":["Creative AI"]},{"damage_healed":0.0,"max_hp_gain":0.0,"max_hp_loss":0.0,"gold_gain":71.0,"event_name":"Golden Wing","player_choice":"Gained Gold","floor":4.0,"gold_loss":0.0,"damage_taken":0.0},{"damage_healed":0,"gold_gain":0,"player_choice":"Read","damage_taken":0,"max_hp_gain":0,"max_hp_loss":0,"event_name":"The Library","floor":20,"gold_loss":0,"cards_obtained":["Defragment"]},{"damage_healed":0,"gold_gain":0,"player_choice":"Ignored","damage_taken":0,"max_hp_gain":0,"max_hp_loss":0,"event_name":"Beggar","floor":22,"gold_loss":0}],"is_beta":false,"boss_relics":[{"not_picked":["FrozenCore","Orrery"],"picked":"Fusion Hammer"}],"items_purged_floors":[],"is_endless":false,"potions_floor_spawned":[5,10,14,16,18],"killed_by":"Gremlin Leader","ascension_level":20}