{"gold_per_floor":[114,114,77,77,88,115,128,159,159,159,178,178,212,212,212,310,310],"floor_reached":17,"playtime":523,"items_purged":[],"score":357,"play_id":"f4fbbb8a-2e0f-46af-ad37-58d01481f707","local_time":"20190123193303","is_ascension_mode":true,"campfire_choices":[{"data":"Storm of Steel","floor":10,"key":"SMITH"},{"data":"All Out Attack","floor":15,"key":"SMITH"}],"neow_cost":"NONE","seed_source_timestamp":1185665615521352,"circlet_count":0,"master_deck":["AscendersBane","Defend_G","Defend_G","Defend_G+1","Defend_G","Defend_G","Strike_G","Strike_G","Strike_G+1","Strike_G","Strike_G","Survivor+1","Neutralize","Leg Sweep+1","Endless Agony","Slice","Storm of Steel+1","Backstab","PiercingWail+1","All Out Attack+1","Expertise+1","Bullet Time+1"],"relics":["Ring of the Snake","NeowsBlessing","War Paint","Toxic Egg 2","Bag of Preparation","Lantern","Orichalcum"],"potions_floor_usage":[8],"damage_taken":[{"damage":0,"enemies":"2 Louse","floor":1,"turns":1},{"damage":0,"enemies":"Jaw Worm","floor":5,"turns":1},{"damage":0,"enemies":"3 Sentries","floor":6,"turns":1},{"damage":1,"enemies":"Cultist","floor":7,"turns":3},{"damage":0,"enemies":"Gremlin Nob","floor":8,"turns":2},{"damage":0,"enemies":"Looter","floor":11,"turns":1},{"damage":3,"enemies":"Lagavulin","floor":13,"turns":6},{"damage":54,"enemies":"Hexaghost","floor":16,"turns":18}],"seed_played":"-5780579714456451842","potions_obtained":[{"floor":1,"key":"GamblersBrew"},{"floor":4,"key":"Energy Potion"},{"floor":4,"key":"SteroidPotion"},{"floor":11,"key":"Explosive Potion"}],"is_trial":false,"path_per_floor":["?","$","?","M","?","T"],"character_chosen":"THE_SILENT","items_purchased":["Endless Agony"],"campfire_rested":0,"item_purchase_floors":[3],"current_hp_per_floor":[63,49,49,49,49,49,48,48,48,48,48,70,67,67,67,13,13],"gold":310,"neow_bonus":"THREE_ENEMY_KILL","is_prod":false,"is_daily":false,"chose_seed":false,"campfire_upgraded":2,"win_rate":0,"timestamp":1548268383,"path_taken":["M","?","?","?","M","E","?","E","T","R","M","?","E","?","R","BOSS"],"build_version":"2019-01-23","purchased_purges":0,"victory":false,"max_hp_per_floor":[70,70,70,70,70,70,70,70,70,70,70,70,70,70,70,70,70],"card_choices":[{"not_picked":["Bane","Deflect"],"picked":"Leg Sweep","floor":1},{"not_picked":["Outmaneuver","Prepared"],"picked":"Slice","floor":5},{"not_picked":["Finisher","Deadly Poison"],"picked":"Storm of Steel","floor":6},{"not_picked":["Escape Plan","Deflect"],"picked":"Backstab","floor":7},{"not_picked":["Blur","Reflex"],"picked":"PiercingWail","floor":8},{"not_picked":["Masterful Stab","Deadly Poison+1"],"picked":"All Out Attack","floor":11},{"not_picked":["Underhanded Strike","Deadly Poison+1"],"picked":"Expertise+1","floor":13},{"not_picked":["Doppelganger+1","Glass Knife"],"picked":"Bullet Time+1","floor":16}],"player_experience":2027373,"relics_obtained":[{"floor":6,"key":"War Paint"},{"floor":8,"key":"Toxic Egg 2"},{"floor":9,"key":"Bag of Preparation"},{"floor":13,"key":"Lantern"},{"floor":14,"key":"Orichalcum"}],"event_choices":[{"damage_healed":0,"gold_gain":0,"player_choice":"Entered Light","damage_taken":14,"max_hp_gain":0,"max_hp_loss":0,"event_name":"Shining Light","floor":2,"gold_loss":0,"cards_upgraded":["Leg Sweep","Strike_G"]},{"damage_healed":0,"gold_gain":0,"player_choice":"Got Potions","damage_taken":0,"max_hp_gain":0,"max_hp_loss":0,"event_name":"Lab","floor":4,"gold_loss":0},{"damage_healed":23,"gold_gain":0,"player_choice":"Banana","damage_taken":0,"max_hp_gain":0,"max_hp_loss":0,"event_name":"Big Fish","floor":12,"gold_loss":0}],"is_beta":false,"boss_relics":[],"items_purged_floors":[],"is_endless":false,"potions_floor_spawned":[1,11,13,16],"ascension_level":12}