{"gold_per_floor":[115,115,28,39,49,83,55,55,55,55,71,71,82,100,100,100],"floor_reached":16,"playtime":819,"items_purged":[],"score":184,"play_id":"1bff5404-42d6-4571-a56f-9d3ff5883315","local_time":"20190209133451","is_ascension_mode":true,"campfire_choices":[{"floor":8,"key":"REST"},{"data":"Rage","floor":10,"key":"SMITH"},{"floor":12,"key":"REST"},{"floor":15,"key":"REST"}],"neow_cost":"NONE","seed_source_timestamp":14404890593032791,"circlet_count":0,"master_deck":["AscendersBane","Strike_R","Strike_R","Strike_R","Strike_R","Strike_R","Defend_R","Defend_R","Defend_R","Defend_R","Bash","Impervious","Rage+1","Barricade","Armaments","Shrug It Off"],"relics":["Burning Blood","Shovel","Letter Opener"],"potions_floor_usage":[4,6,11,13,14],"damage_taken":[{"damage":10,"enemies":"Cultist","floor":1,"turns":4},{"damage":3,"enemies":"2 Louse","floor":4,"turns":3},{"damage":2,"enemies":"Small Slimes","floor":5,"turns":6},{"damage":56,"enemies":"Gremlin Nob","floor":6,"turns":7},{"damage":27,"enemies":"Exordium Wildlife","floor":11,"turns":8},{"damage":34,"enemies":"Exordium Thugs","floor":13,"turns":11},{"damage":17,"enemies":"Gremlin Gang","floor":14,"turns":6},{"damage":38,"enemies":"Hexaghost","floor":16,"turns":16}],"seed_played":"-4705158725068294281","potions_obtained":[{"floor":2,"key":"Block Potion"},{"floor":2,"key":"Fruit Juice"},{"floor":5,"key":"Dexterity Potion"},{"floor":6,"key":"PowerPotion"},{"floor":13,"key":"Energy Potion"}],"is_trial":false,"path_per_floor":["M","?","$","M","M","E","$","R","T","R","M","R","M","M","R","B"],"character_chosen":"IRONCLAD","items_purchased":["Rage","Armaments"],"campfire_rested":3,"item_purchase_floors":[3,7],"current_hp_per_floor":[64,64,64,72,76,26,26,50,50,50,29,53,25,14,38,0],"gold":100,"neow_bonus":"ONE_RANDOM_RARE_CARD","is_prod":false,"is_daily":false,"chose_seed":false,"campfire_upgraded":1,"win_rate":0,"timestamp":1549715691,"path_taken":["M","?","$","M","?","E","$","R","T","R","M","R","M","M","R","BOSS"],"build_version":"2019-01-23","purchased_purges":0,"victory":false,"max_hp_per_floor":[75,75,75,80,80,80,80,80,80,80,80,80,80,80,80,80],"card_choices":[{"not_picked":["Body Slam","Warcry","Hemokinesis"],"picked":"SKIP","floor":1},{"not_picked":["Anger","Perfected Strike","Body Slam"],"picked":"SKIP","floor":4},{"not_picked":["Wild Strike","Armaments","Thunderclap"],"picked":"SKIP","floor":5},{"not_picked":["Feel No Pain","Headbutt"],"picked":"Barricade","floor":6},{"not_picked":["Uppercut","Flex"],"picked":"Shrug It Off","floor":11},{"not_picked":["Clothesline","Thunderclap","Cleave"],"picked":"SKIP","floor":13},{"not_picked":["Infernal Blade","Clash","Armaments"],"picked":"SKIP","floor":14}],"player_experience":358420,"relics_obtained":[{"floor":6,"key":"Shovel"},{"floor":9,"key":"Letter Opener"}],"event_choices":[{"damage_healed":0,"gold_gain":0,"player_choice":"Got Potions","damage_taken":0,"max_hp_gain":0,"max_hp_loss":0,"event_name":"Lab","floor":2,"gold_loss":0}],"is_beta":false,"boss_relics":[],"items_purged_floors":[],"is_endless":false,"potions_floor_spawned":[5,6,13],"killed_by":"Hexaghost","ascension_level":16}