{"gold_per_floor":[109,125,144,144,0,0,28,28,28,0,17,52,5,22,22,127,127,140,154,85,85],"floor_reached":21,"playtime":1124,"items_purged":[],"score":302,"play_id":"082d45bd-6754-404a-8a35-958a69b73f5b","local_time":"20190124190425","is_ascension_mode":true,"campfire_choices":[{"data":"Bash","floor":6,"key":"SMITH"},{"floor":15,"key":"REST"}],"neow_cost":"TEN_PERCENT_HP_LOSS","seed_source_timestamp":13041959233172057,"circlet_count":0,"master_deck":["AscendersBane","Strike_R","Strike_R","Defend_R","Defend_R","Defend_R","Bash+1","Sever Soul","Clash","Infernal Blade+1","Headbutt","Iron Wave","Infernal Blade","True Grit","Demon Form+1","Rampage","Battle Trance"],"relics":["Burning Blood","Strawberry","Letter Opener","Ornamental Fan","Frozen Egg 2","Empty Cage"],"potions_floor_usage":[11,12],"damage_taken":[{"damage":14,"enemies":"Jaw Worm","floor":1,"turns":3},{"damage":0,"enemies":"Cultist","floor":2,"turns":2},{"damage":0,"enemies":"2 Louse","floor":3,"turns":1},{"damage":34,"enemies":"Gremlin Nob","floor":7,"turns":4},{"damage":8,"enemies":"Blue Slaver","floor":11,"turns":2},{"damage":19,"enemies":"Lagavulin","floor":12,"turns":5},{"damage":10,"enemies":"Lots of Slimes","floor":14,"turns":2},{"damage":57,"enemies":"Slime Boss","floor":16,"turns":11},{"damage":21,"enemies":"Spheric Guardian","floor":18,"turns":4},{"damage":5,"enemies":"Chosen","floor":19,"turns":4},{"damage":50,"enemies":"Centurion and Healer","floor":21,"turns":6}],"seed_played":"3636277848634653133","potions_obtained":[{"floor":1,"key":"SneckoOil"},{"floor":3,"key":"Regen Potion"},{"floor":7,"key":"SkillPotion"}],"is_trial":false,"path_per_floor":["M","M","M","?","$","R","E","$","T","?","M","E","$","M","R","B",null,"M","M","$","M"],"character_chosen":"IRONCLAD","items_purchased":["Strawberry","True Grit","Battle Trance"],"campfire_rested":1,"item_purchase_floors":[5,13,20],"current_hp_per_floor":[64,70,72,72,79,79,51,51,51,51,54,41,41,37,60,9,62,47,48,48,0],"gold":85,"neow_bonus":"TRANSFORM_TWO_CARDS","is_prod":false,"is_daily":false,"chose_seed":false,"campfire_upgraded":1,"win_rate":0,"timestamp":1548353065,"path_taken":["M","M","M","?","$","R","E","?","T","?","M","E","?","M","R","BOSS","M","?","$","M"],"build_version":"2019-01-23","purchased_purges":0,"victory":false,"max_hp_per_floor":[72,72,72,72,79,79,79,79,79,79,79,79,79,79,79,79,79,79,79,79,79],"card_choices":[{"not_picked":["Ghostly Armor","Twin Strike"],"picked":"Infernal Blade","floor":1},{"not_picked":["Uppercut","Perfected Strike","Heavy Blade"],"picked":"SKIP","floor":2},{"not_picked":["Pummel","Cleave","Searing Blow"],"picked":"SKIP","floor":3},{"not_picked":["Cleave","Spot Weakness"],"picked":"Headbutt","floor":7},{"not_picked":["Thunderclap","Power Through"],"picked":"Iron Wave","floor":11},{"not_picked":["Wild Strike","Body Slam"],"picked":"Infernal Blade","floor":12},{"not_picked":["Heavy Blade","Pummel","Havoc"],"picked":"SKIP","floor":14},{"not_picked":["Reaper","Double Tap"],"picked":"Demon Form+1","floor":16},{"not_picked":["Body Slam","Anger","Intimidate"],"picked":"SKIP","floor":18},{"not_picked":["Entrench+1","Wild Strike"],"picked":"Rampage","floor":19}],"player_experience":309899,"relics_obtained":[{"floor":7,"key":"Letter Opener"},{"floor":9,"key":"Ornamental Fan"},{"floor":12,"key":"Frozen Egg 2"}],"event_choices":[{"damage_healed":0,"gold_gain":0,"player_choice":"Upgraded","damage_taken":0,"max_hp_gain":0,"max_hp_loss":0,"event_name":"Upgrade Shrine","floor":4,"gold_loss":0,"cards_upgraded":["Infernal Blade"]},{"damage_healed":0,"gold_gain":0,"player_choice":"Left Gold","damage_taken":0,"max_hp_gain":0,"max_hp_loss":0,"event_name":"World of Goop","floor":10,"gold_loss":28}],"is_beta":false,"boss_relics":[{"not_picked":["Philosopher\u0027s Stone","Snecko Eye"],"picked":"Empty Cage"}],"items_purged_floors":[],"is_endless":false,"potions_floor_spawned":[1,3,7],"killed_by":"Centurion and Healer","ascension_level":12}