{"path_per_floor":["M","?","M","M","M","R","$","E","T","M","?","M","E","?","R","B",null,"M","?","?","M","M","R","E","R","T","M","M","E","M","?","R","B",null,"M","M","?","$","?","E","R","M","T","E","M","E","$","M","R","B"],"character_chosen":"IRONCLAD","items_purchased":["Whetstone","Kunai","Metallicize","Offering","Enlightenment","Shrug It Off"],"gold_per_floor":[18,193,206,219,238,238,9,39,119,138,138,149,180,180,180,277,277,296,296,211,221,234,234,269,269,292,307,322,381,397,397,397,502,502,512,522,522,93,93,118,118,129,153,188,201,233,11,30,30,30],"floor_reached":51,"campfire_rested":2,"playtime":2521,"current_hp_per_floor":[80,80,80,80,80,80,80,80,80,80,64,70,76,76,76,43,80,80,80,80,84,88,88,88,88,88,92,81,87,92,92,92,40,96,100,100,87,87,87,74,106,97,97,59,51,25,25,27,59,47],"items_purged":["Doubt"],"gold":30,"score":1048,"play_id":"b9928e3f-019d-4ff0-b753-a8c3acd83437","local_time":"20180509120133","is_prod":false,"is_daily":false,"chose_seed":false,"is_ascension_mode":true,"campfire_upgraded":5,"timestamp":1525860093,"path_taken":["M","?","M","M","M","R","$","E","T","M","?","M","E","?","R","BOSS","M","?","?","M","M","R","E","R","T","M","M","E","?","?","R","BOSS","M","?","?","$","?","E","R","M","T","E","M","E","?","?","R","BOSS"],"build_version":"2018-05-03","seed_source_timestamp":469301126040747,"purchased_purges":1,"victory":true,"master_deck":["Strike_R+1","Strike_R+1","Strike_R","Strike_R","Strike_R","Defend_R","Defend_R","Defend_R+1","Defend_R","Bash","Battle Trance","Seeing Red+1","Uppercut+1","Perfected Strike","Shrug It Off+1","Flex+1","Feed+1","Immolate+1","Seeing Red+1","Perfected Strike","Disarm+1","Perfected Strike","Flex+1","Thunderclap+1","Demon Form","Offering","Disarm+1","Madness","Madness","Metallicize","Offering","Shrug It Off","Dropkick+1","Demon Form","Iron Wave","Ghostly Armor+1","Enlightenment","Shrug It Off","Iron Wave+1"],"max_hp_per_floor":[80,80,80,80,80,80,80,80,80,80,80,80,80,80,80,80,80,80,80,80,84,88,88,88,88,88,92,92,92,92,92,92,96,96,100,100,100,100,100,107,107,107,107,107,107,107,107,107,107,107],"relics":["Burning Blood","Thread and Needle","Whetstone","Torii","Dodecahedron","Bag of Marbles","Black Star","Peace Pipe","Mercury Hourglass","Mummified Hand","Anchor","Tiny Chest","Orichalcum","Sozu","Kunai","Strawberry","Happy Flower","Oddly Smooth Stone","Omamori","Ancient Tea Set","Du-Vu Doll","Ice Cream"],"card_choices":[{"not_picked":["Shrug It Off","Reckless Charge"],"picked":"Battle Trance","floor":1},{"not_picked":["Heavy Blade","Feel No Pain"],"picked":"Seeing Red","floor":3},{"not_picked":["Clothesline","Pummel"],"picked":"Uppercut","floor":4},{"not_picked":["Thunderclap","Corruption"],"picked":"Perfected Strike","floor":5},{"not_picked":["Twin Strike","Fiend Fire"],"picked":"Shrug It Off","floor":10},{"not_picked":["Warcry","Rampage"],"picked":"Flex","floor":12},{"not_picked":["Body Slam","Clash"],"picked":"Feed","floor":13},{"not_picked":["Exhume","Limit Break"],"picked":"Immolate","floor":16},{"not_picked":["Headbutt","Armaments"],"picked":"Seeing Red","floor":18},{"not_picked":["Heavy Blade","Anger"],"picked":"Perfected Strike","floor":22},{"not_picked":["Armaments","Feel No Pain"],"picked":"Disarm","floor":24},{"not_picked":["Carnage","Anger"],"picked":"Perfected Strike","floor":27},{"not_picked":["Fire Breathing","Bludgeon"],"picked":"Flex","floor":29},{"not_picked":["Wild Strike","Cleave"],"picked":"Thunderclap","floor":30},{"not_picked":["Dark Embrace","Brutality"],"picked":"Offering","floor":33},{"not_picked":["Corruption","Pummel"],"picked":"Disarm","floor":35},{"not_picked":["Armaments","Pommel Strike"],"picked":"True Grit","floor":36},{"not_picked":["Whirlwind","Twin Strike"],"picked":"Shrug It Off","floor":40},{"not_picked":["Thunderclap","Pommel Strike"],"picked":"Dropkick","floor":42},{"not_picked":["True Grit","Warcry"],"picked":"Demon Form","floor":44},{"not_picked":["Headbutt","Havoc"],"picked":"Iron Wave","floor":45},{"not_picked":["Pommel Strike","Wild Strike"],"picked":"Ghostly Armor","floor":46},{"not_picked":["Reckless Charge","Armaments"],"picked":"Iron Wave","floor":48}],"player_experience":427848,"potions_floor_usage":[8,8,12,16,21,22,24,33,33,40],"damage_taken":[{"damage":0,"enemies":"Jaw Worm","floor":1,"turns":4},{"damage":0,"enemies":"Small Slimes","floor":3,"turns":4},{"damage":0,"enemies":"2 Louse","floor":4,"turns":3},{"damage":6,"enemies":"Looter","floor":5,"turns":3},{"damage":0,"enemies":"Gremlin Nob","floor":8,"turns":2},{"damage":0,"enemies":"3 Louse","floor":10,"turns":2},{"damage":0,"enemies":"Exordium Thugs","floor":12,"turns":3},{"damage":0,"enemies":"3 Sentries","floor":13,"turns":7},{"damage":39,"enemies":"Slime Boss","floor":16,"turns":12},{"damage":0,"enemies":"Spheric Guardian","floor":18,"turns":3},{"damage":0,"enemies":"Shell Parasite","floor":21,"turns":3},{"damage":0,"enemies":"Snake Plant","floor":22,"turns":1},{"damage":0,"enemies":"Gremlin Leader","floor":24,"turns":4},{"damage":0,"enemies":"Snecko","floor":27,"turns":3},{"damage":17,"enemies":"Sentry and Sphere","floor":28,"turns":4},{"damage":0,"enemies":"Slavers","floor":29,"turns":2},{"damage":1,"enemies":"Centurion and Healer","floor":30,"turns":3},{"damage":62,"enemies":"Automaton","floor":33,"turns":10},{"damage":0,"enemies":"3 Shapes","floor":35,"turns":3},{"damage":0,"enemies":"3 Darklings","floor":36,"turns":2},{"damage":26,"enemies":"Giant Head","floor":40,"turns":7},{"damage":15,"enemies":"Maw","floor":42,"turns":6},{"damage":44,"enemies":"Nemesis","floor":44,"turns":7},{"damage":14,"enemies":"4 Shapes","floor":45,"turns":4},{"damage":32,"enemies":"Giant Head","floor":46,"turns":8},{"damage":4,"enemies":"3 Darklings","floor":48,"turns":4},{"damage":18,"enemies":"Awakened One","floor":50,"turns":11}],"event_choices":[{"event_name":"Liars Game","player_choice":"agreed","floor":2,"damage_taken":0},{"event_name":"Shining Light","player_choice":"Entered Light","floor":11,"damage_taken":0},{"event_name":"Living Wall","player_choice":"Grow","floor":14,"damage_taken":0},{"event_name":"Vampires","player_choice":"Ignored","floor":19,"damage_taken":0},{"event_name":"Addict","player_choice":"Obtained Relic","floor":20,"damage_taken":0},{"event_name":"Match and Keep!","player_choice":"1 cards matched","floor":31,"damage_taken":0},{"event_name":"Winding Halls","player_choice":"Embrace Madness","floor":37,"damage_taken":0}],"boss_relics":[{"not_picked":["White Beast Statue","Snecko Eye"],"picked":"Black Star"},{"not_picked":["Pandora\u0027s Box","Astrolabe"],"picked":"Sozu"}],"potions_floor_spawned":[3,4,10,13,16,18,22,27,29,33,42,45,46],"seed_played":"7123891939507700742","ascension_level":2,"is_trial":false}