{"gold_per_floor":[119,194,209,229,229,257,257,270,350,380,380,380,396,396,396,396],"floor_reached":16,"playtime":582,"items_purged":[],"score":154,"play_id":"25bd5b1a-2667-4e26-bd9b-14edc124e023","local_time":"20180814144011","is_ascension_mode":true,"campfire_choices":[{"floor":7.0,"key":"REST"},{"floor":11,"key":"REST"},{"floor":15,"key":"REST"}],"neow_cost":"NONE","seed_source_timestamp":0,"circlet_count":0,"master_deck":["Strike_B","Strike_B","Strike_B","Strike_B","Defend_B","Defend_B","Defend_B","Defend_B","Zap+1","Dualcast","Cold Snap","Double Energy","Redo","Regret","Undo","Multi-Cast","Defragment","Conserve Battery"],"special_seed":0,"relics":["Cracked Core","Unceasing Top","Bronze Scales","Matryoshka","Oddly Smooth Stone","Golden Idol","Du-Vu Doll","Orichalcum"],"potions_floor_usage":[10],"damage_taken":[{"damage":0.0,"enemies":"Small Slimes","floor":1.0,"turns":3.0},{"damage":6.0,"enemies":"2 Louse","floor":3.0,"turns":3.0},{"damage":5.0,"enemies":"Jaw Worm","floor":4.0,"turns":2.0},{"damage":18.0,"enemies":"Gremlin Nob","floor":6.0,"turns":4.0},{"damage":6.0,"enemies":"Looter","floor":8.0,"turns":3.0},{"damage":29,"enemies":"Lagavulin","floor":10,"turns":9},{"damage":20,"enemies":"Large Slime","floor":13,"turns":4},{"damage":24,"enemies":"The Guardian","floor":16,"turns":8}],"seed_played":"7807077037195927025","potions_obtained":[{"floor":1.0,"key":"Energy Potion"},{"floor":3.0,"key":"FearPotion"},{"floor":4.0,"key":"Block Potion"},{"floor":6.0,"key":"Block Potion"}],"is_trial":false,"path_per_floor":["M","?","M","M","?","E","R","M","T","E","R","?","M","T","R"],"character_chosen":"DEFECT","items_purchased":[],"campfire_rested":3,"item_purchase_floors":[],"current_hp_per_floor":[68,57,51,46,46,28,50,44,44,15,37,37,17,17,37,13],"gold":396,"neow_bonus":"UPGRADE_CARD","is_prod":false,"is_daily":false,"chose_seed":false,"campfire_upgraded":0,"win_rate":0,"timestamp":1534250411,"path_taken":["M","?","M","M","?","E","R","M","T","E","R","?","M","?","R","BOSS"],"build_version":"2018-08-09","purchased_purges":0,"victory":false,"max_hp_per_floor":[75,75,75,75,75,75,75,75,75,75,75,69,69,69,69,69],"card_choices":[{"not_picked":["Chaos","Doom and Gloom"],"picked":"Cold Snap","floor":1.0},{"not_picked":["Streamline","Rebound"],"picked":"Double Energy","floor":3.0},{"not_picked":["Go for the Eyes","Barrage"],"picked":"Redo","floor":4.0},{"not_picked":["Stack","Turbo"],"picked":"Undo","floor":6.0},{"not_picked":["Melter","Undo"],"picked":"Multi-Cast","floor":8.0},{"not_picked":["Stack","Gash"],"picked":"Defragment","floor":10},{"not_picked":["Ball Lightning","Steam"],"picked":"Conserve Battery","floor":13}],"player_experience":881560,"relics_obtained":[{"floor":6.0,"key":"Bronze Scales"},{"floor":9.0,"key":"Matryoshka"},{"floor":10,"key":"Oddly Smooth Stone"},{"floor":14,"key":"Du-Vu Doll"},{"floor":14,"key":"Orichalcum"}],"event_choices":[{"event_name":"World of Goop","player_choice":"Gather Gold","floor":2.0,"damage_taken":0.0},{"event_name":"Big Fish","player_choice":"Box","floor":5.0,"damage_taken":0.0},{"event_name":"Golden Idol","player_choice":"Lose Max HP","floor":12,"damage_taken":0}],"is_beta":false,"boss_relics":[],"items_purged_floors":[],"is_endless":false,"potions_floor_spawned":[1,3,4,6],"killed_by":"The Guardian","ascension_level":8}