{"gold_per_floor":[119,139,139,139,100,100,141,160,160,175,175,216,216,230,230,230],"floor_reached":16,"playtime":441,"items_purged":[],"score":223,"play_id":"44ace4db-4f2a-4581-b518-9568097fdd1d","local_time":"20190205194154","is_ascension_mode":true,"campfire_choices":[{"data":"Inflame","floor":6,"key":"SMITH"},{"data":"Bash","floor":11,"key":"SMITH"},{"data":"Infernal Blade","floor":13,"key":"SMITH"},{"floor":15,"key":"REST"}],"neow_cost":"NONE","seed_source_timestamp":888015282620876,"circlet_count":0,"master_deck":["AscendersBane","Strike_R","Strike_R","Strike_R","Strike_R","Strike_R","Defend_R","Defend_R","Defend_R","Defend_R","Bash+1","Second Wind","Uppercut","Inflame+1","Infernal Blade+1","Feel No Pain","Headbutt","Power Through"],"relics":["Burning Blood","NeowsBlessing","Singing Bowl","Golden Idol","WingedGreaves","Happy Flower","Self Forming Clay"],"potions_floor_usage":[10,12,12,16],"damage_taken":[{"damage":0,"enemies":"Jaw Worm","floor":1,"turns":1},{"damage":0,"enemies":"Small Slimes","floor":2,"turns":1},{"damage":0,"enemies":"Lagavulin","floor":7,"turns":1},{"damage":2,"enemies":"2 Louse","floor":8,"turns":3},{"damage":18,"enemies":"Lots of Slimes","floor":10,"turns":5},{"damage":15,"enemies":"3 Sentries","floor":12,"turns":6},{"damage":6,"enemies":"Red Slaver","floor":14,"turns":5},{"damage":38,"enemies":"Slime Boss","floor":16,"turns":4}],"seed_played":"-5290553002033659533","potions_obtained":[{"floor":1,"key":"LiquidBronze"},{"floor":7,"key":"PowerPotion"},{"floor":10,"key":"Block Potion"},{"floor":12,"key":"PowerPotion"}],"is_trial":false,"path_per_floor":["M","M","?","?","$","R","E","M","T","M","R","E","R","M","R","B"],"character_chosen":"IRONCLAD","items_purchased":["Inflame"],"campfire_rested":1,"item_purchase_floors":[5],"current_hp_per_floor":[78,80,77,57,57,57,63,67,67,57,57,48,48,48,72,34],"gold":230,"neow_bonus":"THREE_ENEMY_KILL","is_prod":false,"is_daily":false,"chose_seed":false,"campfire_upgraded":3,"win_rate":0,"timestamp":1549392114,"path_taken":["M","M","?","?","$","R","E","M","T","M","R","E","R","M","R","BOSS"],"build_version":"2019-01-23","purchased_purges":0,"victory":false,"max_hp_per_floor":[80,80,80,80,80,80,80,80,80,82,82,82,82,82,82,82],"card_choices":[{"not_picked":["Perfected Strike","Cleave"],"picked":"Second Wind","floor":1},{"not_picked":["Warcry","Cleave"],"picked":"Uppercut","floor":2},{"not_picked":["Burning Pact","Reckless Charge"],"picked":"Infernal Blade","floor":7},{"not_picked":["Flex","Perfected Strike"],"picked":"Feel No Pain","floor":8},{"not_picked":["Cleave","Berserk","Sever Soul"],"picked":"Singing Bowl","floor":10},{"not_picked":["Cleave","Twin Strike"],"picked":"Headbutt","floor":12},{"not_picked":["Cleave","Combust"],"picked":"Power Through","floor":14}],"player_experience":2207528,"relics_obtained":[{"floor":7,"key":"WingedGreaves"},{"floor":9,"key":"Happy Flower"},{"floor":12,"key":"Self Forming Clay"}],"event_choices":[{"damage_healed":0,"gold_gain":0,"player_choice":"Success","damage_taken":3,"relics_obtained":["Singing Bowl"],"max_hp_gain":0,"max_hp_loss":0,"event_name":"Scrap Ooze","floor":3,"gold_loss":0},{"damage_healed":0,"gold_gain":0,"player_choice":"Take Damage","damage_taken":20,"relics_obtained":["Golden Idol"],"max_hp_gain":0,"max_hp_loss":0,"event_name":"Golden Idol","floor":4,"gold_loss":0}],"is_beta":false,"boss_relics":[],"items_purged_floors":[],"is_endless":false,"potions_floor_spawned":[1,7,10,12],"killed_by":"Slime Boss","ascension_level":13}