{"gold_per_floor":[219,36,50,50,62,91,91,104,155,120,140,158,83,99,99,176,176,191,201,56,66,66,66],"floor_reached":23,"playtime":1660,"items_purged":["Defend_R","Defend_R"],"score":322,"play_id":"b5c41b63-2724-45f2-8b8c-d44736d7bba9","local_time":"20190125132100","is_ascension_mode":true,"campfire_choices":[{"data":"Havoc","floor":7,"key":"SMITH"},{"floor":15,"key":"REST"}],"neow_cost":"NONE","seed_source_timestamp":13107218905001957,"circlet_count":0,"master_deck":["AscendersBane","Strike_R","Strike_R","Strike_R","Strike_R","Strike_R","Defend_R","Bash","Thunderclap","Chrysalis","Anger","Havoc+1","Iron Wave","Iron Wave","Rage","Iron Wave","Feed"],"relics":["Burning Blood","Kunai","Vajra","Lizard Tail"],"potions_floor_usage":[16,16,23],"damage_taken":[{"damage":10,"enemies":"2 Louse","floor":1,"turns":4},{"damage":13,"enemies":"Small Slimes","floor":3,"turns":6},{"damage":4,"enemies":"Cultist","floor":5,"turns":4},{"damage":30,"enemies":"3 Sentries","floor":6,"turns":7},{"damage":14,"enemies":"Blue Slaver","floor":8,"turns":3},{"damage":12,"enemies":"Looter","floor":11,"turns":3},{"damage":26,"enemies":"Lots of Slimes","floor":12,"turns":5},{"damage":0,"enemies":"Large Slime","floor":14,"turns":5},{"damage":48,"enemies":"The Guardian","floor":16,"turns":13},{"damage":16,"enemies":"Spheric Guardian","floor":18,"turns":5},{"damage":31,"enemies":"Chosen","floor":19,"turns":6},{"damage":50,"enemies":"Snecko","floor":21,"turns":6},{"damage":56,"enemies":"Gremlin Leader","floor":23,"turns":7}],"seed_played":"2365252194400254993","potions_obtained":[{"floor":3,"key":"Weak Potion"},{"floor":14,"key":"Weak Potion"},{"floor":19,"key":"Dexterity Potion"}],"is_trial":false,"path_per_floor":["M","$","M","?","M","E","R","M","T","?","M","M","$","M","R","B",null,"M","M","$","M","?","E"],"character_chosen":"IRONCLAD","items_purchased":["Chrysalis","Iron Wave"],"campfire_rested":1,"item_purchase_floors":[2,20],"current_hp_per_floor":[68,68,61,61,63,39,39,31,31,51,45,25,25,31,55,13,63,53,28,28,46,46,0],"gold":66,"neow_bonus":"HUNDRED_GOLD","is_prod":false,"is_daily":false,"chose_seed":false,"campfire_upgraded":1,"win_rate":0,"timestamp":1548418860,"path_taken":["M","$","M","?","M","E","R","M","T","?","M","M","$","M","R","BOSS","M","M","$","M","?","E"],"build_version":"2019-01-23","purchased_purges":2,"victory":false,"max_hp_per_floor":[80,80,80,80,80,80,80,80,80,80,80,80,80,80,80,80,80,80,80,80,80,80,80],"card_choices":[{"not_picked":["Twin Strike","Cleave"],"picked":"Thunderclap","floor":1},{"not_picked":["Fire Breathing","Thunderclap"],"picked":"Anger","floor":3},{"not_picked":["Clash","Headbutt"],"picked":"Iron Wave","floor":5},{"not_picked":["Twin Strike","Flame Barrier","Wild Strike"],"picked":"SKIP","floor":6},{"not_picked":["Shrug It Off","Havoc"],"picked":"Iron Wave","floor":8},{"not_picked":["Hemokinesis","Pommel Strike","Whirlwind"],"picked":"SKIP","floor":11},{"not_picked":["Infernal Blade","Bloodletting","Pommel Strike"],"picked":"SKIP","floor":12},{"not_picked":["Cleave","Burning Pact","Flame Barrier"],"picked":"SKIP","floor":14},{"not_picked":["Shrug It Off","Clothesline","Wild Strike"],"picked":"SKIP","floor":18},{"not_picked":["True Grit","Twin Strike"],"picked":"Rage","floor":19},{"not_picked":["Anger+1","Entrench+1"],"picked":"Feed","floor":21}],"player_experience":317587,"relics_obtained":[{"floor":6,"key":"Kunai"},{"floor":9,"key":"Vajra"}],"event_choices":[{"damage_healed":0,"gold_gain":0,"cards_transformed":["Defend_R"],"player_choice":"Change","damage_taken":0,"max_hp_gain":0,"max_hp_loss":0,"event_name":"Living Wall","floor":4,"gold_loss":0,"cards_obtained":["Havoc"]},{"damage_healed":20,"gold_gain":0,"player_choice":"Healed","damage_taken":0,"max_hp_gain":0,"max_hp_loss":0,"event_name":"The Cleric","floor":10,"gold_loss":35}],"is_beta":false,"boss_relics":[{"not_picked":["Runic Dome","Mark of Pain"],"picked":"Lizard Tail"}],"items_purged_floors":[13,20],"is_endless":false,"potions_floor_spawned":[3,14,19],"killed_by":"Gremlin Leader","ascension_level":13}