{"gold_per_floor":[115,135,152,152,152,152,184,184,207,238,9,41,118,4,4,77,77,91,91,16,30,45,45,63,63,63,78,78,88,88,114,114,114],"floor_reached":33,"playtime":1093,"items_purged":[],"score":591,"play_id":"1ecc59ce-212b-4438-a683-b1fd1fcb373e","local_time":"20190206234023","is_ascension_mode":true,"campfire_choices":[{"data":"Zap","floor":6,"key":"SMITH"},{"floor":8,"key":"REST"},{"floor":15,"key":"REST"},{"data":"Creative AI","floor":23,"key":"SMITH"},{"floor":25,"key":"REST"},{"floor":30,"key":"REST"},{"floor":32,"key":"REST"}],"neow_cost":"NONE","seed_source_timestamp":257983619141916,"circlet_count":0,"master_deck":["AscendersBane","Strike_B+1","Strike_B+1","Strike_B","Defend_B","Defend_B","Defend_B","Defend_B","Zap+1","Dualcast","Ball Lightning","BootSequence","Doom and Gloom","Leap","Cold Snap","Defragment","Cold Snap","Conserve Battery","Conserve Battery","Glacier","Coolheaded","Creative AI+1","Conserve Battery","FTL","Conserve Battery","Storm","Glacier","Fission"],"relics":["Cracked Core","Potion Belt","Happy Flower","Symbiotic Virus","Lantern","Runic Dome","Matryoshka","Nloth\u0027s Gift","Singing Bowl"],"potions_floor_usage":[18,21,24,31,33],"damage_taken":[{"damage":11,"enemies":"2 Louse","floor":1,"turns":3},{"damage":12,"enemies":"Small Slimes","floor":2,"turns":2},{"damage":0,"enemies":"Jaw Worm","floor":3,"turns":3},{"damage":25,"enemies":"Lagavulin","floor":7,"turns":5},{"damage":20,"enemies":"3 Sentries","floor":10,"turns":5},{"damage":8,"enemies":"Lagavulin","floor":12,"turns":5},{"damage":16,"enemies":"Slime Boss","floor":16,"turns":6},{"damage":18,"enemies":"2 Thieves","floor":18,"turns":3},{"damage":0,"enemies":"Spheric Guardian","floor":21,"turns":3},{"damage":15,"enemies":"Snecko","floor":22,"turns":8},{"damage":22,"enemies":"Cultist and Chosen","floor":24,"turns":8},{"damage":7,"enemies":"Centurion and Healer","floor":27,"turns":4},{"damage":6,"enemies":"Snake Plant","floor":29,"turns":4},{"damage":31,"enemies":"Book of Stabbing","floor":31,"turns":6},{"damage":34,"enemies":"Automaton","floor":33,"turns":6}],"seed_played":"6397428647276480810","potions_obtained":[{"floor":10,"key":"Explosive Potion"},{"floor":12,"key":"Regen Potion"},{"floor":16,"key":"LiquidBronze"},{"floor":24,"key":"Swift Potion"}],"is_trial":false,"path_per_floor":["M","M","M","?","?","R","E","R","T","E","$","E","?","$","R","B",null,"M","?","?","M","M","R","M","R","T","M","?","M","R","E","R","B"],"character_chosen":"DEFECT","items_purchased":["Defragment","Cold Snap","Conserve Battery","Poison Potion","Glacier","Coolheaded"],"campfire_rested":5,"item_purchase_floors":[11,11,11,11,14,14],"current_hp_per_floor":[53,41,41,64,43,43,18,39,39,19,19,11,11,11,32,16,57,48,48,48,48,33,33,11,32,32,25,25,19,40,9,30,0],"gold":114,"neow_bonus":"RANDOM_COMMON_RELIC","is_prod":false,"is_daily":false,"chose_seed":false,"campfire_upgraded":2,"win_rate":0,"timestamp":1549514423,"path_taken":["M","M","M","?","?","R","E","R","T","E","$","E","?","$","R","BOSS","M","?","?","M","M","R","M","R","T","M","?","?","R","E","R","BOSS"],"build_version":"2019-01-23","purchased_purges":0,"victory":false,"max_hp_per_floor":[71,71,71,71,71,71,71,71,71,71,71,71,71,71,71,71,71,71,71,71,71,71,71,71,71,71,71,71,71,71,71,71,71],"card_choices":[{"not_picked":["Cold Snap","Reprogram"],"picked":"Ball Lightning","floor":1},{"not_picked":["Hologram","Beam Cell"],"picked":"BootSequence","floor":2},{"not_picked":["Gash","White Noise"],"picked":"Doom and Gloom","floor":3},{"not_picked":["Turbo","Lockon"],"picked":"Leap","floor":7},{"not_picked":["Gash","Redo"],"picked":"Cold Snap","floor":10},{"not_picked":["Turbo","Go for the Eyes"],"picked":"Conserve Battery","floor":12},{"not_picked":["Buffer","Machine Learning"],"picked":"Creative AI","floor":16},{"not_picked":["Beam Cell","Scrape"],"picked":"Conserve Battery","floor":18},{"not_picked":["Heatsinks","Sweeping Beam"],"picked":"Conserve Battery","floor":21},{"not_picked":["Cold Snap","Lockon"],"picked":"Storm","floor":22},{"not_picked":["Thunder Strike","Rebound","Fusion"],"picked":"SKIP","floor":24},{"not_picked":["Gash","Cold Snap","Storm"],"picked":"SKIP","floor":27},{"not_picked":["Self Repair","Go for the Eyes"],"picked":"Glacier","floor":29},{"not_picked":["Hologram","Streamline"],"picked":"Fission","floor":31}],"player_experience":1153017,"relics_obtained":[{"floor":7,"key":"Potion Belt"},{"floor":9,"key":"Happy Flower"},{"floor":10,"key":"Symbiotic Virus"},{"floor":12,"key":"Lantern"},{"floor":26,"key":"Matryoshka"},{"floor":31,"key":"Singing Bowl"}],"event_choices":[{"damage_healed":23,"gold_gain":0,"player_choice":"Banana","damage_taken":0,"max_hp_gain":0,"max_hp_loss":0,"event_name":"Big Fish","floor":4,"gold_loss":0},{"damage_healed":0,"gold_gain":0,"player_choice":"Entered Light","damage_taken":21,"max_hp_gain":0,"max_hp_loss":0,"event_name":"Shining Light","floor":5,"gold_loss":0,"cards_upgraded":["Strike_B","Strike_B"]},{"damage_healed":0,"gold_gain":77,"player_choice":"Gained Gold","damage_taken":0,"max_hp_gain":0,"max_hp_loss":0,"event_name":"Golden Wing","floor":13,"gold_loss":0},{"damage_healed":0,"gold_gain":0,"player_choice":"Read","damage_taken":0,"max_hp_gain":0,"max_hp_loss":0,"event_name":"The Library","floor":19,"gold_loss":0,"cards_obtained":["FTL"]},{"cards_removed":["Strike_B"],"damage_healed":0,"gold_gain":0,"player_choice":"Gave Gold","damage_taken":0,"max_hp_gain":0,"max_hp_loss":0,"event_name":"Beggar","floor":20,"gold_loss":75},{"damage_healed":0,"gold_gain":0,"player_choice":"Traded Relic","damage_taken":0,"relics_obtained":["Nloth\u0027s Gift"],"max_hp_gain":0,"max_hp_loss":0,"event_name":"N\u0027loth","floor":28,"relics_lost":["Juzu Bracelet"],"gold_loss":0}],"is_beta":false,"boss_relics":[{"not_picked":["Lizard Tail","Coffee Dripper"],"picked":"Runic Dome"}],"items_purged_floors":[],"is_endless":false,"potions_floor_spawned":[10,12,16,24],"killed_by":"Automaton","ascension_level":20}