{"gold_per_floor":[111,211,10,26,26,55,55,67,67,67,77,152,171,47,47,47],"floor_reached":16,"playtime":1081,"items_purged":["Strike_R"],"score":125,"play_id":"6d6c2a0e-5fc7-448e-a2ff-e8ed50eebfcb","local_time":"20190112195642","is_ascension_mode":true,"campfire_choices":[{"floor":7,"key":"REST"},{"data":"Iron Wave","floor":10,"key":"SMITH"},{"floor":15,"key":"REST"}],"neow_cost":"NONE","seed_source_timestamp":12008338474339277,"circlet_count":0,"master_deck":["Strike_R","Strike_R","Strike_R","Defend_R","Defend_R","Defend_R","Defend_R","Bash","Evolve","Iron Wave+1","Seeing Red","Infernal Blade","Mayhem"],"relics":["Burning Blood","Membership Card","Blue Candle","Bottled Tornado"],"potions_floor_usage":[13,13],"damage_taken":[{"damage":1,"enemies":"Cultist","floor":1,"turns":3},{"damage":4,"enemies":"Small Slimes","floor":4,"turns":5},{"damage":66,"enemies":"Lagavulin","floor":6,"turns":10},{"damage":4,"enemies":"2 Louse","floor":8,"turns":3},{"damage":11,"enemies":"Looter","floor":11,"turns":3},{"damage":23,"enemies":"Gremlin Gang","floor":13,"turns":9},{"damage":53,"enemies":"Hexaghost","floor":16,"turns":12}],"seed_played":"-8690416406178014277","potions_obtained":[{"floor":4,"key":"Energy Potion"},{"floor":6,"key":"PowerPotion"},{"floor":8,"key":"Regen Potion"}],"is_trial":false,"path_per_floor":["M","?","$","M","$","E","R","M","T","R","M","?","M","$","R","B"],"character_chosen":"IRONCLAD","items_purchased":["Membership Card","Mayhem"],"campfire_rested":2,"item_purchase_floors":[3,14],"current_hp_per_floor":[80,80,80,80,80,20,44,46,46,46,41,30,28,28,52,0],"gold":47,"neow_bonus":"REMOVE_CARD","is_prod":false,"is_daily":false,"chose_seed":false,"campfire_upgraded":1,"win_rate":0,"timestamp":1547319402,"path_taken":["M","?","$","M","?","E","R","M","T","R","M","?","M","$","R","BOSS"],"build_version":"2019-01-10","purchased_purges":1,"victory":false,"max_hp_per_floor":[80,80,80,80,80,80,80,80,80,80,80,80,80,80,80,80],"card_choices":[{"not_picked":["Body Slam","Sword Boomerang"],"picked":"Evolve","floor":1},{"not_picked":["Wild Strike","Flex","Searing Blow"],"picked":"SKIP","floor":4},{"not_picked":["Thunderclap","Clothesline"],"picked":"Iron Wave","floor":6},{"not_picked":["Body Slam","Warcry","Fire Breathing"],"picked":"SKIP","floor":8},{"not_picked":["Thunderclap","Armaments"],"picked":"Seeing Red","floor":11},{"not_picked":["Dual Wield","Perfected Strike"],"picked":"Infernal Blade","floor":13}],"player_experience":212113,"relics_obtained":[{"floor":6,"key":"Blue Candle"},{"floor":9,"key":"Bottled Tornado"}],"event_choices":[{"damage_healed":0,"gold_gain":100,"player_choice":"Pray","damage_taken":0,"max_hp_gain":0,"max_hp_loss":0,"event_name":"Golden Shrine","floor":2,"gold_loss":0},{"damage_healed":0,"gold_gain":75,"player_choice":"Gather Gold","damage_taken":11,"max_hp_gain":0,"max_hp_loss":0,"event_name":"World of Goop","floor":12,"gold_loss":0}],"is_beta":false,"boss_relics":[],"items_purged_floors":[14],"is_endless":false,"potions_floor_spawned":[4,6,8],"killed_by":"Hexaghost","ascension_level":5}