{"gold_per_floor":[117,117,94,59,59,59,36,61,61,61,73,89,108,125,125,223,223,241,258,276,290,306,334,334,334],"floor_reached":25,"playtime":1305,"items_purged":[],"score":281,"play_id":"04e0bc00-2043-4a25-aedc-5a3c7db996c0","local_time":"20180628180008","is_ascension_mode":true,"campfire_choices":[{"data":"Zap","floor":6.0,"key":"SMITH"},{"data":"All For One","floor":10.0,"key":"SMITH"},{"data":"Glacier","floor":15.0,"key":"SMITH"},{"floor":24,"key":"REST"}],"neow_cost":"","seed_source_timestamp":0,"circlet_count":0,"master_deck":["Strike_B+1","Strike_B","Strike_B","Defend_B","Defend_B","Defend_B","Zap+1","Dualcast","BootSequence","Capacitor","Gash","Barrage+1","All For One+1","Undo","Gash","Glacier+1","Stack","Machine Learning","Cold Snap+1","Beam Cell","Streamline","Barrage+1","Gash+1","Ball Lightning+1"],"special_seed":0,"relics":["Cracked Core","Orichalcum","Whetstone","Bottled Tornado","Runic Dome","Ornamental Fan"],"potions_floor_usage":[],"damage_taken":[{"damage":0.0,"enemies":"Jaw Worm","floor":1.0,"turns":4.0},{"damage":19.0,"enemies":"Lagavulin","floor":8.0,"turns":7.0},{"damage":0.0,"enemies":"Cultist","floor":11.0,"turns":2.0},{"damage":0.0,"enemies":"2 Louse","floor":12.0,"turns":2.0},{"damage":0.0,"enemies":"2 Fungi Beasts","floor":13.0,"turns":2.0},{"damage":1.0,"enemies":"Large Slime","floor":14.0,"turns":6.0},{"damage":5.0,"enemies":"Slime Boss","floor":16.0,"turns":8.0},{"damage":0.0,"enemies":"Spheric Guardian","floor":18.0,"turns":3.0},{"damage":10.0,"enemies":"3 Byrds","floor":19.0,"turns":5.0},{"damage":21.0,"enemies":"Snake Plant","floor":20.0,"turns":5.0},{"damage":13.0,"enemies":"Chosen and Byrds","floor":21.0,"turns":6.0},{"damage":5.0,"enemies":"Centurion and Healer","floor":22.0,"turns":4.0},{"damage":13.0,"enemies":"Gremlin Leader","floor":23.0,"turns":6.0},{"damage":27,"enemies":"Book of Stabbing","floor":25,"turns":3}],"seed_played":"5585577705455166427","potions_obtained":[{"floor":11.0,"key":"SpeedPotion"},{"floor":14.0,"key":"Ancient Potion"},{"floor":19.0,"key":"Poison Potion"},{"floor":22.0,"key":"AttackPotion"}],"is_trial":false,"path_per_floor":["M","?","$","?","?","R","$","E","T","R","M","M","M","M","R","B",null,"M","M","M","M","M","E","R"],"character_chosen":"DEFECT","items_purchased":["Gash","Barrage"],"campfire_rested":1,"item_purchase_floors":[],"current_hp_per_floor":[75,57,57,75,68,68,68,49,49,49,49,49,49,48,48,43,67,67,57,36,23,18,5,27,0],"gold":334,"neow_bonus":"","is_prod":false,"is_daily":false,"chose_seed":false,"campfire_upgraded":3,"win_rate":0,"timestamp":1530201608,"path_taken":["M","?","$","?","?","R","$","E","T","R","?","M","M","M","R","BOSS","M","?","M","M","M","E","R","E"],"build_version":"2018-06-21v2","purchased_purges":0,"victory":false,"max_hp_per_floor":[75,75,75,75,75,75,75,75,75,75,75,75,75,75,75,75,75,75,75,75,75,75,75,75,75],"card_choices":[{"not_picked":["Rebound","Coolheaded"],"picked":"Capacitor","floor":1.0},{"not_picked":["FTL","Barrage"],"picked":"All For One","floor":8.0},{"not_picked":["Storm","Coolheaded"],"picked":"Undo","floor":11.0},{"not_picked":["Compile Driver","Barrage"],"picked":"Gash","floor":12.0},{"not_picked":["Steam","Beam Cell"],"picked":"Glacier","floor":13.0},{"not_picked":["Rip and Tear","White Noise"],"picked":"Stack","floor":14.0},{"not_picked":["Hyperbeam","Creative AI"],"picked":"Machine Learning","floor":16.0},{"not_picked":["Rebound","Beam Cell"],"picked":"Cold Snap+1","floor":18.0},{"not_picked":["Heatsinks","Tempest"],"picked":"Beam Cell","floor":19.0},{"not_picked":["Stack","Biased Cognition"],"picked":"Streamline","floor":20.0},{"not_picked":["Compile Driver+1","Static Discharge"],"picked":"Barrage+1","floor":21.0},{"not_picked":["Stack+1","Steam Power"],"picked":"Gash+1","floor":22.0},{"not_picked":["Rebound","Beam Cell"],"picked":"Ball Lightning+1","floor":23.0}],"player_experience":788689,"relics_obtained":[{"floor":8.0,"key":"Whetstone"},{"floor":9.0,"key":"Bottled Tornado"},{"floor":23.0,"key":"Ornamental Fan"}],"event_choices":[{"event_name":"Scrap Ooze","player_choice":"success","floor":2.0,"damage_taken":18.0},{"event_name":"The Cleric","player_choice":"Healed","floor":4.0,"damage_taken":0.0},{"event_name":"Golden Wing","player_choice":"Card Removal","floor":5.0,"damage_taken":0.0}],"boss_relics":[{"not_picked":["Black Star","Tiny House"],"picked":"Runic Dome"}],"items_purged_floors":[],"is_endless":false,"potions_floor_spawned":[11,14,19,22],"killed_by":"Book of Stabbing","ascension_level":5}