{"gold_per_floor":[366,385,31,206,225,250,250,278,355,388,388,100,120,120,120,218,218,229,79,79,95,108,133,148,148,174,209,235,249,284,297,297,392,392,403,37,52,62,62,90,90,124,170,204,204,204,219,232,232,232],"floor_reached":51,"playtime":10766,"items_purged":["Strike_R","Doubt"],"score":1335,"play_id":"34e8fbf8-bc61-42bc-bad2-ce8bdc014fe7","local_time":"20190115234947","is_ascension_mode":true,"campfire_choices":[{"data":"Discovery","floor":7.0,"key":"SMITH"},{"floor":11.0,"key":"REST"},{"data":"Clothesline","floor":15.0,"key":"SMITH"},{"data":"Armaments","floor":25.0,"key":"SMITH"},{"data":"Entrench","floor":32.0,"key":"SMITH"},{"data":"Body Slam","floor":41.0,"key":"SMITH"},{"data":"Evolve","floor":46.0,"key":"SMITH"},{"data":"Bash","floor":49,"key":"SMITH"}],"neow_cost":"PERCENT_DAMAGE","seed_source_timestamp":0,"circlet_count":0,"master_deck":["Strike_R","Strike_R","Strike_R","Defend_R","Defend_R","Defend_R","Defend_R+1","Bash+1","Clothesline+1","Discovery+1","Anger","Feed","Shrug It Off","Immolate","Shrug It Off","Barricade+1","True Grit+1","Battle Trance","Evolve+1","Impervious+1","Armaments+1","Entrench+1","Impervious","Metallicize","Body Slam+1","Ghostly Armor+1","Entrench+1","Body Slam+1","Flame Barrier+1","Ghostly Armor+1","Clumsy","Shrug It Off","Power Through","Pain","Madness","Madness"],"special_seed":0,"relics":["Burning Blood","Medical Kit","Thread and Needle","Art of War","Mercury Hourglass","Sundial","Mark of Pain","Bag of Marbles","Orichalcum","Singing Bowl","Dream Catcher","Darkstone Periapt","Cursed Key","War Paint","DollysMirror","Ginger","Bottled Flame","Blood Vial","Meat on the Bone"],"potions_floor_usage":[50,50,50],"damage_taken":[{"damage":0.0,"enemies":"Small Slimes","floor":1.0,"turns":3.0},{"damage":4.0,"enemies":"Jaw Worm","floor":2.0,"turns":4.0},{"damage":2.0,"enemies":"Cultist","floor":5.0,"turns":5.0},{"damage":20.0,"enemies":"3 Sentries","floor":6.0,"turns":8.0},{"damage":19.0,"enemies":"Gremlin Nob","floor":8.0,"turns":4.0},{"damage":15.0,"enemies":"3 Sentries","floor":10.0,"turns":8.0},{"damage":1.0,"enemies":"Exordium Thugs","floor":13.0,"turns":4.0},{"damage":0.0,"enemies":"Slime Boss","floor":16.0,"turns":7.0},{"damage":2.0,"enemies":"Chosen","floor":18.0,"turns":6.0},{"damage":3.0,"enemies":"3 Byrds","floor":21.0,"turns":5.0},{"damage":0.0,"enemies":"3 Cultists","floor":22.0,"turns":6.0},{"damage":16.0,"enemies":"Slavers","floor":23.0,"turns":4.0},{"damage":12.0,"enemies":"Shelled Parasite and Fungi","floor":24.0,"turns":5.0},{"damage":1.0,"enemies":"Gremlin Leader","floor":27.0,"turns":9.0},{"damage":0.0,"enemies":"Sentry and Sphere","floor":29.0,"turns":5.0},{"damage":23.0,"enemies":"Slavers","floor":30.0,"turns":5.0},{"damage":0.0,"enemies":"Snecko","floor":31.0,"turns":10.0},{"damage":4.0,"enemies":"Automaton","floor":33.0,"turns":8.0},{"damage":0.0,"enemies":"3 Shapes","floor":35.0,"turns":6.0},{"damage":0.0,"enemies":"Orb Walker","floor":37.0,"turns":3.0},{"damage":3.0,"enemies":"Writhing Mass","floor":38.0,"turns":10.0},{"damage":0.0,"enemies":"Reptomancer","floor":40.0,"turns":5.0},{"damage":0.0,"enemies":"Nemesis","floor":42.0,"turns":17.0},{"damage":11.0,"enemies":"Giant Head","floor":44.0,"turns":8.0},{"damage":6,"enemies":"Sphere and 2 Shapes","floor":47,"turns":5},{"damage":10,"enemies":"Maw","floor":48,"turns":7},{"damage":49,"enemies":"Time Eater","floor":50,"turns":10}],"seed_played":"-7280732888884453007","potions_obtained":[{"floor":1.0,"key":"PowerPotion"},{"floor":10.0,"key":"PowerPotion"},{"floor":13.0,"key":"Explosive Potion"},{"floor":21.0,"key":"SmokeBomb"},{"floor":23.0,"key":"Dexterity Potion"},{"floor":27.0,"key":"Explosive Potion"},{"floor":29.0,"key":"Swift Potion"},{"floor":30.0,"key":"Energy Potion"},{"floor":37.0,"key":"SteroidPotion"},{"floor":48,"key":"LiquidBronze"}],"is_trial":false,"path_per_floor":["M","M","$","?","M","E","R","E","T","E","R","$","M","?","R","B",null,"M","$","?","M","M","E","M","R","T","E","T","M","E","M","R","B",null,"M","$","M","M","T","E","R","E","T","E","?","R","M","M","R","B",null],"character_chosen":"IRONCLAD","items_purchased":["Medical Kit","Discovery","Immolate","Shrug It Off","Battle Trance","Evolve","War Paint","DollysMirror","Body Slam"],"campfire_rested":1,"item_purchase_floors":[3,3,12,12,19,19,36,36,36],"current_hp_per_floor":[57,59,59,59,63,49,49,36,36,31,56,56,61,61,61,67,80,87,87,87,90,90,80,77,77,77,86,86,97,80,89,89,93,104,110,110,110,110,116,116,116,120,126,123,107,107,111,111,111,82],"gold":232,"neow_bonus":"TWO_FIFTY_GOLD","is_prod":false,"is_daily":false,"chose_seed":false,"campfire_upgraded":7,"win_rate":0,"timestamp":1547563787,"path_taken":["M","M","$","?","M","E","R","E","T","E","R","$","M","?","R","BOSS","M","$","?","?","M","E","M","R","T","E","?","M","E","M","R","BOSS","M","$","?","M","?","E","R","E","T","E","?","R","M","M","R","BOSS"],"build_version":"2019-01-10","purchased_purges":2,"victory":true,"max_hp_per_floor":[80,80,80,80,80,80,80,80,80,84,84,84,84,84,84,84,84,87,87,87,90,90,90,93,93,93,97,97,102,102,105,105,107,107,110,110,110,110,116,116,116,120,126,128,128,128,130,132,132,132],"card_choices":[{"not_picked":["Sever Soul","Wild Strike"],"picked":"Clothesline","floor":1.0},{"not_picked":["Thunderclap","Wild Strike","Clash"],"picked":"SKIP","floor":2.0},{"not_picked":["Sword Boomerang","Heavy Blade"],"picked":"Anger","floor":5.0},{"not_picked":["Limit Break","Wild Strike"],"picked":"Feed","floor":6.0},{"not_picked":["Thunderclap","Body Slam","Wild Strike"],"picked":"SKIP","floor":8.0},{"not_picked":["Perfected Strike","Fire Breathing"],"picked":"Shrug It Off","floor":10.0},{"not_picked":["Pommel Strike","Searing Blow","Body Slam"],"picked":"SKIP","floor":13.0},{"not_picked":["Brutality","Dark Embrace"],"picked":"Barricade","floor":16.0},{"not_picked":["Perfected Strike","Twin Strike"],"picked":"True Grit+1","floor":18.0},{"not_picked":["Sword Boomerang+1","Thunderclap+1"],"picked":"Impervious","floor":21.0},{"not_picked":["Rampage+1","Havoc"],"picked":"Armaments","floor":22.0},{"not_picked":["True Grit","Sentinel","Twin Strike+1"],"picked":"SKIP","floor":23.0},{"not_picked":["Reckless Charge","Rage"],"picked":"Entrench","floor":24.0},{"not_picked":["Anger","Intimidate"],"picked":"Impervious","floor":27.0},{"not_picked":["Wild Strike","Havoc","Pummel"],"picked":"Singing Bowl","floor":29.0},{"not_picked":["Flex","Warcry"],"picked":"Metallicize","floor":30.0},{"not_picked":["Perfected Strike","Reckless Charge"],"picked":"Body Slam+1","floor":31.0},{"not_picked":["Demon Form","Berserk","Dark Embrace"],"picked":"Singing Bowl","floor":33.0},{"not_picked":["Hemokinesis+1","Iron Wave+1"],"picked":"Ghostly Armor+1","floor":35.0},{"not_picked":["Second Wind","Twin Strike+1"],"picked":"Flame Barrier+1","floor":37.0},{"not_picked":["Reckless Charge","True Grit"],"picked":"Ghostly Armor+1","floor":38.0},{"not_picked":["Heavy Blade","Body Slam"],"picked":"Shrug It Off","floor":40.0},{"not_picked":["Armaments+1","Flex+1"],"picked":"Power Through","floor":42.0},{"not_picked":["Armaments+1","Double Tap","Cleave+1"],"picked":"Singing Bowl","floor":44.0},{"not_picked":["Dual Wield+1","True Grit","Armaments+1"],"picked":"Singing Bowl","floor":47},{"not_picked":["Armaments","Flex+1","True Grit+1"],"picked":"Singing Bowl","floor":48}],"player_experience":350900,"relics_obtained":[{"floor":6.0,"key":"Thread and Needle"},{"floor":8.0,"key":"Art of War"},{"floor":9.0,"key":"Mercury Hourglass"},{"floor":10.0,"key":"Sundial"},{"floor":23.0,"key":"Bag of Marbles"},{"floor":26.0,"key":"Orichalcum"},{"floor":27.0,"key":"Singing Bowl"},{"floor":28.0,"key":"Dream Catcher"},{"floor":30.0,"key":"Darkstone Periapt"},{"floor":39.0,"key":"Ginger"},{"floor":42.0,"key":"Bottled Flame"},{"floor":43.0,"key":"Blood Vial"},{"floor":44.0,"key":"Meat on the Bone"}],"event_choices":[{"damage_healed":0.0,"max_hp_gain":0.0,"max_hp_loss":0.0,"gold_gain":175.0,"event_name":"Liars Game","player_choice":"AGREE","floor":4.0,"gold_loss":0.0,"damage_taken":0.0,"cards_obtained":["Doubt"]},{"cards_removed":["Strike_R"],"damage_healed":0.0,"max_hp_gain":0.0,"max_hp_loss":0.0,"gold_gain":0.0,"event_name":"Living Wall","player_choice":"Forget","floor":14.0,"gold_loss":0.0,"damage_taken":0.0},{"damage_healed":0.0,"max_hp_gain":0.0,"max_hp_loss":0.0,"gold_gain":0.0,"event_name":"Upgrade Shrine","player_choice":"Upgraded","floor":20.0,"gold_loss":0.0,"damage_taken":0.0,"cards_upgraded":["Barricade"]},{"damage_healed":0.0,"max_hp_gain":0.0,"max_hp_loss":0.0,"gold_gain":0.0,"event_name":"Winding Halls","player_choice":"Embrace Madness","floor":45.0,"gold_loss":0.0,"damage_taken":16.0,"cards_obtained":["Madness","Madness"]}],"is_beta":false,"boss_relics":[{"not_picked":["Sozu","Tiny House"],"picked":"Mark of Pain"},{"not_picked":["Black Star","Snecko Eye"],"picked":"Cursed Key"}],"items_purged_floors":[3,12],"is_endless":false,"potions_floor_spawned":[1,10,13,21,23,27,29,30,37,42,48],"ascension_level":7}