{"gold_per_floor":[118,118,118,118,40,51,51,68,68,85,95,121,121,133,133,231,281,301,321,335,13,28,55,55,68,68,68],"floor_reached":27,"playtime":3883,"items_purged":["Defend_G+1"],"score":262,"play_id":"98f1724c-a636-4c1a-a9f7-fccefb4015ea","local_time":"20190220092416","is_ascension_mode":false,"campfire_choices":[{"data":"Footwork","floor":7.0,"key":"SMITH"},{"data":"Dagger Spray","floor":13.0,"key":"SMITH"},{"floor":15.0,"key":"REST"},{"floor":24,"key":"REST"}],"neow_cost":"NONE","seed_source_timestamp":52289324763633,"circlet_count":0,"master_deck":["Defend_G","Defend_G","Defend_G","Defend_G","Strike_G","Strike_G","Strike_G","Strike_G","Survivor+1","Neutralize+1","Blur","Footwork+1","Flechettes","Backflip","Predator","Dash","Dagger Spray+1","Leg Sweep","After Image","Dodge and Roll","Predator","Blur","A Thousand Cuts","Blur","Backflip","Flying Knee+1","Acrobatics"],"special_seed":0,"relics":["Ring of the Snake","NeowsBlessing","Gremlin Horn","Pear","Ornamental Fan","Tiny House","Sundial","Nunchaku"],"potions_floor_usage":[23],"damage_taken":[{"damage":0.0,"enemies":"2 Louse","floor":1.0,"turns":1.0},{"damage":0.0,"enemies":"Small Slimes","floor":6.0,"turns":2.0},{"damage":0.0,"enemies":"Cultist","floor":8.0,"turns":1.0},{"damage":7.0,"enemies":"Large Slime","floor":10.0,"turns":9.0},{"damage":0.0,"enemies":"Blue Slaver","floor":11.0,"turns":4.0},{"damage":20.0,"enemies":"Gremlin Nob","floor":12.0,"turns":5.0},{"damage":0.0,"enemies":"3 Louse","floor":14.0,"turns":2.0},{"damage":53.0,"enemies":"Slime Boss","floor":16.0,"turns":18.0},{"damage":0.0,"enemies":"Shell Parasite","floor":18.0,"turns":12.0},{"damage":7.0,"enemies":"Spheric Guardian","floor":19.0,"turns":14.0},{"damage":29.0,"enemies":"3 Cultists","floor":20.0,"turns":10.0},{"damage":1,"enemies":"Shelled Parasite and Fungi","floor":22,"turns":12},{"damage":35,"enemies":"Book of Stabbing","floor":23,"turns":15},{"damage":23,"enemies":"Chosen and Byrds","floor":25,"turns":10},{"damage":0,"enemies":"Snecko","floor":27,"turns":3}],"seed_played":"8088038910561325218","potions_obtained":[{"floor":1.0,"key":"Poison Potion"},{"floor":10.0,"key":"Regen Potion"},{"floor":12.0,"key":"Regen Potion"},{"floor":16.0,"key":"Block Potion"},{"floor":17.0,"key":"Swift Potion"},{"floor":18.0,"key":"Dexterity Potion"},{"floor":22,"key":"Ancient Potion"},{"floor":25,"key":"Swift Potion"}],"is_trial":false,"path_per_floor":["M","?","?","?","$","M","R","M","T","M","M","E","R","M","R","B",null,"M","M","M","$","M","E","R","M","T","M"],"character_chosen":"THE_SILENT","items_purchased":["Footwork","A Thousand Cuts","Blur","Backflip"],"campfire_rested":2,"item_purchase_floors":[5,21,21,21],"current_hp_per_floor":[70,56,56,56,56,56,56,56,66,59,59,39,39,39,63,40,85,85,78,49,49,48,13,38,15,15,15],"gold":68,"neow_bonus":"THREE_ENEMY_KILL","is_prod":false,"is_daily":false,"chose_seed":false,"campfire_upgraded":2,"win_rate":0.0,"timestamp":1550679856,"path_taken":["M","?","?","?","$","M","R","M","T","M","?","E","R","M","R","BOSS","M","M","M","$","M","E","R","M","T","M"],"build_version":"2019-01-23","purchased_purges":1,"victory":false,"max_hp_per_floor":[70,70,70,70,70,70,70,70,80,80,80,80,80,80,80,80,85,85,85,85,85,85,85,85,85,85,85],"card_choices":[{"not_picked":["Slice","Outmaneuver"],"picked":"Blur","floor":1.0},{"not_picked":["Quick Slash","Sucker Punch"],"picked":"Flechettes","floor":6.0},{"not_picked":["Blade Dance","Reflex"],"picked":"Backflip","floor":8.0},{"not_picked":["Tactician","Prepared"],"picked":"Predator","floor":10.0},{"not_picked":["Tactician","Sucker Punch"],"picked":"Dash","floor":11.0},{"not_picked":["Slice","Expertise"],"picked":"Dagger Spray","floor":12.0},{"not_picked":["Backflip","Prepared"],"picked":"Leg Sweep","floor":14.0},{"not_picked":["Wraith Form v2","Corpse Explosion"],"picked":"After Image","floor":16.0},{"not_picked":["Endless Agony","Eviscerate"],"picked":"Dodge and Roll","floor":17.0},{"not_picked":["Prepared","Distraction","Flying Knee"],"picked":"SKIP","floor":18.0},{"not_picked":["Quick Slash","Deflect+1"],"picked":"Predator","floor":19.0},{"not_picked":["Quick Slash+1","All Out Attack"],"picked":"Blur","floor":20.0},{"not_picked":["Masterful Stab","Slice"],"picked":"Flying Knee+1","floor":22},{"not_picked":["Sucker Punch","Distraction","Dagger Throw"],"picked":"SKIP","floor":23},{"not_picked":["Deflect+1","Prepared"],"picked":"Acrobatics","floor":25}],"player_experience":22466,"relics_obtained":[{"floor":4.0,"key":"Gremlin Horn"},{"floor":9.0,"key":"Pear"},{"floor":12.0,"key":"Ornamental Fan"},{"floor":23,"key":"Sundial"},{"floor":26,"key":"Nunchaku"}],"event_choices":[{"damage_healed":0.0,"max_hp_gain":0.0,"max_hp_loss":0.0,"gold_gain":0.0,"event_name":"Shining Light","player_choice":"Entered Light","floor":2.0,"gold_loss":0.0,"damage_taken":14.0,"cards_upgraded":["Neutralize","Defend_G"]},{"cards_removed":["Strike_G"],"damage_healed":0.0,"max_hp_gain":0.0,"max_hp_loss":0.0,"gold_gain":0.0,"event_name":"Living Wall","player_choice":"Forget","floor":3.0,"gold_loss":0.0,"damage_taken":0.0},{"damage_healed":0.0,"max_hp_gain":0.0,"max_hp_loss":0.0,"gold_gain":0.0,"event_name":"Wheel of Change","player_choice":"Relic","floor":4.0,"gold_loss":0.0,"damage_taken":0.0}],"is_beta":false,"boss_relics":[{"not_picked":["Cursed Key","Lizard Tail"],"picked":"Tiny House"}],"items_purged_floors":[21],"is_endless":false,"potions_floor_spawned":[1,10,12,16,18,22,25],"killed_by":"Snecko","ascension_level":0}