{"gold_per_floor":[115,115,126,126,126,151,170,170,225,552,221,233,245,272,284,397,409,439,376,402,429,441],"floor_reached":22,"playtime":785,"items_purged":[],"score":272,"play_id":"26d52f4a-f56e-4d70-bbf8-8e2efbdd7396","local_time":"20180811213809","is_ascension_mode":true,"campfire_choices":[{"floor":8.0,"key":"REST"},{"data":"Venomology","floor":13.0,"key":"SMITH"},{"data":"All Out Attack","floor":15.0,"key":"SMITH"}],"neow_cost":"NONE","seed_source_timestamp":0,"circlet_count":0,"master_deck":["Defend_G","Defend_G+1","Defend_G+1","Defend_G","Strike_G+1","Strike_G","Strike_G+1","Strike_G","Survivor","Neutralize","All Out Attack+1","Escape Plan","Slice","Dagger Spray","Venomology+1","Setup","Slice","Grand Finale","Dodge and Roll","Well Laid Plans","Blur"],"special_seed":0,"relics":["Ring of the Snake","Ancient Tea Set","Anchor","War Paint","Old Coin","Bronze Scales","MawBank","Fusion Hammer"],"potions_floor_usage":[],"damage_taken":[{"damage":7.0,"enemies":"Small Slimes","floor":1.0,"turns":4.0},{"damage":1.0,"enemies":"2 Louse","floor":3.0,"turns":3.0},{"damage":32.0,"enemies":"3 Sentries","floor":6.0,"turns":9.0},{"damage":0.0,"enemies":"Jaw Worm","floor":7.0,"turns":3.0},{"damage":18.0,"enemies":"Gremlin Nob","floor":10.0,"turns":3.0},{"damage":0.0,"enemies":"Looter","floor":14.0,"turns":3.0},{"damage":13.0,"enemies":"Hexaghost","floor":16.0,"turns":9.0},{"damage":0.0,"enemies":"3 Byrds","floor":18.0,"turns":4.0},{"damage":21.0,"enemies":"2 Thieves","floor":20.0,"turns":4.0},{"damage":6.0,"enemies":"Chosen and Byrds","floor":21.0,"turns":7.0},{"damage":0,"enemies":"3 Cultists","floor":22,"turns":1}],"seed_played":"9003032113586950424","potions_obtained":[{"floor":1.0,"key":"FearPotion"},{"floor":3.0,"key":"Regen Potion"},{"floor":7.0,"key":"FearPotion"},{"floor":21.0,"key":"PowerPotion"}],"is_trial":false,"path_per_floor":["M","?","M","?","?","E","M","R","T","E","$","?","R","M","R","B",null,"M","?","M","M"],"character_chosen":"THE_SILENT","items_purchased":["Bronze Scales","Setup","MawBank"],"campfire_rested":1,"item_purchase_floors":[11,11,11],"current_hp_per_floor":[56,42,41,41,41,24,24,45,45,27,27,50,50,50,50,37,62,62,62,41,35,35],"gold":441,"neow_bonus":"RANDOM_COMMON_RELIC","is_prod":false,"is_daily":false,"chose_seed":false,"campfire_upgraded":2,"win_rate":0,"timestamp":1534016289,"path_taken":["M","?","M","?","?","E","?","R","T","E","$","?","R","M","R","BOSS","M","?","M","M","M"],"build_version":"2018-08-09","purchased_purges":0,"victory":false,"max_hp_per_floor":[70,70,70,70,70,70,70,70,70,70,70,70,70,70,70,70,70,70,70,70,70,70],"card_choices":[{"not_picked":["Leg Sweep","Deflect"],"picked":"All Out Attack","floor":1.0},{"not_picked":["Sucker Punch","Masterful Stab"],"picked":"Tactician","floor":3.0},{"not_picked":["Night Terror","Infinite Blades"],"picked":"Slice","floor":6.0},{"not_picked":["Finisher","Acrobatics"],"picked":"Dagger Spray","floor":7.0},{"not_picked":["Deflect","Escape Plan"],"picked":"Venomology","floor":10.0},{"not_picked":["Concentrate","PiercingWail"],"picked":"Slice","floor":14.0},{"not_picked":["Storm of Steel","Corpse Explosion"],"picked":"Grand Finale","floor":16.0},{"not_picked":["Heel Hook+1","Cloak And Dagger"],"picked":"Dodge and Roll","floor":18.0},{"not_picked":["Eviscerate+1","Backflip"],"picked":"Well Laid Plans","floor":20.0},{"not_picked":["Quick Slash","Deflect"],"picked":"Blur","floor":21.0}],"player_experience":876028,"relics_obtained":[{"floor":6.0,"key":"Anchor"},{"floor":9.0,"key":"War Paint"},{"floor":10.0,"key":"Old Coin"}],"event_choices":[{"event_name":"Shining Light","player_choice":"Entered Light","floor":2.0,"damage_taken":0.0},{"event_name":"Living Wall","player_choice":"Change","floor":4.0,"damage_taken":0.0},{"event_name":"Bonfire Elementals","player_choice":"BASIC","floor":5.0,"damage_taken":0.0},{"event_name":"Big Fish","player_choice":"Banana","floor":12.0,"damage_taken":0.0},{"event_name":"Beggar","player_choice":"Gave Gold","floor":19.0,"damage_taken":0.0}],"is_beta":false,"boss_relics":[{"not_picked":["Velvet Choker","Philosopher\u0027s Stone"],"picked":"Fusion Hammer"}],"items_purged_floors":[],"is_endless":false,"potions_floor_spawned":[1,3,7,21],"killed_by":"3 Cultists","ascension_level":8}