{"gold_per_floor":[117,129,304,304,254,287,287,319,344,344,344,344,360,393,393,492,492,502,512,437,451,43,43,69,80,80,80,100,118,118,134,134,234,234,252,252,18,18,18,18,50,50,50,65,79,94,94,124,124,124],"floor_reached":51,"playtime":13986,"items_purged":["Defend_G","Defend_G"],"score":862,"play_id":"469739fa-e695-40da-8f56-2bc1b39e264d","local_time":"20180729144148","is_ascension_mode":true,"campfire_choices":[{"data":"Wraith Form v2","floor":7.0,"key":"SMITH"},{"data":"Prepared","floor":10.0,"key":"SMITH"},{"floor":12.0,"key":"REST"},{"data":"Malaise","floor":15.0,"key":"SMITH"},{"data":"Tools of the Trade","floor":23.0,"key":"SMITH"},{"data":"Eviscerate","floor":27.0,"key":"SMITH"},{"data":"Acrobatics","floor":30.0,"key":"SMITH"},{"data":"Tools of the Trade","floor":32.0,"key":"SMITH"},{"data":"Wraith Form v2","floor":40,"key":"SMITH"},{"data":"Accuracy","floor":42,"key":"SMITH"},{"data":"Blade Dance","floor":47,"key":"SMITH"},{"floor":49,"key":"REST"}],"neow_cost":"NONE","seed_source_timestamp":0,"circlet_count":0,"master_deck":["Defend_G","Strike_G","Strike_G","Strike_G","Strike_G","Strike_G","Survivor","Neutralize+1","Wraith Form v2+1","Infinite Blades","Prepared+1","Dagger Throw","Eviscerate+1","Malaise+1","Tools of the Trade+1","Underhanded Strike","PiercingWail","Acrobatics+1","Underhanded Strike+1","Tactician","Acrobatics","PiercingWail","Tools of the Trade+1","Wraith Form v2+1","Infinite Blades","Madness","Madness","Accuracy+1","Blade Dance+1","Acrobatics+1","Underhanded Strike+1"],"special_seed":0,"relics":["Ring of the Snake","Centennial Puzzle","Strawberry","Blue Candle","Orichalcum","Question Card","Smiling Mask","White Beast Statue","Meat on the Bone","Du-Vu Doll","WristBlade","Pen Nib","Whetstone","Shuriken","Snake Skull"],"potions_floor_usage":[41,50],"damage_taken":[{"damage":2.0,"enemies":"Small Slimes","floor":1.0,"turns":3.0},{"damage":0.0,"enemies":"Jaw Worm","floor":2.0,"turns":5.0},{"damage":28.0,"enemies":"3 Sentries","floor":6.0,"turns":9.0},{"damage":2.0,"enemies":"Gremlin Nob","floor":8.0,"turns":6.0},{"damage":0.0,"enemies":"Cultist","floor":13.0,"turns":3.0},{"damage":6.0,"enemies":"3 Sentries","floor":14.0,"turns":7.0},{"damage":39.0,"enemies":"The Guardian","floor":16.0,"turns":9.0},{"damage":0.0,"enemies":"Shell Parasite","floor":18.0,"turns":7.0},{"damage":13.0,"enemies":"3 Byrds","floor":19.0,"turns":7.0},{"damage":4.0,"enemies":"Snecko","floor":21.0,"turns":8.0},{"damage":0.0,"enemies":"Book of Stabbing","floor":24.0,"turns":7.0},{"damage":2.0,"enemies":"Chosen and Byrds","floor":25.0,"turns":5.0},{"damage":3.0,"enemies":"Snake Plant","floor":28.0,"turns":5.0},{"damage":0.0,"enemies":"Centurion and Healer","floor":29.0,"turns":6.0},{"damage":0.0,"enemies":"3 Cultists","floor":31.0,"turns":5.0},{"damage":54.0,"enemies":"Automaton","floor":33.0,"turns":13.0},{"damage":0,"enemies":"Orb Walker","floor":35,"turns":5},{"damage":3,"enemies":"Giant Head","floor":41,"turns":7},{"damage":14,"enemies":"3 Shapes","floor":44,"turns":4},{"damage":0,"enemies":"Sphere and 2 Shapes","floor":45,"turns":4},{"damage":0,"enemies":"Flame Bruiser 2 Orb","floor":46,"turns":5},{"damage":15,"enemies":"2 Orb Walkers","floor":48,"turns":6},{"damage":42,"enemies":"Donu and Deca","floor":50,"turns":8}],"seed_played":"7576540961810750478","potions_obtained":[{"floor":6.0,"key":"Poison Potion"},{"floor":8.0,"key":"Poison Potion"},{"floor":14.0,"key":"GamblersBrew"},{"floor":18.0,"key":"Dexterity Potion"},{"floor":19.0,"key":"Explosive Potion"},{"floor":21.0,"key":"GhostInAJar"},{"floor":24.0,"key":"EssenceOfSteel"},{"floor":25.0,"key":"Weak Potion"},{"floor":28.0,"key":"Ancient Potion"},{"floor":33.0,"key":"Poison Potion"},{"floor":35,"key":"EssenceOfSteel"},{"floor":41,"key":"Energy Potion"},{"floor":45,"key":"Regen Potion"}],"is_trial":false,"path_per_floor":["M","M","?","?","?","E","R","E","T","R","T","R","M","E","R","B",null,"M","M","?","M","$","R","E","M","T","R","M","M","R","M","R","B",null,"M","?","$","?","$","R","E","R","T","M","M","M","R","E","R","B"],"character_chosen":"THE_SILENT","items_purchased":["Meat on the Bone","Underhanded Strike","Tactician","Accuracy","Pen Nib"],"campfire_rested":2,"item_purchase_floors":[22,22,22,37,37],"current_hp_per_floor":[68,68,68,61,61,40,40,38,38,38,38,61,61,55,55,16,77,77,64,64,60,60,60,60,58,58,58,55,55,55,55,55,13,77,77,67,67,67,67,67,64,64,64,50,50,50,50,47,70,43],"gold":124,"neow_bonus":"ONE_RANDOM_RARE_CARD","is_prod":false,"is_daily":false,"chose_seed":false,"campfire_upgraded":10,"win_rate":0,"timestamp":1532842908,"path_taken":["M","M","?","?","?","E","R","E","T","R","?","R","M","E","R","BOSS","M","M","?","M","$","R","E","M","T","R","M","M","R","M","R","BOSS","M","?","$","?","?","R","E","R","T","?","M","M","R","E","R","BOSS"],"build_version":"2018-07-26","purchased_purges":2,"victory":true,"max_hp_per_floor":[70,70,70,70,70,77,77,77,77,77,77,77,77,77,77,77,77,77,77,77,77,77,77,77,77,77,77,77,77,77,77,77,77,77,77,77,77,77,77,77,77,77,77,77,77,77,77,77,77,77],"card_choices":[{"not_picked":["Sucker Punch","Acrobatics"],"picked":"Infinite Blades","floor":1.0},{"not_picked":["Quick Slash","Deadly Poison","Masterful Stab"],"picked":"SKIP","floor":2.0},{"not_picked":["Slice","Backflip"],"picked":"Prepared","floor":6.0},{"not_picked":["Night Terror","Deadly Poison"],"picked":"Dagger Throw","floor":8.0},{"not_picked":["Dagger Spray","Calculated Gamble","Bane"],"picked":"Eviscerate","floor":13.0},{"not_picked":["Underhanded Strike","Calculated Gamble","Predator"],"picked":"Malaise","floor":14.0},{"not_picked":["Venomology","Storm of Steel","Unload"],"picked":"Tools of the Trade","floor":16.0},{"not_picked":["Deflect","Terror","Dodge and Roll"],"picked":"Underhanded Strike","floor":18.0},{"not_picked":["Bouncing Flask","Underhanded Strike+1","Flying Knee+1"],"picked":"PiercingWail","floor":19.0},{"not_picked":["Dagger Spray+1","Prepared","Deflect"],"picked":"Acrobatics","floor":21.0},{"not_picked":["Doppelganger","Masterful Stab","Leg Sweep","Dagger Spray+1"],"picked":"SKIP","floor":24.0},{"not_picked":["Backflip","Prepared","Terror"],"picked":"Acrobatics","floor":25.0},{"not_picked":["Blade Dance","Backstab","Endless Agony"],"picked":"PiercingWail","floor":28.0},{"not_picked":["Backflip","Dagger Throw","PiercingWail","Deadly Poison"],"picked":"SKIP","floor":29.0},{"not_picked":["Underhanded Strike+1","Reflex","Heel Hook+1"],"picked":"Tools of the Trade","floor":31.0},{"not_picked":["Phantasmal Killer","Burst","Unload"],"picked":"Wraith Form v2","floor":33.0},{"not_picked":["Slice","Choke+1","Dodge and Roll+1"],"picked":"Infinite Blades","floor":35},{"not_picked":["Expertise+1","Leg Sweep","Masterful Stab"],"picked":"Blade Dance","floor":41},{"not_picked":["Escape Plan","Skewer","Calculated Gamble+1"],"picked":"Acrobatics+1","floor":44},{"not_picked":["Slice+1","PiercingWail+1","Poisoned Stab","Distraction+1"],"picked":"SKIP","floor":45},{"not_picked":["Leg Sweep+1","Expertise","Cloak And Dagger","Burst"],"picked":"SKIP","floor":46},{"not_picked":["Well Laid Plans","Terror","Bane+1"],"picked":"Underhanded Strike+1","floor":48}],"player_experience":194476,"relics_obtained":[{"floor":6.0,"key":"Strawberry"},{"floor":8.0,"key":"Blue Candle"},{"floor":9.0,"key":"Orichalcum"},{"floor":11.0,"key":"Question Card"},{"floor":14.0,"key":"Smiling Mask"},{"floor":24.0,"key":"Du-Vu Doll"},{"floor":41,"key":"Whetstone"},{"floor":43,"key":"Shuriken"},{"floor":48,"key":"Snake Skull"}],"event_choices":[{"event_name":"Liars Game","player_choice":"agreed","floor":3.0,"damage_taken":0.0},{"event_name":"Scrap Ooze","player_choice":"success","floor":4.0,"damage_taken":7.0},{"event_name":"The Cleric","player_choice":"Card Removal","floor":5.0,"damage_taken":0.0},{"event_name":"Beggar","player_choice":"Gave Gold","floor":20.0,"damage_taken":0.0},{"event_name":"Winding Halls","player_choice":"Embrace Madness","floor":36,"damage_taken":0},{"event_name":"Purifier","player_choice":"One Purge","floor":38,"damage_taken":0}],"is_beta":false,"boss_relics":[{"not_picked":["Snecko Eye","Runic Dome"],"picked":"White Beast Statue"},{"not_picked":["Pandora\u0027s Box","Fusion Hammer"],"picked":"WristBlade"}],"items_purged_floors":[22,37],"is_endless":false,"potions_floor_spawned":[6,8,14,18,19,21,24,25,28,29,31,33,35,41,44,45,46,48],"ascension_level":4}