{"gold_per_floor":[114,87,87,102,52,87,105,105],"floor_reached":8,"playtime":185,"items_purged":[],"score":134,"play_id":"ed9519a2-461f-40ad-8df9-d00b6c3500dc","local_time":"20190207112222","is_ascension_mode":true,"campfire_choices":[],"neow_cost":"NONE","seed_source_timestamp":1031099448119714,"circlet_count":0,"master_deck":["AscendersBane","Strike_R","Strike_R","Strike_R","Strike_R","Strike_R","Defend_R","Defend_R","Defend_R","Defend_R","Bash","Clothesline","Headbutt","Flame Barrier","Sword Boomerang","Warcry"],"relics":["Burning Blood","NeowsBlessing","Bird Faced Urn","Centennial Puzzle"],"potions_floor_usage":[],"damage_taken":[{"damage":0,"enemies":"Small Slimes","floor":1,"turns":1},{"damage":0,"enemies":"Jaw Worm","floor":4,"turns":1},{"damage":0,"enemies":"Gremlin Nob","floor":6,"turns":1},{"damage":7,"enemies":"Cultist","floor":7,"turns":4},{"damage":3,"enemies":"Lagavulin","floor":8,"turns":5}],"seed_played":"7565361721638355038","potions_obtained":[{"floor":1,"key":"Explosive Potion"},{"floor":7,"key":"GamblersBrew"}],"is_trial":false,"path_per_floor":["M","$","?","M","?","E","M","E"],"character_chosen":"IRONCLAD","items_purchased":["Headbutt"],"campfire_rested":0,"item_purchase_floors":[2],"current_hp_per_floor":[78,78,78,80,80,80,79,76],"gold":105,"neow_bonus":"THREE_ENEMY_KILL","is_prod":false,"is_daily":false,"chose_seed":false,"campfire_upgraded":0,"win_rate":0,"timestamp":1549534942,"path_taken":["M","$","?","M","?","E","M","E"],"build_version":"2019-01-23","purchased_purges":0,"victory":false,"max_hp_per_floor":[80,80,80,80,80,80,80,80],"card_choices":[{"not_picked":["Heavy Blade","Headbutt"],"picked":"Clothesline","floor":1},{"not_picked":["Reckless Charge","Thunderclap"],"picked":"Flame Barrier","floor":4},{"not_picked":["Second Wind","Burning Pact"],"picked":"Sword Boomerang","floor":6},{"not_picked":["Evolve","Entrench"],"picked":"Warcry","floor":7}],"player_experience":2246851,"relics_obtained":[{"floor":6,"key":"Centennial Puzzle"}],"event_choices":[{"damage_healed":0,"gold_gain":0,"player_choice":"Box","damage_taken":0,"relics_obtained":["Bird Faced Urn"],"max_hp_gain":0,"max_hp_loss":0,"event_name":"Big Fish","floor":3,"gold_loss":0,"cards_obtained":["Regret"]},{"cards_removed":["Regret"],"damage_healed":0,"gold_gain":0,"player_choice":"Card Removal","damage_taken":0,"max_hp_gain":0,"max_hp_loss":0,"event_name":"The Cleric","floor":5,"gold_loss":50}],"is_beta":false,"boss_relics":[],"items_purged_floors":[],"is_endless":false,"potions_floor_spawned":[1,7],"killed_by":"Lagavulin","ascension_level":13}