{"gold_per_floor":[110,110,122,47,147,147,159,159,185,85,110,143,143,160,160,255,255,220,237,133,113,129,129,129],"floor_reached":24,"playtime":1490,"items_purged":["Defend_R","Strike_R","Strike_R"],"score":310,"play_id":"dee73cdb-3b7a-4c75-aed9-a90e5c748ff6","local_time":"20190123193921","is_ascension_mode":true,"campfire_choices":[{"data":"Seeing Red","floor":6.0,"key":"SMITH"},{"data":"Iron Wave","floor":8.0,"key":"SMITH"},{"data":"True Grit","floor":15.0,"key":"SMITH"},{"data":"Barricade","floor":23.0,"key":"SMITH"}],"neow_cost":"TEN_PERCENT_HP_LOSS","seed_source_timestamp":12957046971969732,"circlet_count":0,"master_deck":["AscendersBane","Strike_R","Strike_R","Strike_R","Defend_R","Defend_R","Bash","Demon Form","Feel No Pain","Shrug It Off","Bash","Seeing Red+1","Iron Wave+1","True Grit+1","Power Through","Barricade+1","Warcry+1","Flex+1","True Grit"],"special_seed":0,"relics":["Burning Blood","Smiling Mask","Bag of Marbles","Meat on the Bone","White Beast Statue"],"potions_floor_usage":[24],"damage_taken":[{"damage":8.0,"enemies":"Jaw Worm","floor":1.0,"turns":5.0},{"damage":3.0,"enemies":"Cultist","floor":3.0,"turns":4.0},{"damage":1.0,"enemies":"Small Slimes","floor":7.0,"turns":3.0},{"damage":5.0,"enemies":"3 Sentries","floor":12.0,"turns":9.0},{"damage":30.0,"enemies":"3 Louse","floor":14.0,"turns":4.0},{"damage":29.0,"enemies":"Slime Boss","floor":16.0,"turns":6.0},{"damage":32.0,"enemies":"2 Thieves","floor":18.0,"turns":5.0},{"damage":35.0,"enemies":"3 Byrds","floor":19.0,"turns":9.0},{"damage":5.0,"enemies":"Centurion and Healer","floor":22.0,"turns":10.0},{"damage":47,"enemies":"Book of Stabbing","floor":24,"turns":4}],"seed_played":"-4167657416008279735","potions_obtained":[{"floor":12.0,"key":"Block Potion"},{"floor":14.0,"key":"PowerPotion"},{"floor":18.0,"key":"Weak Potion"},{"floor":19.0,"key":"Block Potion"},{"floor":21.0,"key":"Block Potion"},{"floor":22.0,"key":"Strength Potion"}],"is_trial":false,"path_per_floor":["?","?","M","T","?","?"],"character_chosen":"IRONCLAD","items_purchased":["True Grit","True Grit"],"campfire_rested":0,"item_purchase_floors":[10,20],"current_hp_per_floor":[70,70,72,72,72,72,72,72,72,72,72,72,65,53,53,42,65,51,34,34,34,47,47,0],"gold":129,"neow_bonus":"THREE_RARE_CARDS","is_prod":false,"is_daily":false,"chose_seed":false,"campfire_upgraded":4,"win_rate":0,"timestamp":1548268761,"path_taken":["M","?","M","$","?","R","?","R","T","$","?","E","?","M","R","BOSS","M","M","$","?","M","R","E"],"build_version":"2019-01-23","purchased_purges":3,"victory":false,"max_hp_per_floor":[72,72,72,72,72,72,72,72,72,72,72,72,72,72,72,72,72,72,72,72,72,72,72,72],"card_choices":[{"not_picked":["Berserk","Impervious"],"picked":"Demon Form","floor":0.0},{"not_picked":["Pommel Strike","Evolve"],"picked":"Feel No Pain","floor":1.0},{"not_picked":["Clash","Ghostly Armor"],"picked":"Iron Wave","floor":3.0},{"not_picked":["Armaments","Sword Boomerang","Sever Soul"],"picked":"SKIP","floor":7.0},{"not_picked":["Pummel","Body Slam","Warcry"],"picked":"SKIP","floor":12.0},{"not_picked":["Perfected Strike","Thunderclap"],"picked":"Power Through","floor":14.0},{"not_picked":["Juggernaut","Double Tap"],"picked":"Barricade","floor":16.0},{"not_picked":["Heavy Blade","Wild Strike"],"picked":"Warcry+1","floor":18.0},{"not_picked":["Cleave","Uppercut"],"picked":"Flex+1","floor":19.0},{"not_picked":["Perfected Strike","Clothesline","Wild Strike+1"],"picked":"SKIP","floor":22.0}],"player_experience":300368,"relics_obtained":[{"floor":9.0,"key":"Smiling Mask"},{"floor":11.0,"key":"Bag of Marbles"},{"floor":12.0,"key":"Meat on the Bone"}],"event_choices":[{"damage_healed":0.0,"max_hp_gain":0.0,"max_hp_loss":0.0,"gold_gain":0.0,"event_name":"Match and Keep!","player_choice":"3 cards matched","floor":2.0,"gold_loss":0.0,"damage_taken":0.0,"cards_obtained":["Shrug It Off","Bash","Seeing Red"]},{"damage_healed":0.0,"max_hp_gain":0.0,"max_hp_loss":0.0,"gold_gain":100.0,"event_name":"Golden Shrine","player_choice":"Pray","floor":5.0,"gold_loss":0.0,"damage_taken":0.0},{"cards_removed":["Defend_R"],"damage_healed":0.0,"max_hp_gain":0.0,"max_hp_loss":0.0,"gold_gain":0.0,"event_name":"Golden Wing","player_choice":"Card Removal","floor":13.0,"gold_loss":0.0,"damage_taken":7.0},{"damage_healed":0.0,"max_hp_gain":0.0,"max_hp_loss":0.0,"gold_gain":0.0,"event_name":"The Woman in Blue","player_choice":"Bought 1 Potion","floor":21.0,"gold_loss":0.0,"damage_taken":0.0}],"is_beta":false,"boss_relics":[{"not_picked":["Mark of Pain","Busted Crown"],"picked":"White Beast Statue"}],"items_purged_floors":[4,10,20],"is_endless":false,"potions_floor_spawned":[12,14,18,19,22],"killed_by":"Book of Stabbing","ascension_level":12}