{"gold_per_floor":[115,115,115,40,40,83,83,104,104,142,142,178,178,193,193,283,283,306,306,326,326,344,344,418,418,418,456,483,483,483,61,61,157,220,239,253,186,211,230,230,230,230,230,230,250,250,273,27,27,27],"floor_reached":51,"playtime":2487,"items_purged":[],"score":1347,"play_id":"7c1f3116-51ef-4940-975b-e88a07abe898","local_time":"20190213201207","is_ascension_mode":true,"campfire_choices":[{"data":"Metallicize","floor":7.0,"key":"SMITH"},{"floor":13,"key":"REST"},{"floor":15,"key":"REST"},{"data":"Demon Form","floor":23,"key":"SMITH"},{"data":"Evolve","floor":25,"key":"SMITH"},{"floor":32,"key":"REST"},{"data":"Iron Wave","floor":40,"key":"SMITH"},{"data":"Iron Wave","floor":44,"key":"SMITH"},{"floor":46,"key":"REST"},{"data":"Metallicize","floor":49,"key":"SMITH"}],"neow_cost":"NONE","seed_source_timestamp":0,"circlet_count":0,"master_deck":["AscendersBane","Strike_R+1","Strike_R+1","Defend_R+1","Defend_R+1","Defend_R+1","Defend_R+1","Bash+1","Metallicize+1","Reckless Charge","Headbutt","Demon Form+1","Battle Trance","Corruption","Evolve+1","Whirlwind","Iron Wave","Feel No Pain","Uppercut","Iron Wave+1","Metallicize+1","Iron Wave+1","Fire Breathing","Good Instincts","Shrug It Off","Inflame"],"special_seed":0,"relics":["Burning Blood","NeowsBlessing","Golden Idol","Boot","Ancient Tea Set","Gremlin Horn","Bird Faced Urn","Snecko Eye","Tiny Chest","The Courier","FossilizedHelix","Happy Flower","MutagenicStrength","Mummified Hand","Vajra","Tiny House","Darkstone Periapt","Chemical X"],"potions_floor_usage":[24,33,38,41,50,50],"damage_taken":[{"damage":0.0,"enemies":"Cultist","floor":1.0,"turns":1.0},{"damage":0.0,"enemies":"3 Sentries","floor":6.0,"turns":3.0},{"damage":0.0,"enemies":"2 Louse","floor":8.0,"turns":1.0},{"damage":27.0,"enemies":"Lagavulin","floor":10.0,"turns":6.0},{"damage":34,"enemies":"3 Sentries","floor":12,"turns":8},{"damage":0,"enemies":"Small Slimes","floor":14,"turns":2},{"damage":19,"enemies":"The Guardian","floor":16,"turns":10},{"damage":18,"enemies":"Spheric Guardian","floor":18,"turns":4},{"damage":4,"enemies":"Chosen","floor":20,"turns":5},{"damage":24,"enemies":"Sentry and Sphere","floor":22,"turns":6},{"damage":0,"enemies":"Gremlin Leader","floor":24,"turns":4},{"damage":54,"enemies":"Slavers","floor":27,"turns":5},{"damage":61,"enemies":"Champ","floor":33,"turns":8},{"damage":0,"enemies":"Orb Walker","floor":35,"turns":3},{"damage":0,"enemies":"3 Darklings","floor":36,"turns":3},{"damage":1,"enemies":"Transient","floor":38,"turns":6},{"damage":10,"enemies":"Sphere and 2 Shapes","floor":39,"turns":5},{"damage":0,"enemies":"Writhing Mass","floor":41,"turns":2},{"damage":21,"enemies":"4 Shapes","floor":45,"turns":1},{"damage":0,"enemies":"Maw","floor":47,"turns":7},{"damage":10,"enemies":"Donu and Deca","floor":50,"turns":7}],"seed_played":"7486268497245230767","potions_obtained":[{"floor":6.0,"key":"Ancient Potion"},{"floor":8.0,"key":"GamblersBrew"},{"floor":12,"key":"FairyPotion"},{"floor":22,"key":"Fire Potion"},{"floor":24,"key":"Poison Potion"},{"floor":34,"key":"Dexterity Potion"},{"floor":35,"key":"Energy Potion"},{"floor":38,"key":"SmokeBomb"},{"floor":45,"key":"SkillPotion"}],"is_trial":false,"path_per_floor":["M","?","?","?","$","E","R","M","T","E","?","E","R","M","R","B",null,"M","?","M","?","M","R","E","R","T","E","T","?","?","$","R","B",null,"M","M","$","M","M","R","M","?","T","R","M","R","M","$","R","B",null],"character_chosen":"IRONCLAD","items_purchased":["Iron Wave","Mummified Hand","Feel No Pain","Vajra","Metallicize","Chemical X","Shrug It Off","Inflame"],"campfire_rested":4,"item_purchase_floors":[31,31,31,31,37,48,48,48],"current_hp_per_floor":[74,48,73,73,73,75,75,75,75,54,47,19,41,47,69,60,71,63,63,69,69,57,57,69,69,69,29,29,29,29,29,51,13,65,80,80,80,80,76,76,80,80,80,80,65,80,80,80,80,78],"gold":27,"neow_bonus":"THREE_ENEMY_KILL","is_prod":false,"is_daily":false,"chose_seed":false,"campfire_upgraded":6,"win_rate":0,"timestamp":1550085127,"path_taken":["M","?","?","?","$","E","R","M","T","E","?","E","R","?","R","BOSS","M","?","M","?","M","R","E","R","T","E","?","?","?","$","R","BOSS","M","?","?","M","M","R","M","?","T","R","M","R","M","$","R","BOSS"],"build_version":"2019-01-23","purchased_purges":0,"victory":true,"max_hp_per_floor":[75,75,75,75,75,75,75,75,75,75,75,75,75,75,75,75,75,75,75,75,75,75,75,75,75,75,75,75,75,75,75,75,75,80,80,80,80,80,80,80,80,80,80,80,80,80,80,80,80,80],"card_choices":[{"not_picked":["Flex","Body Slam"],"picked":"Metallicize","floor":1.0},{"not_picked":["Cleave","Juggernaut"],"picked":"Reckless Charge","floor":6.0},{"not_picked":["Second Wind","True Grit"],"picked":"Headbutt","floor":8.0},{"not_picked":["Feel No Pain","Seeing Red"],"picked":"Demon Form","floor":10.0},{"not_picked":["Pommel Strike","Rupture"],"picked":"Battle Trance","floor":12},{"not_picked":["Twin Strike","Infernal Blade","Thunderclap"],"picked":"SKIP","floor":14},{"not_picked":["Body Slam","Headbutt","Anger"],"picked":"SKIP","floor":18},{"not_picked":["Heavy Blade","Shockwave"],"picked":"Corruption","floor":20},{"not_picked":["Warcry","Havoc+1","Flex"],"picked":"SKIP","floor":22},{"not_picked":["Second Wind","True Grit+1"],"picked":"Evolve","floor":24},{"not_picked":["Perfected Strike","Thunderclap","Sever Soul"],"picked":"SKIP","floor":27},{"not_picked":["Whirlwind","Heavy Blade+1"],"picked":"Uppercut","floor":34},{"not_picked":["Spot Weakness","Perfected Strike","Dual Wield"],"picked":"SKIP","floor":35},{"not_picked":["Perfected Strike","Heavy Blade"],"picked":"Iron Wave","floor":36},{"not_picked":["Warcry","Heavy Blade"],"picked":"Iron Wave","floor":38},{"not_picked":["Havoc","Clash"],"picked":"Fire Breathing","floor":39},{"not_picked":["Deep Breath","Panacea"],"picked":"Good Instincts","floor":42},{"not_picked":["Limit Break","Armaments","Flex"],"picked":"SKIP","floor":45},{"not_picked":["Havoc","Armaments","Iron Wave"],"picked":"SKIP","floor":47}],"player_experience":392412,"relics_obtained":[{"floor":6.0,"key":"Boot"},{"floor":9.0,"key":"Ancient Tea Set"},{"floor":10.0,"key":"Gremlin Horn"},{"floor":12,"key":"Bird Faced Urn"},{"floor":24,"key":"Tiny Chest"},{"floor":26,"key":"The Courier"},{"floor":27,"key":"FossilizedHelix"},{"floor":28,"key":"Happy Flower"},{"floor":43,"key":"Darkstone Periapt"}],"event_choices":[{"damage_healed":0.0,"max_hp_gain":0.0,"max_hp_loss":0.0,"gold_gain":0.0,"event_name":"Golden Idol","player_choice":"Take Damage","floor":2.0,"gold_loss":0.0,"damage_taken":26.0,"relics_obtained":["Golden Idol"]},{"damage_healed":25.0,"max_hp_gain":0.0,"max_hp_loss":0.0,"gold_gain":0.0,"event_name":"Big Fish","player_choice":"Banana","floor":3.0,"gold_loss":0.0,"damage_taken":0.0},{"cards_removed":["Strike_R"],"damage_healed":0.0,"max_hp_gain":0.0,"max_hp_loss":0.0,"gold_gain":0.0,"event_name":"The Cleric","player_choice":"Card Removal","floor":4.0,"gold_loss":75.0,"damage_taken":0.0},{"cards_removed":["Strike_R"],"damage_healed":0,"gold_gain":0,"player_choice":"Card Removal","damage_taken":7,"max_hp_gain":0,"max_hp_loss":0,"event_name":"Golden Wing","floor":11,"gold_loss":0},{"damage_healed":0,"gold_gain":0,"player_choice":"Ignored","damage_taken":0,"max_hp_gain":0,"max_hp_loss":0,"event_name":"Ghosts","floor":19,"gold_loss":0},{"damage_healed":0,"gold_gain":0,"player_choice":"Simplicity","damage_taken":0,"max_hp_gain":0,"max_hp_loss":0,"event_name":"Back to Basics","floor":21,"gold_loss":0,"cards_upgraded":["Strike_R","Strike_R","Strike_R","Defend_R","Defend_R","Defend_R","Defend_R"]},{"damage_healed":0,"gold_gain":0,"player_choice":"Inject Mutagens","damage_taken":0,"relics_obtained":["MutagenicStrength"],"max_hp_gain":0,"max_hp_loss":0,"event_name":"Drug Dealer","floor":29,"gold_loss":0},{"damage_healed":0,"gold_gain":0,"cards_transformed":["Strike_R"],"player_choice":"Transformed","damage_taken":0,"max_hp_gain":0,"max_hp_loss":0,"event_name":"Transmorgrifier","floor":30,"gold_loss":0,"cards_obtained":["Whirlwind"]},{"damage_healed":0,"gold_gain":0,"player_choice":"Memory 1","damage_taken":0,"max_hp_gain":0,"max_hp_loss":0,"event_name":"SensoryStone","floor":42,"gold_loss":0}],"is_beta":false,"boss_relics":[{"not_picked":["Mark of Pain","Calling Bell"],"picked":"Snecko Eye"},{"not_picked":["Velvet Choker","Black Blood"],"picked":"Tiny House"}],"items_purged_floors":[],"is_endless":false,"potions_floor_spawned":[6,8,10,12,22,24,27,35,38,45],"ascension_level":17}