{"gold_per_floor":[115,115,190,203,104,130,130,144,144,170,170,170,187,205,205,205],"floor_reached":16,"playtime":378,"items_purged":["Regret"],"score":209,"play_id":"baeab130-8686-42a2-a475-92140420f32d","local_time":"20190111185526","is_ascension_mode":true,"campfire_choices":[{"data":"Wild Strike","floor":12,"key":"SMITH"},{"data":"Evolve","floor":15,"key":"SMITH"}],"neow_cost":"NONE","seed_source_timestamp":146743094825437,"circlet_count":0,"master_deck":["AscendersBane","Strike_R","Strike_R","Strike_R","Strike_R","Strike_R","Defend_R","Defend_R","Defend_R","Defend_R","Bash","Evolve+1","Wild Strike+1","Shrug It Off","Metallicize","Warcry","Wild Strike+1","Shrug It Off","Reaper"],"relics":["Burning Blood","NeowsBlessing","Bag of Preparation","Sundial","Frozen Egg 2","Ornamental Fan","Pantograph"],"potions_floor_usage":[10,10,16],"damage_taken":[{"damage":0,"enemies":"Jaw Worm","floor":1,"turns":1},{"damage":0,"enemies":"2 Louse","floor":4,"turns":1},{"damage":0,"enemies":"Gremlin Nob","floor":6,"turns":1},{"damage":12,"enemies":"Small Slimes","floor":8,"turns":4},{"damage":15,"enemies":"3 Sentries","floor":10,"turns":8},{"damage":8,"enemies":"Blue Slaver","floor":13,"turns":4},{"damage":23,"enemies":"Gremlin Gang","floor":14,"turns":4},{"damage":22,"enemies":"Slime Boss","floor":16,"turns":7}],"seed_played":"7344959272588656594","potions_obtained":[{"floor":1,"key":"Block Potion"},{"floor":6,"key":"Fire Potion"},{"floor":14,"key":"Block Potion"}],"is_trial":false,"path_per_floor":["M","?","?","M","$","E","T","M","T","E","?","R","M","M","R","B"],"character_chosen":"IRONCLAD","items_purchased":["Shrug It Off"],"campfire_rested":0,"item_purchase_floors":[5],"current_hp_per_floor":[78,78,67,73,73,79,79,73,73,64,64,64,62,45,45,56],"gold":205,"neow_bonus":"THREE_ENEMY_KILL","is_prod":false,"is_daily":false,"chose_seed":false,"campfire_upgraded":2,"win_rate":0,"timestamp":1547229326,"path_taken":["M","?","?","M","?","E","?","M","T","E","?","R","M","?","R","BOSS"],"build_version":"2019-01-10","purchased_purges":1,"victory":false,"max_hp_per_floor":[80,80,80,80,80,80,80,80,80,80,80,80,80,80,80,80],"card_choices":[{"not_picked":["Sword Boomerang","Body Slam"],"picked":"Evolve","floor":1},{"not_picked":["Entrench","Shrug It Off"],"picked":"Wild Strike","floor":4},{"not_picked":["Intimidate","Sever Soul"],"picked":"Metallicize","floor":6},{"not_picked":["Headbutt","Burning Pact"],"picked":"Warcry","floor":8},{"not_picked":["Bloodletting","Hemokinesis"],"picked":"Wild Strike","floor":10},{"not_picked":["Pummel","Sword Boomerang"],"picked":"Shrug It Off","floor":13},{"not_picked":["Seeing Red","Uppercut"],"picked":"Reaper","floor":14}],"player_experience":1932815,"relics_obtained":[{"floor":6,"key":"Sundial"},{"floor":7,"key":"Frozen Egg 2"},{"floor":9,"key":"Ornamental Fan"},{"floor":10,"key":"Pantograph"}],"event_choices":[{"damage_healed":0,"gold_gain":0,"player_choice":"Box","damage_taken":0,"relics_obtained":["Bag of Preparation"],"max_hp_gain":0,"max_hp_loss":0,"event_name":"Big Fish","floor":2,"gold_loss":0,"cards_obtained":["Regret"]},{"damage_healed":0,"gold_gain":75,"player_choice":"Gather Gold","damage_taken":11,"max_hp_gain":0,"max_hp_loss":0,"event_name":"World of Goop","floor":3,"gold_loss":0},{"damage_healed":0,"gold_gain":0,"player_choice":"Grow","damage_taken":0,"max_hp_gain":0,"max_hp_loss":0,"event_name":"Living Wall","floor":11,"gold_loss":0,"cards_upgraded":["Wild Strike"]}],"is_beta":false,"boss_relics":[],"items_purged_floors":[5],"is_endless":false,"potions_floor_spawned":[1,6,8,14],"killed_by":"Slime Boss","ascension_level":11}