{"gold_per_floor":[112,73,73,85,103,103,123,154,200,233,233,233,252,263,263,361,361,374,374,299,373,373,373,387,387,387,387,422,440,452,471,471,471],"floor_reached":33,"playtime":1695,"items_purged":[],"score":374,"play_id":"9984dab6-a4e2-4803-bfb2-065eecf9e829","local_time":"20180730131656","is_ascension_mode":true,"campfire_choices":[{"data":"Dualcast","floor":6.0,"key":"SMITH"},{"floor":11.0,"key":"REST"},{"data":"Streamline","floor":15.0,"key":"SMITH"},{"data":"Rainbow","floor":23.0,"key":"SMITH"},{"floor":27.0,"key":"REST"},{"data":"White Noise","floor":32,"key":"SMITH"}],"neow_cost":"","seed_source_timestamp":0,"circlet_count":0,"master_deck":["Strike_B+1","Strike_B+1","Strike_B+1","Defend_B+1","Defend_B+1","Defend_B+1","Zap+1","Dualcast+1","Leap","BootSequence","Scrape","Go for the Eyes","Leap","Redo","Sweeping Beam","Defragment","Streamline+1","Rainbow+1","Leap","Coolheaded","Heatsinks","Redo","White Noise+1","Buffer"],"special_seed":0,"relics":["Cracked Core","Mummified Hand","Juzu Bracelet","Blood Vial","Snecko Eye","Pantograph","Torii","Dodecahedron","Dream Catcher"],"potions_floor_usage":[],"damage_taken":[{"damage":6.0,"enemies":"Cultist","floor":1.0,"turns":3.0},{"damage":2.0,"enemies":"Jaw Worm","floor":4.0,"turns":3.0},{"damage":0.0,"enemies":"Small Slimes","floor":5.0,"turns":3.0},{"damage":0.0,"enemies":"2 Fungi Beasts","floor":7.0,"turns":3.0},{"damage":5.0,"enemies":"3 Sentries","floor":8.0,"turns":8.0},{"damage":27.0,"enemies":"Lagavulin","floor":10.0,"turns":6.0},{"damage":1.0,"enemies":"Exordium Thugs","floor":13.0,"turns":4.0},{"damage":1.0,"enemies":"Lots of Slimes","floor":14.0,"turns":3.0},{"damage":32.0,"enemies":"The Guardian","floor":16.0,"turns":11.0},{"damage":21.0,"enemies":"2 Thieves","floor":18.0,"turns":4.0},{"damage":10.0,"enemies":"Shell Parasite","floor":24.0,"turns":5.0},{"damage":2.0,"enemies":"Book of Stabbing","floor":28.0,"turns":4.0},{"damage":8.0,"enemies":"Centurion and Healer","floor":29.0,"turns":8.0},{"damage":1.0,"enemies":"Snecko","floor":30.0,"turns":6.0},{"damage":20.0,"enemies":"Cultist and Chosen","floor":31.0,"turns":6.0},{"damage":48,"enemies":"Collector","floor":33,"turns":7}],"seed_played":"-7827095932240802353","potions_obtained":[{"floor":1.0,"key":"SkillPotion"},{"floor":4.0,"key":"SkillPotion"},{"floor":10.0,"key":"FocusPotion"},{"floor":14.0,"key":"LiquidBronze"},{"floor":16.0,"key":"SkillPotion"},{"floor":28.0,"key":"Dexterity Potion"},{"floor":29.0,"key":"SteroidPotion"}],"is_trial":false,"path_per_floor":["M","$","?","M","M","R","M","E","T","E","R","?","M","M","R","B",null,"M","?","?","T","?","R","M","?","T","R","E","M","M","M","R"],"character_chosen":"DEFECT","items_purchased":["BootSequence"],"campfire_rested":2,"item_purchase_floors":[2],"current_hp_per_floor":[62,62,62,60,60,60,60,55,55,28,50,50,51,52,52,22,62,43,43,43,43,43,43,35,35,35,57,57,51,52,34,34,13],"gold":471,"neow_bonus":"","is_prod":false,"is_daily":false,"chose_seed":false,"campfire_upgraded":4,"win_rate":0,"timestamp":1532949416,"path_taken":["M","?","?","?","M","R","M","E","T","E","R","?","M","M","R","BOSS","M","?","?","?","?","R","M","?","T","R","E","M","M","M","R","BOSS"],"build_version":"2018-07-26","purchased_purges":0,"victory":false,"max_hp_per_floor":[75,75,75,75,75,75,75,75,75,75,75,75,75,75,75,75,75,75,75,75,75,75,75,75,75,75,75,75,75,75,75,75,75],"card_choices":[{"not_picked":["Rip and Tear","Stack"],"picked":"Leap","floor":1.0},{"not_picked":["Stack","Skim"],"picked":"Scrape","floor":4.0},{"not_picked":["Turbo","Force Field"],"picked":"Go for the Eyes","floor":5.0},{"not_picked":["Stack","Barrage"],"picked":"Leap","floor":7.0},{"not_picked":["Steam","Chaos"],"picked":"Redo","floor":8.0},{"not_picked":["Coolheaded","Double Energy"],"picked":"Sweeping Beam","floor":10.0},{"not_picked":["Core Surge","Loop"],"picked":"Defragment","floor":13.0},{"not_picked":["Barrage","Rip and Tear"],"picked":"Streamline","floor":14.0},{"not_picked":["Buffer","Fission"],"picked":"Rainbow","floor":16.0},{"not_picked":["Sweeping Beam","Rip and Tear"],"picked":"Leap","floor":18.0},{"not_picked":["Beam Cell","Genetic Algorithm"],"picked":"Coolheaded","floor":24.0},{"not_picked":["Conserve Battery","Stack"],"picked":"Heatsinks","floor":28.0},{"not_picked":["Barrage","Streamline+1"],"picked":"Redo","floor":29.0},{"not_picked":["Compile Driver","Lockon+1"],"picked":"White Noise","floor":30.0},{"not_picked":["Streamline","Beam Cell"],"picked":"Buffer","floor":31.0}],"player_experience":854181,"relics_obtained":[{"floor":8.0,"key":"Mummified Hand"},{"floor":9.0,"key":"Juzu Bracelet"},{"floor":10.0,"key":"Blood Vial"},{"floor":21.0,"key":"Pantograph"},{"floor":26.0,"key":"Dodecahedron"},{"floor":28.0,"key":"Dream Catcher"}],"event_choices":[{"event_name":"Living Wall","player_choice":"Grow","floor":3.0,"damage_taken":0.0},{"event_name":"Purifier","player_choice":"One Purge","floor":12.0,"damage_taken":0.0},{"event_name":"Back to Basics","player_choice":"Simplicity","floor":19.0,"damage_taken":0.0},{"event_name":"Beggar","player_choice":"Gave Gold","floor":20.0,"damage_taken":0.0},{"event_name":"The Mausoleum","player_choice":"Yes","floor":22.0,"damage_taken":0.0},{"event_name":"Ghosts","player_choice":"Ignored","floor":25.0,"damage_taken":0.0}],"is_beta":false,"boss_relics":[{"not_picked":["Sozu","Runic Dome"],"picked":"Snecko Eye"}],"items_purged_floors":[],"is_endless":false,"potions_floor_spawned":[1,4,10,14,16,28,29,31],"killed_by":"Collector","ascension_level":7}