{"gold_per_floor":[112,125,138,138,156,186,198,227,227,258,223,223,223,243,243,316,316,316,266,266,266,266,266,266,266,266,266,266,266,96,96,96,96,96,96,0,0,0,0,0,0,0,0,0,0,0,0,0,0,0,0,0,0,0,0],"floor_reached":55,"playtime":2224,"items_purged":["Strike_R"],"score":1858,"play_id":"1cf4fe2e-c509-41c5-a818-6b59a8c7c78b","local_time":"20181211154703","is_ascension_mode":true,"campfire_choices":[{"data":"Whirlwind","floor":12.0,"key":"SMITH"},{"data":"Uppercut","floor":15.0,"key":"SMITH"},{"floor":24.0,"key":"DIG"},{"floor":27.0,"key":"DIG"},{"floor":29.0,"key":"DIG"},{"floor":32,"key":"DIG"},{"floor":41,"key":"RECALL"},{"data":"Strike_R","floor":49,"key":"PURGE"},{"data":"Strike_R","floor":53,"key":"PURGE"}],"neow_cost":"NONE","seed_source_timestamp":335879225573931,"circlet_count":0,"master_deck":["AscendersBane","Strike_R","Strike_R","Defend_R","Defend_R","Defend_R","Defend_R","Bash","Uppercut+1","Battle Trance","Headbutt","Fiend Fire+1","Whirlwind+1","Pommel Strike","Flame Barrier+1","Impervious","Reaper","Battle Trance+1","True Grit","Demon Form+1","Inflame+1","Pummel","Demon Form+1","Reaper","Shrug It Off","Sword Boomerang","Feel No Pain+1"],"special_seed":0,"relics":["Burning Blood","NeowsBlessing","Shovel","Frozen Egg 2","Smiling Mask","Sundial","Bronze Scales","Ectoplasm","Peace Pipe","Mummified Hand","StoneCalendar","Meat on the Bone","Pantograph","Velvet Choker","Red Mask","Juzu Bracelet","Thread and Needle","Centennial Puzzle","Red Skull"],"potions_floor_usage":[38,44],"damage_taken":[{"damage":0.0,"enemies":"Cultist","floor":1.0,"turns":1.0},{"damage":0.0,"enemies":"Jaw Worm","floor":2.0,"turns":1.0},{"damage":0.0,"enemies":"2 Louse","floor":3.0,"turns":1.0},{"damage":17.0,"enemies":"Looter","floor":5.0,"turns":3.0},{"damage":40.0,"enemies":"Lagavulin","floor":6.0,"turns":4.0},{"damage":0.0,"enemies":"Lots of Slimes","floor":7.0,"turns":1.0},{"damage":6.0,"enemies":"Gremlin Nob","floor":8.0,"turns":3.0},{"damage":23.0,"enemies":"Lagavulin","floor":10.0,"turns":7.0},{"damage":0.0,"enemies":"Blue Slaver","floor":14.0,"turns":1.0},{"damage":8.0,"enemies":"Slime Boss","floor":16.0,"turns":7.0},{"damage":8.0,"enemies":"3 Byrds","floor":18.0,"turns":3.0},{"damage":1.0,"enemies":"Spheric Guardian","floor":20.0,"turns":3.0},{"damage":15.0,"enemies":"Snecko","floor":21.0,"turns":4.0},{"damage":10.0,"enemies":"Centurion and Healer","floor":23.0,"turns":4.0},{"damage":13.0,"enemies":"Cultist and Chosen","floor":25.0,"turns":5.0},{"damage":19.0,"enemies":"Snake Plant","floor":28.0,"turns":2.0},{"damage":0,"enemies":"Snecko","floor":31,"turns":3},{"damage":42,"enemies":"Champ","floor":33,"turns":8},{"damage":41,"enemies":"3 Shapes","floor":35,"turns":5},{"damage":10,"enemies":"3 Darklings","floor":37,"turns":4},{"damage":20,"enemies":"Transient","floor":38,"turns":6},{"damage":25,"enemies":"Nemesis","floor":40,"turns":5},{"damage":16,"enemies":"2 Orb Walkers","floor":44,"turns":3},{"damage":74,"enemies":"Giant Head","floor":45,"turns":8},{"damage":68,"enemies":"Reptomancer","floor":47,"turns":4},{"damage":29,"enemies":"4 Shapes","floor":48,"turns":7},{"damage":44,"enemies":"Time Eater","floor":50,"turns":8},{"damage":58,"enemies":"Donu and Deca","floor":51,"turns":7},{"damage":91,"enemies":"Shield and Spear","floor":55,"turns":3}],"seed_played":"247065479228040291","potions_obtained":[{"floor":2.0,"key":"Explosive Potion"},{"floor":7.0,"key":"Explosive Potion"},{"floor":10.0,"key":"Block Potion"},{"floor":21.0,"key":"FairyPotion"},{"floor":23.0,"key":"EssenceOfSteel"},{"floor":33,"key":"PowerPotion"},{"floor":37,"key":"Poison Potion"},{"floor":38,"key":"SkillPotion"},{"floor":47,"key":"LiquidBronze"}],"is_trial":false,"path_per_floor":["M","M","M","T","M","E","M","E","T","E","?","R","?","M","R","B",null,"M","?","M","M","?","M","R","M","T","R","M","R","$","M","R","B",null,"M","?","M","M","?","E","R","?","T","?","E","?","E","M","R","B","B",null,"R","$","E"],"character_chosen":"IRONCLAD","items_purchased":["Inflame+1","Pummel"],"campfire_rested":0,"item_purchase_floors":[30,30],"current_hp_per_floor":[74,75,75,75,64,30,36,36,36,19,37,37,37,43,43,41,67,65,65,70,61,61,75,75,68,68,68,55,55,55,61,61,75,75,62,62,75,75,75,56,56,56,56,65,46,46,48,52,52,55,71,71,71,71,0],"gold":0,"neow_bonus":"THREE_ENEMY_KILL","is_prod":false,"is_daily":false,"chose_seed":false,"campfire_upgraded":2,"win_rate":0,"timestamp":1544561223,"path_taken":["M","M","M","?","?","E","M","E","T","E","?","R","?","M","R","BOSS","M","?","?","M","?","M","R","M","T","R","M","R","$","M","R","BOSS","M","?","M","M","?","E","R","?","T","?","E","?","E","M","R","BOSS","BOSS","R","$","E"],"build_version":"2018-12-10","purchased_purges":1,"victory":false,"max_hp_per_floor":[75,75,75,75,75,75,75,75,75,75,75,75,75,75,75,75,75,75,75,75,75,75,75,75,75,75,75,75,75,75,75,75,75,75,75,75,75,75,75,75,75,71,71,71,71,71,71,71,71,71,71,71,71,71,71],"card_choices":[{"not_picked":["Warcry","True Grit"],"picked":"Uppercut","floor":1.0},{"not_picked":["Headbutt","Warcry"],"picked":"Battle Trance","floor":2.0},{"not_picked":["Pommel Strike","Thunderclap"],"picked":"Headbutt","floor":3.0},{"not_picked":["Havoc","Pommel Strike"],"picked":"Fiend Fire","floor":5.0},{"not_picked":["Limit Break","Intimidate"],"picked":"Whirlwind","floor":6.0},{"not_picked":["Warcry","Flex"],"picked":"Pommel Strike","floor":7.0},{"not_picked":["Shrug It Off","Flex"],"picked":"Flame Barrier","floor":8.0},{"not_picked":["Wild Strike","Flex","Pommel Strike"],"picked":"SKIP","floor":10.0},{"not_picked":["Battle Trance","Warcry"],"picked":"Impervious","floor":14.0},{"not_picked":["Dark Embrace+1","Brutality+1"],"picked":"Reaper","floor":16.0},{"not_picked":["Sword Boomerang","Twin Strike"],"picked":"Battle Trance+1","floor":18.0},{"not_picked":["Twin Strike+1","Heavy Blade","Clothesline"],"picked":"SKIP","floor":20.0},{"not_picked":["Anger","Sword Boomerang"],"picked":"True Grit","floor":21.0},{"not_picked":["Pommel Strike","Anger","Wild Strike"],"picked":"SKIP","floor":23.0},{"not_picked":["Thunderclap","Searing Blow","Perfected Strike"],"picked":"SKIP","floor":25.0},{"not_picked":["Reckless Charge","Thunderclap+1","Body Slam"],"picked":"SKIP","floor":28.0},{"not_picked":["Pummel","Sword Boomerang"],"picked":"Demon Form+1","floor":31},{"not_picked":["Berserk+1","Dark Embrace+1"],"picked":"Reaper","floor":33},{"not_picked":["Perfected Strike","Headbutt","Wild Strike"],"picked":"SKIP","floor":35},{"not_picked":["Anger","Carnage"],"picked":"Shrug It Off","floor":37},{"not_picked":["Rampage","Rupture+1"],"picked":"Shrug It Off","floor":38},{"not_picked":["Anger+1","Wild Strike+1"],"picked":"Sword Boomerang","floor":40},{"not_picked":["Rupture+1","Heavy Blade","Bludgeon"],"picked":"SKIP","floor":45},{"not_picked":["Flex","Anger","Clash"],"picked":"SKIP","floor":47},{"not_picked":["True Grit","Ghostly Armor"],"picked":"Feel No Pain+1","floor":48}],"player_experience":1202646,"relics_obtained":[{"floor":4.0,"key":"Shovel"},{"floor":6.0,"key":"Frozen Egg 2"},{"floor":8.0,"key":"Smiling Mask"},{"floor":9.0,"key":"Sundial"},{"floor":10.0,"key":"Bronze Scales"},{"floor":24.0,"key":"Peace Pipe"},{"floor":26.0,"key":"Mummified Hand"},{"floor":27.0,"key":"StoneCalendar"},{"floor":29.0,"key":"Meat on the Bone"},{"floor":32,"key":"Pantograph"},{"floor":40,"key":"Juzu Bracelet"},{"floor":44,"key":"Thread and Needle"},{"floor":45,"key":"Centennial Puzzle"},{"floor":47,"key":"Red Skull"}],"event_choices":[{"damage_healed":18.0,"max_hp_gain":0.0,"max_hp_loss":0.0,"gold_gain":0.0,"event_name":"The Cleric","player_choice":"Healed","floor":11.0,"gold_loss":35.0,"damage_taken":0.0},{"damage_healed":0.0,"max_hp_gain":0.0,"max_hp_loss":0.0,"gold_gain":0.0,"event_name":"Living Wall","player_choice":"Grow","floor":13.0,"gold_loss":0.0,"damage_taken":0.0,"cards_upgraded":["Fiend Fire"]},{"damage_healed":0.0,"max_hp_gain":0.0,"max_hp_loss":0.0,"gold_gain":0.0,"event_name":"Designer","player_choice":"Upgrade","floor":19.0,"gold_loss":50.0,"damage_taken":0.0,"cards_upgraded":["Flame Barrier"]},{"damage_healed":0.0,"max_hp_gain":0.0,"max_hp_loss":0.0,"gold_gain":0.0,"event_name":"The Library","player_choice":"Read","floor":22.0,"gold_loss":0.0,"damage_taken":0.0,"cards_obtained":["Demon Form"]},{"damage_healed":0,"gold_gain":0,"player_choice":"Paid","damage_taken":0,"relics_obtained":["Red Mask"],"max_hp_gain":0,"max_hp_loss":0,"event_name":"Tomb of Lord Red Mask","floor":36,"gold_loss":96},{"cards_removed":["Shrug It Off"],"damage_healed":0,"gold_gain":0,"player_choice":"Removed Skill","damage_taken":0,"max_hp_gain":0,"max_hp_loss":0,"event_name":"Falling","floor":39,"gold_loss":0},{"damage_healed":0,"gold_gain":0,"player_choice":"Max HP","damage_taken":0,"max_hp_gain":0,"max_hp_loss":4,"event_name":"Winding Halls","floor":42,"gold_loss":0},{"damage_healed":0,"gold_gain":0,"player_choice":"Fight","damage_taken":0,"max_hp_gain":0,"max_hp_loss":0,"event_name":"Mysterious Sphere","floor":44,"gold_loss":0},{"damage_healed":0,"gold_gain":0,"player_choice":"Memory 1","damage_taken":0,"max_hp_gain":0,"max_hp_loss":0,"event_name":"SensoryStone","floor":46,"gold_loss":0}],"is_beta":true,"boss_relics":[{"not_picked":["Astrolabe","Tiny House"],"picked":"Ectoplasm"},{"not_picked":["Black Star","Empty Cage"],"picked":"Velvet Choker"}],"items_purged_floors":[30],"is_endless":false,"potions_floor_spawned":[2,7,8,10,16,21,23,28,33,37,38,47,48],"killed_by":"Shield and Spear","ascension_level":20}