{"gold_per_floor":[119,138,151,171,11,45,65,65,111,111,134,134,165,189,189,319,319,338,228,248,266,281,281,314,314,361,361,381,421,421,439,439,570,570,594,87,87,107,57,95,159,159,212,212,253,267,2,17,17,17],"floor_reached":51,"playtime":2505,"items_purged":["Strike_R","Strike_R","Strike_R","Clumsy"],"score":959,"play_id":"b4ac29c4-6a06-48ab-ae8e-a866ea363313","local_time":"20181030212619","is_ascension_mode":false,"campfire_choices":[{"data":"Corruption","floor":10.0,"key":"SMITH"},{"data":"Hemokinesis","floor":12.0,"key":"SMITH"},{"data":"Shockwave","floor":15.0,"key":"SMITH"},{"data":"Double Tap","floor":23.0,"key":"SMITH"},{"data":"Feel No Pain","floor":25.0,"key":"SMITH"},{"data":"Bash","floor":27.0,"key":"SMITH"},{"data":"Shrug It Off","floor":32.0,"key":"SMITH"},{"data":"Demon Form","floor":42,"key":"SMITH"},{"data":"Carnage","floor":44,"key":"SMITH"},{"data":"Feel No Pain","floor":49,"key":"SMITH"}],"neow_cost":"NONE","seed_source_timestamp":747704147460617,"circlet_count":0,"master_deck":["Strike_R","Strike_R","Defend_R","Defend_R","Defend_R","Defend_R","Bash+1","Double Tap+1","Shrug It Off+1","Feel No Pain+1","Feed","Shockwave+1","Feed","Corruption+1","Hemokinesis+1","Carnage+1","Spot Weakness+1","Impervious+1","Flame Barrier+1","Shrug It Off+1","Pommel Strike+1","Seeing Red+1","Headbutt+1","True Grit+1","Heavy Blade+1","Demon Form+1","Disarm+1","Sword Boomerang+1","True Grit+1","Heavy Blade+1","True Grit+1","Limit Break+1","Feel No Pain+1","Shockwave+1","Exhume+1"],"special_seed":0,"relics":["Burning Blood","Pear","Golden Idol","Orichalcum","Toxic Egg 2","Cursed Key","Smiling Mask","Juzu Bracelet","Molten Egg 2","Coffee Dripper","Omamori","Self Forming Clay","Letter Opener","Incense Burner","Bronze Scales","Centennial Puzzle"],"potions_floor_usage":[45,46,50,50],"damage_taken":[{"damage":6.0,"enemies":"Jaw Worm","floor":1.0,"turns":5.0},{"damage":2.0,"enemies":"Small Slimes","floor":2.0,"turns":4.0},{"damage":1.0,"enemies":"Cultist","floor":3.0,"turns":3.0},{"damage":21.0,"enemies":"Exordium Thugs","floor":4.0,"turns":8.0},{"damage":25.0,"enemies":"Gremlin Nob","floor":6.0,"turns":4.0},{"damage":20.0,"enemies":"Red Slaver","floor":7.0,"turns":6.0},{"damage":9.0,"enemies":"Large Slime","floor":11.0,"turns":6.0},{"damage":6.0,"enemies":"Lagavulin","floor":13.0,"turns":6.0},{"damage":0.0,"enemies":"3 Louse","floor":14.0,"turns":5.0},{"damage":31.0,"enemies":"The Guardian","floor":16.0,"turns":9.0},{"damage":32.0,"enemies":"Spheric Guardian","floor":18.0,"turns":6.0},{"damage":2.0,"enemies":"Chosen","floor":20.0,"turns":4.0},{"damage":12.0,"enemies":"Snake Plant","floor":21.0,"turns":5.0},{"damage":3.0,"enemies":"Centurion and Healer","floor":22.0,"turns":5.0},{"damage":17.0,"enemies":"Gremlin Leader","floor":24.0,"turns":6.0},{"damage":11.0,"enemies":"Cultist and Chosen","floor":28.0,"turns":9.0},{"damage":2.0,"enemies":"Slavers","floor":29.0,"turns":5.0},{"damage":2.0,"enemies":"Snecko","floor":31.0,"turns":6.0},{"damage":18.0,"enemies":"Champ","floor":33.0,"turns":14.0},{"damage":5.0,"enemies":"3 Shapes","floor":35.0,"turns":6.0},{"damage":26.0,"enemies":"3 Darklings","floor":38.0,"turns":6.0},{"damage":17.0,"enemies":"Reptomancer","floor":40.0,"turns":9.0},{"damage":44,"enemies":"2 Orb Walkers","floor":41,"turns":6},{"damage":3,"enemies":"Nemesis","floor":45,"turns":7},{"damage":23,"enemies":"Spire Growth","floor":46,"turns":4},{"damage":10,"enemies":"Writhing Mass","floor":48,"turns":5},{"damage":0,"enemies":"Awakened One","floor":50,"turns":9}],"seed_played":"-2794147412989377360","potions_obtained":[{"floor":2.0,"key":"Ancient Potion"},{"floor":6.0,"key":"AttackPotion"},{"floor":13.0,"key":"PowerPotion"},{"floor":28.0,"key":"SpeedPotion"},{"floor":29.0,"key":"Swift Potion"},{"floor":35.0,"key":"Block Potion"},{"floor":41,"key":"Block Potion"},{"floor":45,"key":"SpeedPotion"},{"floor":46,"key":"LiquidBronze"}],"is_trial":false,"path_per_floor":["M","M","M","M","$","E","M","?","T","R","M","R","E","M","R","B",null,"M","$","M","M","M","R","E","R","T","R","M","E","?","M","R","B",null,"M","$","?","M","$","E","?","R","T","R","E","M","$","M","R","B"],"character_chosen":"IRONCLAD","items_purchased":["Feed","Flame Barrier+1","Sword Boomerang+1","Omamori","Self Forming Clay","Limit Break+1","Feel No Pain","Shockwave+1"],"campfire_rested":0,"item_purchase_floors":[5,19,36,36,36,47,47,47],"current_hp_per_floor":[80,80,80,65,65,56,42,42,42,42,45,45,48,60,60,38,101,78,78,85,79,88,88,77,77,77,77,78,88,88,95,95,83,128,134,134,134,117,117,109,71,71,71,71,74,60,60,56,56,62],"gold":17,"neow_bonus":"ONE_RANDOM_RARE_CARD","is_prod":false,"is_daily":false,"chose_seed":false,"campfire_upgraded":10,"win_rate":0,"timestamp":1540949179,"path_taken":["M","M","M","M","$","E","M","?","T","R","?","R","E","M","R","BOSS","M","$","M","M","M","R","E","R","T","R","M","E","?","M","R","BOSS","M","$","?","M","$","E","?","R","T","R","E","M","$","M","R","BOSS"],"build_version":"2018-10-29v2","purchased_purges":4,"victory":true,"max_hp_per_floor":[80,80,80,80,80,90,90,83,83,83,89,89,92,98,98,101,101,104,104,107,107,113,113,113,113,113,113,119,125,125,128,128,128,128,134,134,134,137,137,140,140,140,140,140,140,143,143,143,143,143],"card_choices":[{"not_picked":["Thunderclap","Twin Strike"],"picked":"Shrug It Off","floor":1.0},{"not_picked":["Cleave","Power Through"],"picked":"Feel No Pain","floor":2.0},{"not_picked":["Fire Breathing","Clash"],"picked":"Feed","floor":3.0},{"not_picked":["Perfected Strike","Combust"],"picked":"Shockwave","floor":4.0},{"not_picked":["Dual Wield","Body Slam"],"picked":"Corruption","floor":6.0},{"not_picked":["Burning Pact","Cleave"],"picked":"Hemokinesis","floor":7.0},{"not_picked":["Juggernaut","Thunderclap"],"picked":"Carnage","floor":11.0},{"not_picked":["Pommel Strike","Carnage"],"picked":"Spot Weakness","floor":13.0},{"not_picked":["Fire Breathing","Reckless Charge","Carnage"],"picked":"SKIP","floor":14.0},{"not_picked":["Berserk","Bludgeon"],"picked":"Impervious+1","floor":16.0},{"not_picked":["Second Wind+1","Evolve","Headbutt"],"picked":"SKIP","floor":18.0},{"not_picked":["Pummel","Clash"],"picked":"Shrug It Off+1","floor":20.0},{"not_picked":["Wild Strike","Headbutt"],"picked":"Pommel Strike+1","floor":21.0},{"not_picked":["Twin Strike+1","Berserk"],"picked":"Seeing Red+1","floor":22.0},{"not_picked":["Iron Wave","Perfected Strike","Armaments+1"],"picked":"SKIP","floor":24.0},{"not_picked":["Anger+1","Warcry+1"],"picked":"Headbutt+1","floor":28.0},{"not_picked":["Metallicize","Flex+1"],"picked":"True Grit+1","floor":29.0},{"not_picked":["Rage+1","Anger+1"],"picked":"Heavy Blade+1","floor":31.0},{"not_picked":["Exhume+1","Fiend Fire+1"],"picked":"Demon Form","floor":33.0},{"not_picked":["Twin Strike+1","Combust"],"picked":"Disarm+1","floor":35.0},{"not_picked":["Wild Strike+1","Perfected Strike+1"],"picked":"True Grit+1","floor":38.0},{"not_picked":["Warcry+1","Power Through+1","Wild Strike+1"],"picked":"SKIP","floor":40.0},{"not_picked":["Evolve+1","Thunderclap+1"],"picked":"Heavy Blade+1","floor":41},{"not_picked":["Corruption","Berserk","Searing Blow+1"],"picked":"SKIP","floor":45},{"not_picked":["Twin Strike+1","Armaments+1"],"picked":"True Grit+1","floor":46},{"not_picked":["Rupture+1","Havoc+1"],"picked":"Exhume+1","floor":48}],"player_experience":1110960,"relics_obtained":[{"floor":6.0,"key":"Pear"},{"floor":9.0,"key":"Orichalcum"},{"floor":13.0,"key":"Toxic Egg 2"},{"floor":24.0,"key":"Smiling Mask"},{"floor":26.0,"key":"Juzu Bracelet"},{"floor":29.0,"key":"Molten Egg 2"},{"floor":40.0,"key":"Letter Opener"},{"floor":41,"key":"Incense Burner"},{"floor":43,"key":"Bronze Scales"},{"floor":45,"key":"Centennial Puzzle"}],"event_choices":[{"damage_healed":0.0,"max_hp_gain":0.0,"max_hp_loss":7.0,"gold_gain":0.0,"event_name":"Golden Idol","player_choice":"Lose Max HP","floor":8.0,"gold_loss":0.0,"damage_taken":0.0,"relics_obtained":["Golden Idol"]},{"damage_healed":0.0,"max_hp_gain":0.0,"max_hp_loss":0.0,"gold_gain":0.0,"event_name":"NoteForYourself","player_choice":"Ignored","floor":30.0,"gold_loss":0.0,"damage_taken":0.0},{"damage_healed":0.0,"max_hp_gain":0.0,"max_hp_loss":0.0,"gold_gain":0.0,"event_name":"SecretPortal","player_choice":"Ignored","floor":37.0,"gold_loss":0.0,"damage_taken":0.0},{"damage_healed":0,"gold_gain":0,"player_choice":"Fight","damage_taken":0,"max_hp_gain":0,"max_hp_loss":0,"event_name":"Mysterious Sphere","floor":41,"gold_loss":0}],"is_beta":true,"boss_relics":[{"not_picked":["Mark of Pain","White Beast Statue"],"picked":"Cursed Key"},{"not_picked":["Empty Cage","Runic Cube"],"picked":"Coffee Dripper"}],"items_purged_floors":[19,36,39,47],"is_endless":false,"potions_floor_spawned":[2,6,13,14,18,28,29,31,35,41,45,46],"ascension_level":0}