{"gold_per_floor":[114,114,114,114,128,128,4,4,4,20,32,51,114,24,24,125,175,194,194],"floor_reached":19,"playtime":2386,"items_purged":["Regret"],"score":278,"play_id":"50f24666-d04b-4092-a598-197de23c0139","local_time":"20180908015339","is_ascension_mode":true,"campfire_choices":[{"floor":6.0,"key":"REST"},{"data":"Cloak And Dagger","floor":8.0,"key":"SMITH"},{"data":"Cloak And Dagger","floor":15.0,"key":"SMITH"}],"neow_cost":"NONE","seed_source_timestamp":0,"circlet_count":0,"master_deck":["Defend_G","Defend_G","Defend_G","Defend_G","Defend_G","Strike_G","Strike_G","Strike_G+1","Strike_G","Strike_G+1","Survivor","Neutralize","Dash+1","Cloak And Dagger+1","Die Die Die","Dodge and Roll","Storm of Steel","Accuracy","Cloak And Dagger+1","Burst","Cloak And Dagger"],"special_seed":0,"relics":["Ring of the Snake","NeowsBlessing","Art of War","PreservedInsect","Orichalcum","Tiny Chest","Tiny House"],"potions_floor_usage":[],"damage_taken":[{"damage":0.0,"enemies":"Jaw Worm","floor":1.0,"turns":1.0},{"damage":0.0,"enemies":"2 Louse","floor":5.0,"turns":1.0},{"damage":0.0,"enemies":"Cultist","floor":10.0,"turns":1.0},{"damage":2.0,"enemies":"3 Louse","floor":11.0,"turns":3.0},{"damage":0.0,"enemies":"Blue Slaver","floor":12.0,"turns":3.0},{"damage":0.0,"enemies":"3 Sentries","floor":13.0,"turns":1.0},{"damage":30.0,"enemies":"The Guardian","floor":16.0,"turns":14.0},{"damage":0.0,"enemies":"3 Byrds","floor":18.0,"turns":6.0},{"damage":0,"enemies":"Colosseum Slavers","floor":19,"turns":1}],"seed_played":"-1139841031729297830","potions_obtained":[{"floor":10.0,"key":"SkillPotion"},{"floor":11.0,"key":"Explosive Potion"},{"floor":12.0,"key":"AttackPotion"},{"floor":13.0,"key":"Weak Potion"},{"floor":16.0,"key":"Swift Potion"},{"floor":17.0,"key":"Energy Potion"}],"is_trial":false,"path_per_floor":["M","?","?","?","M","R","$","R","T","M","M","M","E","$","R","B",null,"M"],"character_chosen":"THE_SILENT","items_purchased":["AttackPotion","Accuracy","Cloak And Dagger"],"campfire_rested":1,"item_purchase_floors":[7,14,14],"current_hp_per_floor":[63,63,56,42,42,63,63,63,63,63,61,61,61,61,61,31,65,65,65],"gold":194,"neow_bonus":"THREE_ENEMY_KILL","is_prod":false,"is_daily":false,"chose_seed":false,"campfire_upgraded":2,"win_rate":0,"timestamp":1536364419,"path_taken":["M","?","?","?","?","R","$","R","T","M","M","M","E","$","R","BOSS","M","?"],"build_version":"2018-09-06","purchased_purges":1,"victory":false,"max_hp_per_floor":[70,70,70,70,70,70,70,70,70,70,70,70,70,70,70,70,75,75,75],"card_choices":[{"not_picked":["Quick Slash","Acrobatics"],"picked":"Dash","floor":1.0},{"not_picked":["Dash","Underhanded Strike"],"picked":"Cloak And Dagger","floor":5.0},{"not_picked":["Quick Slash","Dagger Spray"],"picked":"Die Die Die","floor":10.0},{"not_picked":["Deflect","Bane"],"picked":"Dodge and Roll","floor":11.0},{"not_picked":["PiercingWail","Bane"],"picked":"Storm of Steel","floor":12.0},{"not_picked":["Dagger Spray","All Out Attack","Sucker Punch"],"picked":"SKIP","floor":13.0},{"not_picked":["Malaise","Tools of the Trade"],"picked":"Burst","floor":16.0},{"not_picked":["Quick Slash","PiercingWail"],"picked":"Cloak And Dagger","floor":17.0},{"not_picked":["Flying Knee","Dagger Throw","Underhanded Strike+1"],"picked":"SKIP","floor":18.0}],"player_experience":974416,"relics_obtained":[{"floor":9.0,"key":"Orichalcum"},{"floor":13.0,"key":"Tiny Chest"}],"event_choices":[{"event_name":"Big Fish","player_choice":"Box","floor":2.0,"damage_taken":0.0},{"event_name":"Scrap Ooze","player_choice":"success","floor":3.0,"damage_taken":7.0},{"event_name":"Shining Light","player_choice":"Entered Light","floor":4.0,"damage_taken":0.0},{"event_name":"Colosseum","player_choice":"Fight","floor":19,"damage_taken":0}],"is_beta":false,"boss_relics":[{"not_picked":["Sozu","Velvet Choker"],"picked":"Tiny House"}],"items_purged_floors":[7],"is_endless":false,"potions_floor_spawned":[10,11,12,13,16],"killed_by":"Colosseum Slavers","ascension_level":9}