{"gold_per_floor":[118,136,153,163,163,163,192,205,274,274,289,302,82,109,109,109],"floor_reached":16,"playtime":1133,"items_purged":[],"score":228,"play_id":"f962e985-b81d-40ec-9c37-6c3c3cdc80aa","local_time":"20181026224718","is_ascension_mode":true,"campfire_choices":[{"data":"Zap","floor":6,"key":"SMITH"},{"floor":10,"key":"REST"},{"data":"Go for the Eyes","floor":15,"key":"SMITH"}],"neow_cost":"NONE","seed_source_timestamp":568782923866124,"circlet_count":0,"master_deck":["Strike_B","Strike_B","Strike_B","Strike_B","Defend_B","Defend_B","Defend_B","Defend_B","Zap+1","Dualcast","AscendersBane","Sweeping Beam","Tempest","Coolheaded","Compile Driver","Doom and Gloom","Ball Lightning","Ball Lightning","Steam","Electrodynamics","Go for the Eyes+1","Chill"],"relics":["Cracked Core","Unceasing Top","Darkstone Periapt","Bird Faced Urn"],"potions_floor_usage":[7,12,16,16],"damage_taken":[{"damage":9,"enemies":"Jaw Worm","floor":1,"turns":4},{"damage":3,"enemies":"Small Slimes","floor":2,"turns":3},{"damage":1,"enemies":"2 Louse","floor":3,"turns":3},{"damage":0,"enemies":"2 Fungi Beasts","floor":4,"turns":4},{"damage":27,"enemies":"Gremlin Nob","floor":7,"turns":4},{"damage":0,"enemies":"Exordium Wildlife","floor":8,"turns":2},{"damage":0,"enemies":"Large Slime","floor":11,"turns":3},{"damage":0,"enemies":"Lots of Slimes","floor":12,"turns":2},{"damage":15,"enemies":"3 Sentries","floor":14,"turns":3},{"damage":35,"enemies":"Hexaghost","floor":16,"turns":9}],"seed_played":"-6992924985787552971","potions_obtained":[{"floor":0,"key":"Strength Potion"},{"floor":0,"key":"EssenceOfSteel"},{"floor":7,"key":"SkillPotion"},{"floor":8,"key":"PowerPotion"},{"floor":14,"key":"Dexterity Potion"}],"is_trial":false,"path_per_floor":["M","M","M","M","?","R","E","M","T","R","M","M","$","E","R"],"character_chosen":"DEFECT","items_purchased":["Electrodynamics","Go for the Eyes"],"campfire_rested":1,"item_purchase_floors":[13,13],"current_hp_per_floor":[55,52,51,51,51,51,24,24,24,45,45,45,45,30,30,0],"gold":109,"neow_bonus":"THREE_SMALL_POTIONS","is_prod":false,"is_daily":false,"chose_seed":false,"campfire_upgraded":2,"win_rate":0,"timestamp":1540608438,"path_taken":["M","M","M","M","?","R","E","M","T","R","M","M","$","E","R","BOSS"],"build_version":"2018-10-25v2","purchased_purges":0,"victory":false,"max_hp_per_floor":[71,71,71,71,71,71,71,71,71,71,71,71,71,71,71,71],"card_choices":[{"not_picked":["Streamline","Leap"],"picked":"Sweeping Beam","floor":1},{"not_picked":["Hologram","Redo"],"picked":"Tempest","floor":2},{"not_picked":["Sweeping Beam","Conserve Battery"],"picked":"Coolheaded","floor":3},{"not_picked":["Tempest","Turbo"],"picked":"Compile Driver","floor":4},{"not_picked":["Fusion","Redo"],"picked":"Doom and Gloom","floor":7},{"not_picked":["Fission","Stack"],"picked":"Ball Lightning","floor":8},{"not_picked":["Turbo","Beam Cell"],"picked":"Ball Lightning","floor":11},{"not_picked":["Turbo","Force Field"],"picked":"Steam","floor":12},{"not_picked":["Doom and Gloom","Coolheaded"],"picked":"Chill","floor":14}],"player_experience":1077289,"relics_obtained":[{"floor":7,"key":"Unceasing Top"},{"floor":9,"key":"Darkstone Periapt"},{"floor":14,"key":"Bird Faced Urn"}],"event_choices":[{"damage_healed":0,"gold_gain":0,"player_choice":"Ignored","damage_taken":0,"max_hp_gain":0,"max_hp_loss":0,"event_name":"Golden Wing","floor":5,"gold_loss":0}],"is_beta":false,"boss_relics":[],"items_purged_floors":[],"is_endless":false,"potions_floor_spawned":[7,8,14],"killed_by":"Hexaghost","ascension_level":20}