{"gold_per_floor":[13,13,28,46,46,377,377,409,421,460,111,286,286,15,15,112,112,130,146,146,160,8,8,20,20,20,39,39,56,0,0,0,0],"floor_reached":33,"playtime":1119,"items_purged":["Regret","Doubt"],"score":418,"play_id":"e88e0a09-4d1c-45e7-8570-0077949520ee","local_time":"20180820111228","is_ascension_mode":true,"campfire_choices":[{"floor":7,"key":"REST"},{"floor":13,"key":"REST"},{"data":"1","floor":15,"key":"LIFT"},{"floor":23,"key":"REST"},{"data":"2","floor":25,"key":"LIFT"},{"floor":32,"key":"REST"}],"neow_cost":"NO_GOLD","seed_source_timestamp":482099272475028,"circlet_count":0,"master_deck":["Strike_R","Strike_R+1","Strike_R","Defend_R","Defend_R","Defend_R","Bash","Demon Form","Dark Embrace","Armaments","Shrug It Off","Pommel Strike+1","Shockwave","True Grit","Twin Strike+1","Heavy Blade+1","Limit Break","Impatience","Cleave+1","Offering","Dropkick+1","Infernal Blade+1","Battle Trance","Uppercut+1","Iron Wave+1"],"special_seed":0,"relics":["Burning Blood","CultistMask","Lantern","Old Coin","MawBank","Molten Egg 2","Girya","Runic Dome","Potion Belt","Whetstone"],"potions_floor_usage":[4,10,16,16,24,27],"damage_taken":[{"damage":3.0,"enemies":"2 Louse","floor":1.0,"turns":4.0},{"damage":1.0,"enemies":"Cultist","floor":3.0,"turns":3.0},{"damage":7,"enemies":"Jaw Worm","floor":4,"turns":5},{"damage":52,"enemies":"3 Sentries","floor":6,"turns":9},{"damage":37,"enemies":"Gremlin Nob","floor":8,"turns":5},{"damage":30,"enemies":"Lagavulin","floor":10,"turns":8},{"damage":29,"enemies":"The Guardian","floor":16,"turns":9},{"damage":22,"enemies":"Spheric Guardian","floor":18,"turns":4},{"damage":18,"enemies":"3 Byrds","floor":19,"turns":5},{"damage":15,"enemies":"Centurion and Healer","floor":21,"turns":4},{"damage":32,"enemies":"Chosen and Byrds","floor":24,"turns":5},{"damage":22,"enemies":"Snake Plant","floor":27,"turns":4},{"damage":9,"enemies":"Centurion and Healer","floor":29,"turns":4},{"damage":37,"enemies":"Automaton","floor":33,"turns":4}],"seed_played":"8896554351213765966","potions_obtained":[{"floor":1.0,"key":"GamblersBrew"},{"floor":8,"key":"Regen Potion"},{"floor":16,"key":"EssenceOfSteel"},{"floor":19,"key":"FairyPotion"},{"floor":21,"key":"AttackPotion"},{"floor":29,"key":"FearPotion"}],"is_trial":false,"path_per_floor":["M","?","M","M","?","E","R","E","T","E","$","?","R","$","R","B",null,"M","M","?","M","$","R","M","R","T","M","?","M","?","?","R"],"character_chosen":"IRONCLAD","items_purchased":["Heavy Blade+1","Limit Break","Impatience","Cleave+1","Strength Potion","BloodPotion","Potion Belt"],"campfire_rested":4,"item_purchase_floors":[11,11,11,14,14,14,22],"current_hp_per_floor":[75,75,80,79,79,33,57,26,26,17,17,17,41,41,41,26,67,51,39,39,30,30,54,28,28,28,12,12,9,9,8,33,0],"gold":0,"neow_bonus":"TRANSFORM_TWO_CARDS","is_prod":false,"is_daily":false,"chose_seed":false,"campfire_upgraded":0,"win_rate":0,"timestamp":1534756348,"path_taken":["M","?","M","M","?","E","R","E","T","E","$","?","R","?","R","BOSS","M","M","?","M","?","R","M","R","T","M","?","?","?","?","R","BOSS"],"build_version":"2018-08-16","purchased_purges":2,"victory":false,"max_hp_per_floor":[80,80,80,80,80,80,80,80,80,80,80,80,80,80,80,80,80,80,80,80,80,80,80,80,80,80,80,80,80,80,85,85,85],"card_choices":[{"not_picked":["Rupture","Perfected Strike"],"picked":"Armaments","floor":1.0},{"not_picked":["Entrench","Cleave"],"picked":"Shrug It Off","floor":3.0},{"not_picked":["Iron Wave","Havoc"],"picked":"Pommel Strike","floor":4},{"not_picked":["Anger","Twin Strike"],"picked":"Shockwave","floor":6},{"not_picked":["Iron Wave","Perfected Strike"],"picked":"True Grit","floor":8},{"not_picked":["Infernal Blade","Carnage+1"],"picked":"Twin Strike+1","floor":10},{"not_picked":["Exhume","Dark Embrace"],"picked":"Offering","floor":16},{"not_picked":["Thunderclap+1","Wild Strike+1"],"picked":"Dropkick+1","floor":18},{"not_picked":["Anger+1","Carnage+1","Spot Weakness"],"picked":"SKIP","floor":19},{"not_picked":["Body Slam+1","Rampage+1"],"picked":"Infernal Blade+1","floor":21},{"not_picked":["Body Slam+1","Shockwave"],"picked":"Battle Trance","floor":24},{"not_picked":["Disarm","Armaments"],"picked":"Uppercut+1","floor":27},{"not_picked":["Shockwave","Heavy Blade+1"],"picked":"Iron Wave+1","floor":29}],"player_experience":902605,"relics_obtained":[{"floor":6,"key":"Old Coin"},{"floor":8,"key":"MawBank"},{"floor":9,"key":"Molten Egg 2"},{"floor":10,"key":"Girya"},{"floor":26,"key":"Whetstone"}],"event_choices":[{"event_name":"FaceTrader","player_choice":"Trade","floor":2.0,"damage_taken":0.0},{"event_name":"Big Fish","player_choice":"Box","floor":5,"damage_taken":0},{"event_name":"Liars Game","player_choice":"agreed","floor":12,"damage_taken":0},{"event_name":"Wheel of Change","player_choice":"Card Removal","floor":20,"damage_taken":0},{"event_name":"Drug Dealer","player_choice":"Ignored","floor":28,"damage_taken":0},{"event_name":"Masked Bandits","player_choice":"Paid Fearfully","floor":30,"damage_taken":0},{"event_name":"Forgotten Altar","player_choice":"Shed Blood","floor":31,"damage_taken":0}],"is_beta":false,"boss_relics":[{"not_picked":["Tiny House","Runic Pyramid"],"picked":"Runic Dome"}],"items_purged_floors":[11,14],"is_endless":false,"potions_floor_spawned":[1,8,16,19,21,29],"killed_by":"Automaton","ascension_level":9}