{"path_per_floor":["M","?","M","?","?","R","E","$","T","M","T","R","T","M","R","B",null,"M","?","M","M","?","R","M","M","T","M","?","$","M","M","R"],"character_chosen":"IRONCLAD","items_purchased":[],"gold_per_floor":[19,119,135,135,85,85,121,46,46,67,92,92,92,110,110,235,235,254,177,202,223,138,138,153,178,178,193,193,143,154,174,174,174],"floor_reached":33,"campfire_rested":2,"playtime":956,"current_hp_per_floor":[75,75,80,74,74,74,31,31,31,37,37,59,59,64,64,26,80,72,72,74,67,67,67,72,35,35,26,26,26,15,25,55,0],"items_purged":["Strike_R","Strike_R"],"gold":174,"score":324,"play_id":"e106020c-5b9c-4c11-b9e1-2e2d24f68ad7","local_time":"20180510222255","is_prod":false,"is_daily":false,"chose_seed":false,"is_ascension_mode":true,"campfire_upgraded":3,"timestamp":1525983775,"path_taken":["M","?","?","?","?","R","E","?","T","M","?","R","?","M","R","BOSS","M","?","M","M","?","R","M","M","T","?","?","$","M","?","R","BOSS"],"build_version":"2018-05-03","seed_source_timestamp":45188181462201,"purchased_purges":2,"victory":false,"master_deck":["Strike_R","Strike_R","Strike_R","Defend_R","Defend_R","Defend_R","Bash+1","Clash+1","J.A.X.","Whirlwind+1"],"max_hp_per_floor":[80,80,80,74,74,74,74,74,74,76,76,76,76,78,78,80,80,82,82,82,84,84,84,86,88,88,90,90,90,92,94,96,96],"relics":["Burning Blood","Red Skull","Bloody Idol","Calipers","Singing Bowl","Ancient Tea Set","Smiling Mask","Sozu","Art of War","Dream Catcher"],"card_choices":[{"not_picked":["Headbutt","Perfected Strike"],"picked":"Clash","floor":7},{"not_picked":["Infernal Blade","Clothesline"],"picked":"Whirlwind","floor":20}],"player_experience":450545,"potions_floor_usage":[3,16,20],"damage_taken":[{"damage":11,"enemies":"2 Louse","floor":1,"turns":3},{"damage":1,"enemies":"Cultist","floor":3,"turns":3},{"damage":49,"enemies":"3 Sentries","floor":7,"turns":8},{"damage":2,"enemies":"Jaw Worm","floor":10,"turns":3},{"damage":3,"enemies":"Lots of Slimes","floor":14,"turns":4},{"damage":46,"enemies":"The Guardian","floor":16,"turns":8},{"damage":16,"enemies":"Chosen","floor":18,"turns":4},{"damage":4,"enemies":"Spheric Guardian","floor":20,"turns":3},{"damage":15,"enemies":"Chosen and Byrds","floor":21,"turns":4},{"damage":3,"enemies":"3 Cultists","floor":24,"turns":2},{"damage":45,"enemies":"Snecko","floor":25,"turns":5},{"damage":17,"enemies":"Snake Plant","floor":27,"turns":2},{"damage":24,"enemies":"Cultist and Chosen","floor":30,"turns":3},{"damage":3,"enemies":"Centurion and Healer","floor":31,"turns":3},{"damage":65,"enemies":"Collector","floor":33,"turns":5}],"event_choices":[{"event_name":"Golden Shrine","player_choice":"Pray","floor":2,"damage_taken":0},{"event_name":"Golden Idol","player_choice":"Lose Max HP","floor":4,"damage_taken":0},{"event_name":"The Cleric","player_choice":"Card Removal","floor":5,"damage_taken":0},{"event_name":"Drug Dealer","player_choice":"Got JAXXED","floor":19,"damage_taken":0},{"event_name":"Addict","player_choice":"Obtained Relic","floor":22,"damage_taken":0},{"event_name":"Forgotten Altar","player_choice":"Gave Idol","floor":28,"damage_taken":0}],"boss_relics":[{"not_picked":["Philosopher\u0027s Stone","Cursed Key"],"picked":"Sozu"}],"potions_floor_spawned":[1,7,16,20,24,30],"seed_played":"2417032459503678191","killed_by":"Collector","ascension_level":4,"is_trial":false}