{"gold_per_floor":[113,113,113,263,274,305,320,15,15,28,28,28,47,63,63,135,135,150,169,169,179,22,22,39,39],"floor_reached":25,"playtime":755,"items_purged":["Regret","Doubt"],"score":460,"play_id":"30308c4d-635c-4d9b-9788-6eb93c9ed4c9","local_time":"20181211212516","is_ascension_mode":true,"campfire_choices":[{"data":"Leg Sweep","floor":12.0,"key":"SMITH"},{"data":"Caltrops","floor":15.0,"key":"SMITH"},{"floor":23,"key":"REST"}],"neow_cost":"NONE","seed_source_timestamp":349852230960124,"circlet_count":0,"master_deck":["AscendersBane","Defend_G","Defend_G","Defend_G","Defend_G","Defend_G","Strike_G","Strike_G","Strike_G","Strike_G","Strike_G","Survivor","Neutralize","Backstab","Terror","Leg Sweep+1","Deflect","Caltrops+1","Die Die Die","Cloak And Dagger","Die Die Die","Acrobatics","Noxious Fumes","Blur","Cloak And Dagger"],"special_seed":0,"relics":["Ring of the Snake","NeowsBlessing","Mercury Hourglass","Gremlin Horn","Blood Vial","Philosopher\u0027s Stone","Nloth\u0027s Gift"],"potions_floor_usage":[18,25],"damage_taken":[{"damage":0.0,"enemies":"Cultist","floor":1.0,"turns":1.0},{"damage":0.0,"enemies":"Small Slimes","floor":5.0,"turns":1.0},{"damage":0.0,"enemies":"Gremlin Nob","floor":6.0,"turns":1.0},{"damage":0.0,"enemies":"Jaw Worm","floor":7.0,"turns":3.0},{"damage":0.0,"enemies":"Gremlin Gang","floor":10.0,"turns":1.0},{"damage":0.0,"enemies":"2 Fungi Beasts","floor":13.0,"turns":1.0},{"damage":9.0,"enemies":"Red Slaver","floor":14.0,"turns":2.0},{"damage":8.0,"enemies":"The Guardian","floor":16.0,"turns":13.0},{"damage":8,"enemies":"2 Thieves","floor":18,"turns":3},{"damage":19,"enemies":"Shell Parasite","floor":19,"turns":6},{"damage":15,"enemies":"Shelled Parasite and Fungi","floor":21,"turns":8},{"damage":17,"enemies":"Snake Plant","floor":24,"turns":4},{"damage":35,"enemies":"Book of Stabbing","floor":25,"turns":5}],"seed_played":"-8833619049151289597","potions_obtained":[{"floor":1.0,"key":"SkillPotion"},{"floor":5.0,"key":"Fire Potion"},{"floor":14.0,"key":"SpeedPotion"}],"is_trial":false,"path_per_floor":["M","?","?","?","M","E","M","$","T","M","$","R","M","M","R","B",null,"M","M","?","M","$","R","M","E"],"character_chosen":"THE_SILENT","items_purchased":["Caltrops","Die Die Die","Block Potion"],"campfire_rested":1,"item_purchase_floors":[8,8,22],"current_hp_per_floor":[59,59,54,54,54,54,54,54,54,56,56,56,58,51,51,45,61,55,38,38,25,25,44,29,0],"gold":39,"neow_bonus":"THREE_ENEMY_KILL","is_prod":false,"is_daily":false,"chose_seed":false,"campfire_upgraded":2,"win_rate":0,"timestamp":1544581516,"path_taken":["M","?","?","?","M","E","M","$","T","?","$","R","?","M","R","BOSS","M","M","?","?","?","R","M","E"],"build_version":"2018-12-10","purchased_purges":2,"victory":false,"max_hp_per_floor":[66,66,66,66,66,66,66,66,66,66,66,66,66,66,66,66,66,66,66,66,66,66,66,66,66],"card_choices":[{"not_picked":["Backflip","Flechettes"],"picked":"Backstab","floor":1.0},{"not_picked":["Endless Agony","Acrobatics"],"picked":"Terror","floor":5.0},{"not_picked":["Dodge and Roll","PiercingWail"],"picked":"Leg Sweep","floor":6.0},{"not_picked":["Underhanded Strike","PiercingWail"],"picked":"Deflect","floor":7.0},{"not_picked":["Heel Hook","Outmaneuver","Flechettes"],"picked":"SKIP","floor":10.0},{"not_picked":["Sucker Punch","Concentrate","Accuracy"],"picked":"SKIP","floor":13.0},{"not_picked":["Backflip","All Out Attack"],"picked":"Cloak And Dagger","floor":14.0},{"not_picked":["Unload","Phantasmal Killer"],"picked":"Die Die Die","floor":16.0},{"not_picked":["Dagger Spray","All Out Attack"],"picked":"Acrobatics","floor":18},{"not_picked":["Deadly Poison","Outmaneuver"],"picked":"Noxious Fumes","floor":19},{"not_picked":["Backflip","Deflect"],"picked":"Blur","floor":21},{"not_picked":["Storm of Steel","Dagger Spray"],"picked":"Cloak And Dagger","floor":24}],"player_experience":1209393,"relics_obtained":[{"floor":6.0,"key":"Gremlin Horn"},{"floor":9.0,"key":"Blood Vial"}],"event_choices":[{"damage_healed":0.0,"max_hp_gain":0.0,"max_hp_loss":0.0,"gold_gain":0.0,"event_name":"Big Fish","player_choice":"Box","floor":2.0,"gold_loss":0.0,"damage_taken":0.0,"relics_obtained":["Mercury Hourglass"],"cards_obtained":["Regret"]},{"damage_healed":0.0,"max_hp_gain":0.0,"max_hp_loss":0.0,"gold_gain":0.0,"event_name":"Scrap Ooze","player_choice":"Success","floor":3.0,"gold_loss":0.0,"damage_taken":5.0,"relics_obtained":["Boot"]},{"damage_healed":0.0,"max_hp_gain":0.0,"max_hp_loss":0.0,"gold_gain":150.0,"event_name":"Liars Game","player_choice":"AGREE","floor":4.0,"gold_loss":0.0,"damage_taken":0.0,"cards_obtained":["Doubt"]},{"damage_healed":0,"gold_gain":0,"player_choice":"Traded Relic","damage_taken":0,"relics_obtained":["Nloth\u0027s Gift"],"max_hp_gain":0,"max_hp_loss":0,"event_name":"N\u0027loth","floor":20,"relics_lost":["Boot"],"gold_loss":0}],"is_beta":true,"boss_relics":[{"not_picked":["Black Star","HoveringKite"],"picked":"Philosopher\u0027s Stone"}],"items_purged_floors":[8,22],"is_endless":false,"potions_floor_spawned":[1,5,6,14],"killed_by":"Book of Stabbing","ascension_level":20}