{"path_per_floor":["M","M","?","$","?","R","E","R","T","E","?","M","?","$","R","B",null,"M","?","M","M","M","R","E","R","T","?","M","E","?","E","R"],"character_chosen":"IRONCLAD","items_purchased":["Thinking Ahead","Inflame","SteroidPotion"],"gold_per_floor":[109,129,304,32,107,107,138,138,161,186,186,198,198,11,11,111,111,129,129,144,155,171,171,198,198,198,198,215,242,268,302,302,302],"floor_reached":33,"campfire_rested":1,"playtime":1703,"current_hp_per_floor":[80,80,80,80,69,69,39,39,39,31,51,55,55,55,55,25,64,49,38,38,43,28,40,39,39,39,39,43,50,50,50,50,0],"items_purged":["Doubt","Parasite"],"gold":302,"score":476,"play_id":"982a679e-35b4-44c8-8b08-6d69f3fab6b5","local_time":"20180517123811","is_prod":false,"is_daily":false,"chose_seed":false,"is_ascension_mode":true,"campfire_upgraded":5,"timestamp":1526553491,"path_taken":["M","M","?","$","?","R","E","R","T","E","?","M","?","?","R","BOSS","M","?","M","M","M","R","E","R","T","?","M","E","?","E","R","BOSS"],"build_version":"2018-05-10","seed_source_timestamp":0,"purchased_purges":2,"victory":false,"master_deck":["Strike_R+1","Strike_R+1","Strike_R+1","Defend_R+1","Defend_R+1","Defend_R+1","Defend_R+1","Bash","Metallicize+1","Rampage","Thinking Ahead+1","Pommel Strike","Seeing Red+1","Inflame+1","Offering","Blood for Blood+1","Warcry+1","Corruption+1","Heavy Blade","Ghostly","Ghostly","Ghostly","Ghostly","Ghostly","Blood for Blood+1","Pommel Strike","Bludgeon+1","Twin Strike+1","Searing Blow+2"],"max_hp_per_floor":[80,80,80,80,80,80,80,80,80,80,80,80,80,77,77,77,77,77,38,38,43,43,43,43,43,43,43,43,50,50,50,50,50],"relics":["Burning Blood","Juzu Bracelet","Bag of Preparation","Bag of Marbles","Bottled Lightning","Astrolabe","Vajra","Bronze Scales","Strawberry","Red Mask","Molten Egg 2"],"card_choices":[{"not_picked":["Evolve","Iron Wave"],"picked":"Metallicize","floor":1.0},{"not_picked":["Body Slam","Clothesline"],"picked":"Rampage","floor":2.0},{"not_picked":["Shrug It Off","Combust"],"picked":"Perfected Strike","floor":7.0},{"not_picked":["Berserk","Rampage"],"picked":"Pommel Strike","floor":10.0},{"not_picked":["Sword Boomerang","Dropkick"],"picked":"Seeing Red","floor":12.0},{"not_picked":["Juggernaut","Bludgeon"],"picked":"Offering","floor":16},{"not_picked":["Clash","Iron Wave"],"picked":"Heavy Blade","floor":18},{"not_picked":["Wild Strike","Armaments"],"picked":"Blood for Blood","floor":20},{"not_picked":["Infernal Blade","Armaments"],"picked":"Pommel Strike","floor":21},{"not_picked":["Uppercut","Hemokinesis"],"picked":"Bludgeon","floor":24},{"not_picked":["Clash","Flex"],"picked":"Twin Strike","floor":30},{"not_picked":["Demon Form","Shrug It Off"],"picked":"Searing Blow","floor":31}],"player_experience":478285,"potions_floor_usage":[16,21,22,33,33,33],"damage_taken":[{"damage":5.0,"enemies":"Small Slimes","floor":1.0,"turns":5.0},{"damage":6.0,"enemies":"Jaw Worm","floor":2.0,"turns":6.0},{"damage":36.0,"enemies":"Lagavulin","floor":7.0,"turns":8.0},{"damage":14.0,"enemies":"3 Sentries","floor":10.0,"turns":8.0},{"damage":2.0,"enemies":"2 Louse","floor":12.0,"turns":3.0},{"damage":36,"enemies":"Hexaghost","floor":16,"turns":9},{"damage":21,"enemies":"Chosen","floor":18,"turns":4},{"damage":1,"enemies":"Shell Parasite","floor":20,"turns":5},{"damage":4,"enemies":"3 Cultists","floor":21,"turns":6},{"damage":21,"enemies":"Centurion and Healer","floor":22,"turns":5},{"damage":7,"enemies":"Slavers","floor":24,"turns":7},{"damage":1,"enemies":"Cultist and Chosen","floor":28,"turns":6},{"damage":1,"enemies":"Gremlin Leader","floor":29,"turns":6},{"damage":1,"enemies":"Masked Bandits","floor":30,"turns":5},{"damage":4,"enemies":"Book of Stabbing","floor":31,"turns":4},{"damage":60,"enemies":"Collector","floor":33,"turns":7}],"event_choices":[{"event_name":"Liars Game","player_choice":"agreed","floor":3.0,"damage_taken":0.0},{"event_name":"World of Goop","player_choice":"Gather Gold","floor":5.0,"damage_taken":0.0},{"event_name":"Mushrooms","player_choice":"Healed and dodged fight","floor":11.0,"damage_taken":0.0},{"event_name":"Living Wall","player_choice":"Grow","floor":13.0,"damage_taken":0.0},{"event_name":"Ghosts","player_choice":"Became a Ghost","floor":19,"damage_taken":0},{"event_name":"Back to Basics","player_choice":"Simplicity","floor":27,"damage_taken":0},{"event_name":"Masked Bandits","player_choice":"Fought over 242 gold","floor":30,"damage_taken":0}],"boss_relics":[{"not_picked":["White Beast Statue","Runic Pyramid"],"picked":"Astrolabe"}],"potions_floor_spawned":[1,2,16,18,20,24,30],"seed_played":"-6647950496256375275","killed_by":"Collector","ascension_level":5,"is_trial":false}