{"path_per_floor":["M","?","M","?","M","R","E","M","T","R","M","$","?","M","R","B",null,"M","M","M"],"character_chosen":"THE_SILENT","items_purchased":["Backflip","Oddly Smooth Stone"],"gold_per_floor":[119,119,140,140,155,155,195,210,210,210,228,26,52,73,73,199,199,220,240,254,278],"floor_reached":21,"campfire_rested":1,"playtime":921,"item_purchase_floors":[12,12],"current_hp_per_floor":[63,63,63,56,56,56,32,31,31,50,50,50,49,45,45,13,52,46,41,23,7],"items_purged":[],"gold":278,"score":241,"play_id":"778810e4-d625-4e7d-958f-a68828f5f0a8","local_time":"20180612190350","is_prod":false,"is_daily":false,"chose_seed":false,"is_ascension_mode":true,"campfire_upgraded":2,"win_rate":0,"timestamp":1528823030,"campfire_choices":[{"data":"Blur","floor":6.0,"key":"SMITH"},{"floor":10,"key":"REST"},{"data":"Backflip","floor":15,"key":"SMITH"}],"path_taken":["M","?","?","?","M","R","E","M","T","R","?","$","?","M","R","BOSS","M","M","?","M"],"build_version":"2018-06-07v3","seed_source_timestamp":0,"purchased_purges":0,"victory":false,"master_deck":["Defend_G","Defend_G","Defend_G","Defend_G","Defend_G","Strike_G","Strike_G","Strike_G","Strike_G","Strike_G","Survivor","Neutralize","Dagger Throw","Blur+1","Flying Knee","Poisoned Stab","PiercingWail","Deadly Poison","Backflip+1","Poisoned Stab","Poisoned Stab","Die Die Die","Dodge and Roll+1","Escape Plan+1","Backstab+1"],"max_hp_per_floor":[70,65,65,65,65,65,65,65,65,65,65,65,65,65,65,65,65,65,65,65,65],"relics":["Lizard Tail","Golden Idol","Snake Skull","Mercury Hourglass","Ninja Scroll","Oddly Smooth Stone","Odd Mushroom","Velvet Choker"],"card_choices":[{"not_picked":["Dagger Spray","Malaise"],"picked":"Dagger Throw","floor":1.0},{"not_picked":["Dagger Throw","Concentrate"],"picked":"Blur","floor":3.0},{"not_picked":["Bane","Outmaneuver"],"picked":"Flying Knee","floor":5.0},{"not_picked":["Expertise","Backflip"],"picked":"Poisoned Stab","floor":7.0},{"not_picked":["Blade Dance","Dagger Spray"],"picked":"PiercingWail","floor":8},{"not_picked":["Blur","Accuracy"],"picked":"Deadly Poison","floor":11},{"not_picked":["Deflect","Escape Plan"],"picked":"Poisoned Stab","floor":13},{"not_picked":["Prepared","Setup"],"picked":"Poisoned Stab","floor":14},{"not_picked":["Storm of Steel","Adrenaline"],"picked":"Die Die Die","floor":16},{"not_picked":["Quick Slash","Skewer"],"picked":"Dodge and Roll+1","floor":18},{"not_picked":["Distraction","Underhanded Strike","Slice"],"picked":"SKIP","floor":19},{"not_picked":["Infinite Blades+1","Dash"],"picked":"Escape Plan+1","floor":20},{"not_picked":["Quick Slash","Deflect"],"picked":"Backstab+1","floor":21}],"player_experience":657079,"potions_floor_usage":[13,13,20,20],"damage_taken":[{"damage":0.0,"enemies":"2 Louse","floor":1.0,"turns":5.0},{"damage":0.0,"enemies":"Small Slimes","floor":3.0,"turns":3.0},{"damage":0.0,"enemies":"Cultist","floor":5.0,"turns":4.0},{"damage":80.0,"enemies":"Gremlin Nob","floor":7.0,"turns":6.0},{"damage":1,"enemies":"Looter","floor":8,"turns":3},{"damage":0,"enemies":"3 Louse","floor":11,"turns":2},{"damage":1,"floor":13,"turns":4},{"damage":4,"enemies":"Gremlin Gang","floor":14,"turns":3},{"damage":32,"enemies":"The Guardian","floor":16,"turns":9},{"damage":6,"enemies":"3 Byrds","floor":18,"turns":4},{"damage":5,"enemies":"Spheric Guardian","floor":19,"turns":4},{"damage":18,"enemies":"Cultist and Chosen","floor":20,"turns":6},{"damage":16,"enemies":"Snecko","floor":21,"turns":4}],"relics_obtained":[{"floor":7.0,"key":"Mercury Hourglass"},{"floor":9,"key":"Ninja Scroll"},{"floor":13,"key":"Odd Mushroom"}],"event_choices":[{"event_name":"Golden Idol","player_choice":"Lose Max HP","floor":2.0,"damage_taken":0.0},{"event_name":"Scrap Ooze","player_choice":"success","floor":4.0,"damage_taken":7.0},{"event_name":"Mushrooms","player_choice":"Fought Mushrooms","floor":13,"damage_taken":0}],"boss_relics":[{"not_picked":["Orrery","White Beast Statue"],"picked":"Velvet Choker"}],"items_purged_floors":[],"potions_floor_spawned":[3,8,13,16,20,21],"seed_played":"-7365271412046916492","killed_by":"Snecko","ascension_level":6,"potions_obtained":[{"floor":3.0,"key":"EssenceOfSteel"},{"floor":8,"key":"EssenceOfSteel"},{"floor":13,"key":"Swift Potion"},{"floor":16,"key":"SteroidPotion"},{"floor":20,"key":"FearPotion"},{"floor":21,"key":"EssenceOfSteel"}],"is_trial":false}