{"gold_per_floor":[110,125,144,144,144,144,167,206,206,253,253,276,296,334,334,463,463,487,171,192,213,254,295,319,359,385,423,436,457,481,68,68,193,193,209,7,229,249,199,199,215,215,269,48,48,381,392,420,420,420],"floor_reached":51,"playtime":2870,"items_purged":["Strike_R","Parasite","Strike_R","Strike_R","Regret"],"score":974,"play_id":"1f6c2ae3-01a2-411e-8e2e-3dfdb55712cc","local_time":"20181030230158","is_ascension_mode":false,"campfire_choices":[{"data":"Bash","floor":6,"key":"SMITH"},{"data":"Iron Wave","floor":11,"key":"SMITH"},{"data":"Spot Weakness","floor":15,"key":"SMITH"},{"data":"Whirlwind","floor":32,"key":"SMITH"},{"data":"Pommel Strike","floor":40,"key":"SMITH"},{"data":"True Grit","floor":42,"key":"SMITH"},{"data":"Seeing Red","floor":45,"key":"SMITH"},{"data":"Feel No Pain","floor":49,"key":"SMITH"}],"neow_cost":"NONE","seed_source_timestamp":750469895197689,"circlet_count":0,"master_deck":["Strike_R+1","Defend_R","Defend_R","Defend_R","Defend_R","Bash+1","Iron Wave+1","Feel No Pain","Armaments","Feed+1","Shrug It Off","Pommel Strike+1","Spot Weakness+1","Offering","True Grit+1","Feel No Pain+1","Shrug It Off","Whirlwind+1","Uppercut+1","Feel No Pain+1","Battle Trance+1","Reaper","Feel No Pain+1","Corruption+1","Demon Form+1","Sword Boomerang+1","Shrug It Off","Seeing Red+1","Body Slam+1"],"relics":["Burning Blood","Smiling Mask","Whetstone","Anchor","Bag of Marbles","Question Card","Cursed Key","PreservedInsect","Red Mask","Frozen Egg 2","Pen Nib","Regal Pillow","Blue Candle","Dead Branch","Mark of Pain","Bronze Scales","Tiny Chest","Juzu Bracelet"],"potions_floor_usage":[8,14,16,16,20,27,27,50,50],"damage_taken":[{"damage":11,"enemies":"Jaw Worm","floor":1,"turns":3},{"damage":0,"enemies":"2 Louse","floor":2,"turns":3},{"damage":2,"enemies":"Small Slimes","floor":3,"turns":4},{"damage":13,"enemies":"3 Louse","floor":7,"turns":4},{"damage":34,"enemies":"Lagavulin","floor":8,"turns":8},{"damage":0,"enemies":"Blue Slaver","floor":12,"turns":3},{"damage":0,"enemies":"Large Slime","floor":13,"turns":7},{"damage":7,"enemies":"Gremlin Nob","floor":14,"turns":3},{"damage":21,"enemies":"Hexaghost","floor":16,"turns":9},{"damage":19,"enemies":"Spheric Guardian","floor":18,"turns":4},{"damage":13,"enemies":"2 Thieves","floor":20,"turns":3},{"damage":6,"enemies":"Shelled Parasite and Fungi","floor":21,"turns":6},{"damage":41,"enemies":"Masked Bandits","floor":22,"turns":7},{"damage":6,"enemies":"Gremlin Leader","floor":23,"turns":5},{"damage":1,"enemies":"Centurion and Healer","floor":24,"turns":5},{"damage":8,"enemies":"Slavers","floor":25,"turns":4},{"damage":24,"enemies":"Gremlin Leader","floor":27,"turns":6},{"damage":6,"enemies":"Chosen and Byrds","floor":28,"turns":6},{"damage":15,"enemies":"Snake Plant","floor":29,"turns":4},{"damage":6,"enemies":"Centurion and Healer","floor":30,"turns":7},{"damage":28,"enemies":"Automaton","floor":33,"turns":7},{"damage":6,"enemies":"3 Shapes","floor":35,"turns":6},{"damage":6,"enemies":"Orb Walker","floor":38,"turns":4},{"damage":6,"enemies":"Transient","floor":41,"turns":5},{"damage":25,"enemies":"3 Darklings","floor":47,"turns":4},{"damage":6,"enemies":"Reptomancer","floor":48,"turns":3},{"damage":12,"enemies":"Awakened One","floor":50,"turns":4}],"seed_played":"-3927888464075475387","potions_obtained":[{"floor":1,"key":"Poison Potion"},{"floor":7,"key":"GamblersBrew"},{"floor":8,"key":"Energy Potion"},{"floor":14,"key":"Strength Potion"},{"floor":16,"key":"Block Potion"},{"floor":18,"key":"SpeedPotion"},{"floor":22,"key":"Ancient Potion"},{"floor":25,"key":"Swift Potion"},{"floor":28,"key":"Weak Potion"},{"floor":29,"key":"LiquidBronze"}],"is_trial":false,"path_per_floor":["M","M","M","?","?","R","M","E","T","T","R","M","M","E","R","B",null,"M","$","M","M","?","E","M","E","T","E","M","M","M","$","R","B",null,"M","$","?","M","$","R","M","R","T","$","R","?","M","E","R","B"],"character_chosen":"IRONCLAD","items_purchased":["PreservedInsect","Feel No Pain","Explosive Potion","Corruption+1","Dead Branch","Bronze Scales","Strength Potion","Shrug It Off","Seeing Red"],"campfire_rested":0,"item_purchase_floors":[19,19,19,31,31,36,44,44,44],"current_hp_per_floor":[75,80,80,60,60,60,53,28,28,28,28,38,48,51,51,40,99,90,90,87,91,60,64,73,75,75,57,61,60,88,88,88,66,136,140,140,140,144,144,144,144,144,144,144,144,144,144,144,144,142],"gold":420,"neow_bonus":"RANDOM_COMMON_RELIC","is_prod":false,"is_daily":false,"chose_seed":false,"campfire_upgraded":8,"win_rate":0,"timestamp":1540954918,"path_taken":["M","M","M","?","?","R","M","E","T","?","R","M","M","E","R","BOSS","M","$","M","M","?","E","M","E","T","E","M","M","M","$","R","BOSS","M","$","?","M","?","R","M","R","T","$","R","?","M","E","R","BOSS"],"build_version":"2018-10-29v2","purchased_purges":5,"victory":true,"max_hp_per_floor":[80,80,80,80,80,80,80,83,83,83,83,87,91,95,95,99,99,103,103,107,111,115,119,123,127,127,127,131,135,139,136,136,136,136,140,140,140,144,144,144,144,144,144,144,144,144,144,144,144,148],"card_choices":[{"not_picked":["Shockwave","Wild Strike"],"picked":"Iron Wave","floor":1},{"not_picked":["Armaments","True Grit"],"picked":"Feel No Pain","floor":2},{"not_picked":["Burning Pact","Infernal Blade"],"picked":"Armaments","floor":3},{"not_picked":["Perfected Strike","Ghostly Armor"],"picked":"Feed","floor":7},{"not_picked":["True Grit","Warcry"],"picked":"Shrug It Off","floor":8},{"not_picked":["Dropkick","Twin Strike"],"picked":"Pommel Strike","floor":12},{"not_picked":["Cleave","Dropkick","Perfected Strike"],"picked":"SKIP","floor":13},{"not_picked":["Warcry","Sever Soul"],"picked":"Spot Weakness","floor":14},{"not_picked":["Juggernaut","Exhume","Bludgeon"],"picked":"Offering","floor":16},{"not_picked":["Infernal Blade","Heavy Blade","Rampage"],"picked":"True Grit","floor":18},{"not_picked":["Thunderclap","Dropkick","Clash+1","Carnage"],"picked":"SKIP","floor":20},{"not_picked":["True Grit","Clothesline","Seeing Red"],"picked":"Shrug It Off","floor":21},{"not_picked":["Iron Wave","Infernal Blade","Power Through"],"picked":"Whirlwind","floor":22},{"not_picked":["Intimidate","Anger","True Grit"],"picked":"Uppercut+1","floor":23},{"not_picked":["Iron Wave","Bloodletting+1","Fire Breathing+1","Cleave+1"],"picked":"SKIP","floor":24},{"not_picked":["Shockwave","Evolve+1","Intimidate"],"picked":"Feel No Pain+1","floor":25},{"not_picked":["Bloodletting","Armaments","Second Wind+1"],"picked":"Battle Trance+1","floor":27},{"not_picked":["Flex","Dropkick","True Grit"],"picked":"Reaper","floor":28},{"not_picked":["Flex","Uppercut","Combust+1"],"picked":"Feel No Pain+1","floor":29},{"not_picked":["Reckless Charge","Headbutt","Seeing Red","Anger"],"picked":"SKIP","floor":30},{"not_picked":["Dark Embrace+1","Impervious","Berserk+1"],"picked":"Demon Form+1","floor":33},{"not_picked":["Flex","Anger+1","Infernal Blade","Clothesline"],"picked":"SKIP","floor":35},{"not_picked":["Searing Blow+1","Reckless Charge","Thunderclap","Havoc"],"picked":"SKIP","floor":38},{"not_picked":["Hemokinesis+1","Fiend Fire","Blood for Blood"],"picked":"Sword Boomerang+1","floor":41},{"not_picked":["Iron Wave+1","Infernal Blade+1","Perfected Strike"],"picked":"Body Slam+1","floor":47},{"not_picked":["Flex","Blood for Blood","Rampage","Bludgeon"],"picked":"SKIP","floor":48}],"player_experience":1113465,"relics_obtained":[{"floor":8,"key":"Whetstone"},{"floor":9,"key":"Anchor"},{"floor":10,"key":"Bag of Marbles"},{"floor":14,"key":"Question Card"},{"floor":22,"key":"Red Mask"},{"floor":23,"key":"Frozen Egg 2"},{"floor":25,"key":"Pen Nib"},{"floor":26,"key":"Regal Pillow"},{"floor":27,"key":"Blue Candle"},{"floor":43,"key":"Tiny Chest"},{"floor":48,"key":"Juzu Bracelet"}],"event_choices":[{"damage_healed":0,"gold_gain":0,"player_choice":"Take Damage","damage_taken":20,"relics_obtained":["Golden Idol"],"max_hp_gain":0,"max_hp_loss":0,"event_name":"Golden Idol","floor":4,"gold_loss":0},{"cards_removed":["Strike_R"],"damage_healed":0,"gold_gain":0,"player_choice":"Offered Basic","damage_taken":0,"max_hp_gain":0,"max_hp_loss":0,"event_name":"Bonfire Elementals","floor":5,"gold_loss":0},{"damage_healed":0,"gold_gain":0,"player_choice":"Fought Bandits","damage_taken":0,"max_hp_gain":0,"max_hp_loss":0,"event_name":"Masked Bandits","floor":22,"gold_loss":0},{"damage_healed":0,"gold_gain":222,"player_choice":"Wore Mask","damage_taken":0,"max_hp_gain":0,"max_hp_loss":0,"event_name":"Tomb of Lord Red Mask","floor":37,"gold_loss":0},{"damage_healed":0,"gold_gain":333,"player_choice":"Gave Idol","damage_taken":0,"max_hp_gain":0,"max_hp_loss":0,"event_name":"The Moai Head","floor":46,"relics_lost":["Golden Idol"],"gold_loss":0}],"is_beta":true,"boss_relics":[{"not_picked":["Runic Pyramid","Velvet Choker"],"picked":"Cursed Key"},{"not_picked":["Runic Cube","Orrery"],"picked":"Mark of Pain"}],"items_purged_floors":[19,31,36,39,44],"is_endless":false,"potions_floor_spawned":[1,7,8,14,16,18,22,25,28,29,38,47],"ascension_level":0}