{"gold_per_floor":[117,129,146,166,57,57,9,9,9,9,9,34,49,49,49,49],"floor_reached":16,"playtime":375,"items_purged":["Defend_R"],"score":170,"play_id":"5f04ae2e-bc4d-47d4-bb2b-7a97aaed4433","local_time":"20190131200559","is_ascension_mode":true,"campfire_choices":[{"data":"True Grit","floor":6,"key":"SMITH"},{"data":"Wild Strike","floor":8,"key":"SMITH"},{"floor":15,"key":"REST"}],"neow_cost":"NONE","seed_source_timestamp":13651202856930375,"circlet_count":0,"master_deck":["AscendersBane","Strike_R+1","Strike_R","Strike_R","Strike_R+1","Strike_R","Defend_R","Defend_R+1","Defend_R","Bash+1","True Grit+1","Warcry","Flame Barrier","Rampage","Wild Strike+1","Feed","Seeing Red"],"relics":["Burning Blood","NeowsBlessing","Kunai","Blood Vial","Whetstone"],"potions_floor_usage":[],"damage_taken":[{"damage":0,"enemies":"Cultist","floor":1,"turns":1},{"damage":0,"enemies":"2 Louse","floor":2,"turns":1},{"damage":0,"enemies":"Small Slimes","floor":3,"turns":1},{"damage":8,"enemies":"Exordium Wildlife","floor":4,"turns":4},{"damage":27,"enemies":"Lagavulin","floor":12,"turns":5},{"damage":15,"enemies":"2 Fungi Beasts","floor":13,"turns":4},{"damage":52,"enemies":"Hexaghost","floor":16,"turns":9}],"seed_played":"2802617443781784566","potions_obtained":[{"floor":3,"key":"LiquidBronze"},{"floor":12,"key":"GamblersBrew"}],"is_trial":false,"path_per_floor":["M","M","M","M","$","R","$","R","T","$","?","E","M","?","R","B"],"character_chosen":"IRONCLAD","items_purchased":["Rampage","Wild Strike"],"campfire_rested":1,"item_purchase_floors":[5,7],"current_hp_per_floor":[74,75,75,73,73,73,73,73,73,73,66,47,43,27,50,0],"gold":49,"neow_bonus":"THREE_ENEMY_KILL","is_prod":false,"is_daily":false,"chose_seed":false,"campfire_upgraded":2,"win_rate":0,"timestamp":1548961559,"path_taken":["M","?","M","M","$","R","?","R","T","$","?","E","M","?","R","BOSS"],"build_version":"2019-01-23","purchased_purges":1,"victory":false,"max_hp_per_floor":[75,75,75,75,75,75,75,75,75,75,75,75,78,78,78,78],"card_choices":[{"not_picked":["Sword Boomerang","Thunderclap"],"picked":"True Grit","floor":1},{"not_picked":["Perfected Strike","Armaments"],"picked":"Warcry","floor":2},{"not_picked":["Perfected Strike","Reckless Charge"],"picked":"Flame Barrier","floor":3},{"not_picked":["Clash","Heavy Blade","Bloodletting"],"picked":"SKIP","floor":4},{"not_picked":["Fire Breathing","Spot Weakness"],"picked":"Feed","floor":12},{"not_picked":["Heavy Blade","Cleave"],"picked":"Seeing Red","floor":13}],"player_experience":344605,"relics_obtained":[{"floor":9,"key":"Kunai"},{"floor":12,"key":"Whetstone"}],"event_choices":[{"damage_healed":0,"gold_gain":0,"player_choice":"Success","damage_taken":7,"relics_obtained":["Blood Vial"],"max_hp_gain":0,"max_hp_loss":0,"event_name":"Scrap Ooze","floor":11,"gold_loss":0},{"damage_healed":0,"gold_gain":0,"player_choice":"Entered Light","damage_taken":16,"max_hp_gain":0,"max_hp_loss":0,"event_name":"Shining Light","floor":14,"gold_loss":0,"cards_upgraded":["Strike_R","Defend_R"]}],"is_beta":false,"boss_relics":[],"items_purged_floors":[5],"is_endless":false,"potions_floor_spawned":[3,12],"killed_by":"Hexaghost","ascension_level":14}