{"gold_per_floor":[118,118,145,145,145,188,212,212,235,11,11,29,29,47,47,47],"floor_reached":16,"playtime":639,"items_purged":["Defend_R"],"score":197,"play_id":"8e25612b-f9a9-425d-b207-ee48ad298970","local_time":"20190123202819","is_ascension_mode":true,"campfire_choices":[{"data":"Shrug It Off","floor":8,"key":"SMITH"},{"floor":15,"key":"REST"}],"neow_cost":"NONE","seed_source_timestamp":12961078471632236,"circlet_count":0,"master_deck":["AscendersBane","Strike_R","Strike_R","Strike_R","Strike_R","Defend_R","Defend_R","Defend_R+1","Bash+1","Shrug It Off+1","Barricade+1","Power Through"],"relics":["Burning Blood","NeowsBlessing","Golden Idol","Red Skull","Frozen Egg 2","PreservedInsect","Strawberry"],"potions_floor_usage":[12,16],"damage_taken":[{"damage":0,"enemies":"Jaw Worm","floor":1,"turns":1},{"damage":0,"enemies":"3 Sentries","floor":6,"turns":2},{"damage":0,"enemies":"Small Slimes","floor":7,"turns":1},{"damage":0,"enemies":"Cultist","floor":12,"turns":2},{"damage":13,"enemies":"3 Louse","floor":14,"turns":7},{"damage":92,"enemies":"Slime Boss","floor":16,"turns":17}],"seed_played":"-7493630349210191297","potions_obtained":[{"floor":6,"key":"Fire Potion"},{"floor":7,"key":"FearPotion"}],"is_trial":false,"path_per_floor":["?","T","?","?","M","?","$"],"character_chosen":"IRONCLAD","items_purchased":["Strawberry"],"campfire_rested":1,"item_purchase_floors":[10],"current_hp_per_floor":[78,58,58,42,47,53,59,59,59,66,66,72,72,65,92,0],"gold":47,"neow_bonus":"THREE_ENEMY_KILL","is_prod":false,"is_daily":false,"chose_seed":false,"campfire_upgraded":1,"win_rate":0,"timestamp":1548271699,"path_taken":["M","?","?","?","?","E","?","R","T","$","?","M","?","M","R","BOSS"],"build_version":"2019-01-23","purchased_purges":1,"victory":false,"max_hp_per_floor":[80,80,80,80,85,85,85,85,85,92,92,92,92,92,92,92],"card_choices":[{"not_picked":["Flex","Feel No Pain"],"picked":"Shrug It Off","floor":1},{"not_picked":["Heavy Blade","Flex"],"picked":"Barricade","floor":6},{"not_picked":["Heavy Blade","Warcry","Armaments"],"picked":"SKIP","floor":7},{"not_picked":["Shockwave","Fire Breathing+1"],"picked":"Power Through","floor":12},{"not_picked":["Pommel Strike","Wild Strike","Headbutt"],"picked":"SKIP","floor":14}],"player_experience":304024,"relics_obtained":[{"floor":3,"key":"Red Skull"},{"floor":6,"key":"Frozen Egg 2"},{"floor":9,"key":"PreservedInsect"}],"event_choices":[{"damage_healed":0,"gold_gain":0,"player_choice":"Take Damage","damage_taken":20,"relics_obtained":["Golden Idol"],"max_hp_gain":0,"max_hp_loss":0,"event_name":"Golden Idol","floor":2,"gold_loss":0},{"damage_healed":0,"gold_gain":0,"player_choice":"Entered Light","damage_taken":16,"max_hp_gain":0,"max_hp_loss":0,"event_name":"Shining Light","floor":4,"gold_loss":0,"cards_upgraded":["Defend_R","Bash"]},{"damage_healed":0,"gold_gain":0,"player_choice":"Donut","damage_taken":0,"max_hp_gain":5,"max_hp_loss":0,"event_name":"Big Fish","floor":5,"gold_loss":0},{"cards_removed":["Strike_R"],"damage_healed":0,"gold_gain":0,"player_choice":"Purged","damage_taken":0,"max_hp_gain":0,"max_hp_loss":0,"event_name":"Purifier","floor":11,"gold_loss":0}],"is_beta":false,"boss_relics":[],"items_purged_floors":[10],"is_endless":false,"potions_floor_spawned":[6,7],"killed_by":"Slime Boss","ascension_level":12}