{"gold_per_floor":[117,192,192,11,31,90,109,109,185,185,215,215,226,236,236,310,310,323,0,0,0],"floor_reached":21,"playtime":637,"items_purged":["Pain"],"score":403,"play_id":"02716edc-b124-4fbf-b5d4-c497ad11dde9","local_time":"20190214185302","is_ascension_mode":true,"campfire_choices":[{"data":"Mind Blast","floor":8,"key":"SMITH"},{"floor":12,"key":"REST"},{"floor":15,"key":"REST"}],"neow_cost":"NONE","seed_source_timestamp":14856163651258502,"circlet_count":0,"master_deck":["AscendersBane","Bash","Rampage","Mind Blast+1","Clothesline","Demon Form","Thunderclap","Iron Wave","Whirlwind","Headbutt","Reaper","Body Slam","Offering","Sword Boomerang","Sentinel","Rupture","Evolve","Flex","Exhume","Fire Breathing","Iron Wave"],"relics":["Burning Blood","NeowsBlessing","WarpedTongs","Tiny Chest","Shuriken","Meat on the Bone","Potion Belt","Pandora\u0027s Box"],"potions_floor_usage":[7,13,18],"damage_taken":[{"damage":1,"enemies":"Small Slimes","floor":1,"turns":2},{"damage":0,"enemies":"Cultist","floor":5,"turns":1},{"damage":0,"enemies":"Lagavulin","floor":6,"turns":1},{"damage":7,"enemies":"Jaw Worm","floor":7,"turns":2},{"damage":31,"enemies":"Gremlin Nob","floor":11,"turns":4},{"damage":15,"enemies":"Gremlin Gang","floor":13,"turns":3},{"damage":16,"enemies":"3 Louse","floor":14,"turns":3},{"damage":59,"enemies":"Slime Boss","floor":16,"turns":8},{"damage":18,"enemies":"Chosen","floor":18,"turns":4},{"damage":39,"enemies":"Shell Parasite","floor":21,"turns":3}],"seed_played":"2406266440076991637","potions_obtained":[{"floor":1,"key":"AttackPotion"},{"floor":11,"key":"Fire Potion"},{"floor":16,"key":"Block Potion"}],"is_trial":false,"path_per_floor":["M","?","?","$","M","E","M","R","T","T","E","R","M","M","R","B",null,"M","?","?","M"],"character_chosen":"IRONCLAD","items_purchased":["Mind Blast"],"campfire_rested":2,"item_purchase_floors":[4],"current_hp_per_floor":[73,62,62,62,68,74,73,73,73,73,48,70,61,51,73,32,64,52,52,31,0],"gold":0,"neow_bonus":"THREE_ENEMY_KILL","is_prod":false,"is_daily":false,"chose_seed":false,"campfire_upgraded":1,"win_rate":0,"timestamp":1550166782,"path_taken":["M","?","?","$","?","E","M","R","T","?","E","R","M","?","R","BOSS","M","?","?","M"],"build_version":"2019-01-23","purchased_purges":1,"victory":false,"max_hp_per_floor":[75,75,75,75,75,75,75,75,75,75,75,75,75,75,75,75,75,75,75,80,80],"card_choices":[{"not_picked":["Perfected Strike","Body Slam"],"picked":"Rampage","floor":1},{"not_picked":["Flex","Inflame"],"picked":"Clothesline","floor":5},{"not_picked":["Infernal Blade","Spot Weakness"],"picked":"Demon Form","floor":6},{"not_picked":["Havoc","Sword Boomerang"],"picked":"Thunderclap","floor":7},{"not_picked":["Carnage","Reckless Charge"],"picked":"Iron Wave","floor":11},{"not_picked":["Entrench","Heavy Blade"],"picked":"Whirlwind","floor":13},{"not_picked":["Clash","Second Wind"],"picked":"Headbutt","floor":14},{"not_picked":["Brutality","Double Tap"],"picked":"Reaper","floor":16},{"not_picked":["Anger","Warcry"],"picked":"Iron Wave","floor":18}],"player_experience":397329,"relics_obtained":[{"floor":6,"key":"Tiny Chest"},{"floor":9,"key":"Shuriken"},{"floor":10,"key":"Meat on the Bone"},{"floor":11,"key":"Potion Belt"}],"event_choices":[{"damage_healed":0,"gold_gain":75,"player_choice":"Gather Gold","damage_taken":11,"max_hp_gain":0,"max_hp_loss":0,"event_name":"World of Goop","floor":2,"gold_loss":0},{"damage_healed":0,"gold_gain":0,"player_choice":"Rummage","damage_taken":0,"relics_obtained":["WarpedTongs"],"max_hp_gain":0,"max_hp_loss":0,"event_name":"Accursed Blacksmith","floor":3,"gold_loss":0,"cards_obtained":["Pain"]},{"damage_healed":0,"gold_gain":0,"player_choice":"Paid Fearfully","damage_taken":0,"max_hp_gain":0,"max_hp_loss":0,"event_name":"Masked Bandits","floor":19,"gold_loss":323},{"damage_healed":0,"gold_gain":0,"player_choice":"Shed Blood","damage_taken":26,"max_hp_gain":5,"max_hp_loss":0,"event_name":"Forgotten Altar","floor":20,"gold_loss":0}],"is_beta":false,"boss_relics":[{"not_picked":["Mark of Pain","Busted Crown"],"picked":"Pandora\u0027s Box"}],"items_purged_floors":[4],"is_endless":false,"potions_floor_spawned":[1,11,16],"killed_by":"Shell Parasite","ascension_level":18}