{"gold_per_floor":[112,37,112,112,12,12,27,27,27,56,56,4,24,24,24,95,95,95],"floor_reached":18,"playtime":551,"items_purged":["Pain","Pain"],"score":296,"play_id":"28364243-bbf2-460c-9352-cc2fbbf50971","local_time":"20190217130145","is_ascension_mode":true,"campfire_choices":[{"floor":6,"key":"REST"},{"data":"Defend_R","floor":8,"key":"SMITH"},{"floor":11,"key":"REST"},{"data":"Berserk","floor":15,"key":"SMITH"}],"neow_cost":"CURSE","seed_source_timestamp":15094372377099120,"circlet_count":0,"master_deck":["AscendersBane","Strike_R","Strike_R","Strike_R","Strike_R","Strike_R","Defend_R","Defend_R","Defend_R+1","Defend_R","Bash","Seeing Red","Berserk+1","True Grit"],"relics":["Black Blood","Calipers","WarpedTongs","Magic Flower","Regal Pillow"],"potions_floor_usage":[10,10],"damage_taken":[{"damage":14,"enemies":"2 Louse","floor":1,"turns":4},{"damage":0,"enemies":"Cultist","floor":7,"turns":4},{"damage":47,"enemies":"Lagavulin","floor":10,"turns":8},{"damage":23,"enemies":"Jaw Worm","floor":13,"turns":4},{"damage":65,"enemies":"The Guardian","floor":16,"turns":16},{"damage":62,"enemies":"Chosen","floor":18,"turns":7}],"seed_played":"488479683475383936","potions_obtained":[{"floor":1,"key":"Regen Potion"},{"floor":7,"key":"LiquidBronze"}],"is_trial":false,"path_per_floor":["M","$","?","?","$","R","M","R","T","E","R","$","M","?","R","B",null,"M"],"character_chosen":"IRONCLAD","items_purchased":["True Grit"],"campfire_rested":2,"item_purchase_floors":[12],"current_hp_per_floor":[60,60,49,49,49,71,75,75,75,51,75,75,61,75,75,19,61,0],"gold":95,"neow_bonus":"ONE_RARE_RELIC","is_prod":false,"is_daily":false,"chose_seed":false,"campfire_upgraded":2,"win_rate":0,"timestamp":1550404905,"path_taken":["M","$","?","?","$","R","M","R","T","E","R","$","?","?","R","BOSS","M"],"build_version":"2019-01-23","purchased_purges":2,"victory":false,"max_hp_per_floor":[75,75,75,75,75,75,75,75,75,75,75,75,75,75,75,75,75,75],"card_choices":[{"not_picked":["Havoc","Perfected Strike"],"picked":"Seeing Red","floor":1},{"not_picked":["Clothesline","Wild Strike","Flex"],"picked":"SKIP","floor":7},{"not_picked":["Flame Barrier","Twin Strike"],"picked":"Berserk","floor":10},{"not_picked":["Clothesline","Headbutt","Intimidate"],"picked":"SKIP","floor":13}],"player_experience":401759,"relics_obtained":[{"floor":9,"key":"Magic Flower"},{"floor":10,"key":"Regal Pillow"}],"event_choices":[{"damage_healed":0,"gold_gain":75,"player_choice":"Gather Gold","damage_taken":11,"max_hp_gain":0,"max_hp_loss":0,"event_name":"World of Goop","floor":3,"gold_loss":0},{"damage_healed":0,"gold_gain":0,"player_choice":"Rummage","damage_taken":0,"relics_obtained":["WarpedTongs"],"max_hp_gain":0,"max_hp_loss":0,"event_name":"Accursed Blacksmith","floor":4,"gold_loss":0,"cards_obtained":["Pain"]},{"damage_healed":14,"gold_gain":0,"player_choice":"Full Heal","damage_taken":0,"max_hp_gain":0,"max_hp_loss":0,"event_name":"Wheel of Change","floor":14,"gold_loss":0}],"is_beta":false,"boss_relics":[{"not_picked":["Orrery","Pandora\u0027s Box"],"picked":"Black Blood"}],"items_purged_floors":[2,5],"is_endless":false,"potions_floor_spawned":[1,7],"killed_by":"Chosen","ascension_level":18}