{"gold_per_floor":[112,112,128,128,128,141,154,184,233,13,13,33,52,84,84,188,188,202,221,239,239,259,259],"floor_reached":23,"playtime":1854,"items_purged":[],"score":382,"play_id":"1dd61b7d-a761-4b03-a69b-2b8835a7d9bd","local_time":"20180826140905","is_ascension_mode":true,"campfire_choices":[{"floor":11,"key":"REST"},{"floor":15,"key":"REST"}],"neow_cost":"","seed_source_timestamp":417571247537466,"circlet_count":0,"master_deck":["Defend_B","Defend_B","Defend_B","Defend_B","Zap+1","Dualcast","Cold Snap","Beam Cell","Leap","Leap","Electrodynamics","Ball Lightning","Compile Driver","Ball Lightning","Coolheaded","Machine Learning","Chill+1","Fusion","Coolheaded","Bite","Bite","Bite","Bite","Bite","Barrage"],"relics":["Cracked Core","Smiling Mask","Strawberry","Potion Belt","Runic Capacitor","Bag of Preparation","Black Star"],"potions_floor_usage":[14,14,16],"damage_taken":[{"damage":6,"enemies":"Jaw Worm","floor":1,"turns":4},{"damage":0,"enemies":"Cultist","floor":3,"turns":3},{"damage":3,"enemies":"Small Slimes","floor":6,"turns":3},{"damage":0,"enemies":"Red Slaver","floor":7,"turns":4},{"damage":29,"enemies":"Gremlin Nob","floor":8,"turns":5},{"damage":0,"enemies":"Large Slime","floor":12,"turns":4},{"damage":3,"enemies":"Exordium Wildlife","floor":13,"turns":3},{"damage":13,"enemies":"Lagavulin","floor":14,"turns":5},{"damage":0,"enemies":"Slime Boss","floor":16,"turns":6},{"damage":5,"enemies":"Chosen","floor":18,"turns":4},{"damage":16,"enemies":"Spheric Guardian","floor":19,"turns":5},{"damage":11,"enemies":"Centurion and Healer","floor":20,"turns":6},{"damage":9,"enemies":"Chosen and Byrds","floor":22,"turns":6},{"damage":62,"enemies":"Book of Stabbing","floor":23,"turns":5}],"seed_played":"-5279762587279342505","potions_obtained":[{"floor":1,"key":"SteroidPotion"},{"floor":8,"key":"FearPotion"},{"floor":14,"key":"Strength Potion"},{"floor":20,"key":"Poison Potion"}],"is_trial":false,"path_per_floor":["M","?","M","?","?","M","M","E","T","$","R","M","M","E","R","B",null,"M","M","M","?","M"],"character_chosen":"DEFECT","items_purchased":["Ball Lightning","Runic Capacitor"],"campfire_rested":2,"item_purchase_floors":[10,10],"current_hp_per_floor":[62,62,62,62,55,52,52,30,30,30,54,54,51,38,62,62,77,72,56,45,45,50,0],"gold":259,"neow_bonus":"","is_prod":false,"is_daily":false,"chose_seed":false,"campfire_upgraded":0,"win_rate":0,"timestamp":1535285345,"path_taken":["M","?","?","?","?","M","M","E","T","?","R","M","?","E","R","BOSS","M","M","M","?","?","E"],"build_version":"2018-08-23v2","purchased_purges":0,"victory":false,"max_hp_per_floor":[75,75,75,75,75,75,75,82,82,82,82,82,82,82,82,82,82,82,82,82,57,57,57],"card_choices":[{"not_picked":["Rip and Tear","Compile Driver"],"picked":"Cold Snap","floor":1},{"not_picked":["Gash","Go for the Eyes"],"picked":"Beam Cell","floor":3},{"not_picked":["Go for the Eyes","Turbo"],"picked":"Leap","floor":6},{"not_picked":["Steam Power","Barrage"],"picked":"Leap","floor":7},{"not_picked":["Streamline","Barrage"],"picked":"Electrodynamics","floor":8},{"not_picked":["Rebound","Steam"],"picked":"Compile Driver","floor":12},{"not_picked":["Doom and Gloom","Hologram"],"picked":"Ball Lightning","floor":13},{"not_picked":["Sunder","Darkness"],"picked":"Coolheaded","floor":14},{"not_picked":["Core Surge","Meteor Strike"],"picked":"Machine Learning","floor":16},{"not_picked":["Turbo+1","Steam+1"],"picked":"Chill+1","floor":18},{"not_picked":["Go for the Eyes","Genetic Algorithm"],"picked":"Fusion","floor":19},{"not_picked":["Leap","Steam"],"picked":"Coolheaded","floor":20},{"not_picked":["Streamline","Fission"],"picked":"Barrage","floor":22}],"player_experience":928514,"relics_obtained":[{"floor":8,"key":"Strawberry"},{"floor":9,"key":"Potion Belt"},{"floor":14,"key":"Bag of Preparation"}],"event_choices":[{"event_name":"Upgrade Shrine","player_choice":"Upgraded","floor":2,"damage_taken":0},{"event_name":"Big Fish","player_choice":"Box","floor":4,"damage_taken":0},{"event_name":"Golden Wing","player_choice":"Card Removal","floor":5,"damage_taken":0},{"event_name":"Vampires","player_choice":"Became a vampire","floor":21,"damage_taken":0}],"is_beta":false,"boss_relics":[{"not_picked":["FrozenCore","Lizard Tail"],"picked":"Black Star"}],"items_purged_floors":[],"is_endless":false,"potions_floor_spawned":[1,8,14,20],"killed_by":"Book of Stabbing","ascension_level":8}