{"path_per_floor":["M","M","M","M","?","E","R","E","T","M","M","R","?","E","R","B",null,"M"],"character_chosen":"DEFECT","items_purchased":[],"gold_per_floor":[118,132,147,162,162,206,206,247,247,272,293,293,258,294,294,417,417,433,433],"floor_reached":19,"campfire_rested":1,"playtime":1444,"item_purchase_floors":[],"current_hp_per_floor":[68,68,68,66,63,49,49,49,49,37,29,47,62,62,62,40,63,63,32],"items_purged":[],"gold":433,"score":275,"play_id":"c8e3e3a9-03eb-4776-a2ff-094011c7d1d6","local_time":"20180611212155","is_prod":false,"is_daily":false,"chose_seed":false,"is_ascension_mode":true,"campfire_upgraded":2,"win_rate":0,"timestamp":1528744915,"campfire_choices":[{"data":"Zap","floor":7.0,"key":"SMITH"},{"floor":12.0,"key":"REST"},{"data":"Redo","floor":15.0,"key":"SMITH"}],"path_taken":["M","M","M","M","?","E","R","E","T","M","M","R","?","E","R","BOSS","M","?"],"build_version":"2018-06-07v3","seed_source_timestamp":0,"purchased_purges":0,"victory":false,"master_deck":["Strike_B","Strike_B","Strike_B","Defend_B","Defend_B","Defend_B","Zap+1","Dualcast","Hologram","Buffer","Melter","Leap","Self Repair","Undo","Capacitor","Glacier","Seek","Streamline","Redo+1","Core Surge","Compile Driver+1"],"max_hp_per_floor":[68,68,68,68,63,63,63,63,63,63,63,63,63,63,63,63,63,63,63],"relics":["Cracked Core","Golden Idol","Peace Pipe","Matryoshka","Meat on the Bone","Ornamental Fan","Omamori","Sozu"],"card_choices":[{"not_picked":["Ball Lightning","Hologram"],"picked":"Melter","floor":1.0},{"not_picked":["Gash","Recycle"],"picked":"Leap","floor":2.0},{"not_picked":["Turbo","Leap"],"picked":"Self Repair","floor":3.0},{"not_picked":["Compile Driver","Rebound"],"picked":"Undo","floor":4.0},{"not_picked":["Hologram","Sweeping Beam"],"picked":"Capacitor","floor":6.0},{"not_picked":["Leap","Steam"],"picked":"Glacier","floor":8.0},{"not_picked":["Ball Lightning","Aggregate"],"picked":"Seek","floor":10.0},{"not_picked":["Conserve Battery","Gash"],"picked":"Streamline","floor":11.0},{"not_picked":["Coolheaded","Ball Lightning"],"picked":"Redo","floor":14.0},{"not_picked":["Amplify","All For One"],"picked":"Core Surge","floor":16.0},{"not_picked":["Sweeping Beam","Rebound"],"picked":"Compile Driver+1","floor":18}],"player_experience":655635,"potions_floor_usage":[],"damage_taken":[{"damage":0.0,"enemies":"Jaw Worm","floor":1.0,"turns":5.0},{"damage":0.0,"enemies":"Small Slimes","floor":2.0,"turns":3.0},{"damage":0.0,"enemies":"2 Louse","floor":3.0,"turns":2.0},{"damage":9.0,"enemies":"Red Slaver","floor":4.0,"turns":5.0},{"damage":21.0,"enemies":"3 Sentries","floor":6.0,"turns":9.0},{"damage":0.0,"enemies":"Gremlin Nob","floor":8.0,"turns":3.0},{"damage":12.0,"enemies":"Large Slime","floor":10.0,"turns":6.0},{"damage":27.0,"enemies":"3 Louse","floor":11.0,"turns":5.0},{"damage":0.0,"enemies":"Lagavulin","floor":14.0,"turns":6.0},{"damage":22.0,"enemies":"The Guardian","floor":16.0,"turns":16.0},{"damage":5,"enemies":"Chosen","floor":18,"turns":8},{"damage":31,"floor":19,"turns":5}],"relics_obtained":[{"floor":6.0,"key":"Peace Pipe"},{"floor":8.0,"key":"Matryoshka"},{"floor":9.0,"key":"Meat on the Bone"},{"floor":9.0,"key":"Ornamental Fan"},{"floor":14.0,"key":"Omamori"}],"event_choices":[{"event_name":"Golden Idol","player_choice":"Lose Max HP","floor":5.0,"damage_taken":0.0},{"event_name":"The Cleric","player_choice":"Healed","floor":13.0,"damage_taken":0.0},{"event_name":"Masked Bandits","player_choice":"Fought over 433 gold","floor":19,"damage_taken":0}],"boss_relics":[{"not_picked":["Runic Pyramid","Philosopher\u0027s Stone"],"picked":"Sozu"}],"items_purged_floors":[],"potions_floor_spawned":[2,3,4,6,11,18],"seed_played":"2020424565019092661","ascension_level":3,"potions_obtained":[{"floor":2.0,"key":"PowerPotion"},{"floor":3.0,"key":"GamblersBrew"},{"floor":4.0,"key":"SteroidPotion"},{"floor":6.0,"key":"SteroidPotion"},{"floor":11.0,"key":"SpeedPotion"}],"is_trial":false}