{"path_per_floor":["M","?","$","?","M","R","E","R","T","R","E","M","M","M","R"],"character_chosen":"THE_SILENT","items_purchased":["Bandage Up"],"gold_per_floor":[118,118,14,89,105,105,137,137,164,164,195,205,225,235,235,235],"floor_reached":16,"campfire_rested":1,"playtime":549,"current_hp_per_floor":[70,67,67,56,60,60,60,60,60,60,39,43,47,47,70,0],"items_purged":[],"gold":235,"score":155,"play_id":"7972ef07-912e-4780-85e5-1e20d1b129e5","local_time":"20180509172348","is_prod":false,"is_daily":false,"chose_seed":false,"is_ascension_mode":true,"campfire_upgraded":3,"timestamp":1525879428,"path_taken":["M","?","$","?","M","R","E","R","T","R","E","M","M","M","R","BOSS"],"build_version":"2018-05-03","seed_source_timestamp":490617512806728,"purchased_purges":0,"victory":false,"master_deck":["Defend_G","Defend_G","Defend_G","Defend_G","Defend_G","Strike_G","Strike_G","Strike_G","Strike_G","Strike_G","Survivor+1","Neutralize+1","Underhanded Strike+1","Bandage Up","Deflect","Backstab","Skewer","PiercingWail","Acrobatics","Footwork"],"max_hp_per_floor":[70,70,70,70,70,70,70,70,70,70,70,70,70,70,70,70],"relics":["Ring of the Snake","NeowsBlessing","Bag of Marbles","Omamori","Regal Pillow","Peace Pipe"],"card_choices":[{"not_picked":["Poisoned Stab","Acrobatics"],"picked":"Underhanded Strike","floor":1},{"not_picked":["Poisoned Stab","Catalyst"],"picked":"Deflect","floor":5},{"not_picked":["Setup","Crippling Poison"],"picked":"Backstab","floor":7},{"not_picked":["Cloak And Dagger","Slice"],"picked":"Skewer","floor":11},{"not_picked":["Infinite Blades","Backflip"],"picked":"PiercingWail","floor":12},{"not_picked":["Distraction","Bane"],"picked":"Acrobatics","floor":13},{"not_picked":["Backflip","PiercingWail"],"picked":"Footwork","floor":14}],"player_experience":431572,"potions_floor_usage":[11,13,16],"damage_taken":[{"damage":0,"enemies":"Small Slimes","floor":1,"turns":1},{"damage":0,"enemies":"Jaw Worm","floor":5,"turns":1},{"damage":0,"enemies":"3 Sentries","floor":7,"turns":1},{"damage":25,"enemies":"Gremlin Nob","floor":11,"turns":5},{"damage":0,"enemies":"Cultist","floor":12,"turns":2},{"damage":0,"enemies":"Lots of Slimes","floor":13,"turns":4},{"damage":0,"enemies":"Exordium Wildlife","floor":14,"turns":1},{"damage":75,"enemies":"Hexaghost","floor":16,"turns":16}],"event_choices":[{"event_name":"Scrap Ooze","player_choice":"success","floor":2,"damage_taken":3},{"event_name":"World of Goop","player_choice":"Gather Gold","floor":4,"damage_taken":0}],"boss_relics":[],"potions_floor_spawned":[5,7,12,14],"seed_played":"904686304959701211","killed_by":"Hexaghost","ascension_level":3,"is_trial":false}