{"gold_per_floor":[112,112,112,112,127,162,162,194,194,213,245,245,262,71,71,172,172,184,203,118,118,134,134,160,160,238,267,284,304,304,47,47,146,146,158,79,92,11,22,22,35,35,61,89,105,137,137,148,148,148],"floor_reached":51,"playtime":8533,"items_purged":["Strike_B","Strike_B"],"score":1298,"play_id":"c3991bbc-cad4-4de0-8d6d-92c9a05c87a4","local_time":"20190130223644","is_ascension_mode":true,"campfire_choices":[{"data":"Buffer","floor":7,"key":"SMITH"},{"data":"Sunder","floor":12,"key":"SMITH"},{"floor":15,"key":"REST"},{"data":"Zap","floor":23,"key":"SMITH"},{"data":"Dualcast","floor":25,"key":"SMITH"},{"data":"Loop","floor":32,"key":"SMITH"},{"data":"Defragment","floor":40,"key":"SMITH"},{"data":"Loop","floor":42,"key":"SMITH"},{"data":"FTL","floor":47,"key":"SMITH"},{"data":"Finesse","floor":49,"key":"SMITH"}],"neow_cost":"TEN_PERCENT_HP_LOSS","seed_source_timestamp":0,"circlet_count":0,"master_deck":["AscendersBane","Strike_B+1","Defend_B+1","Defend_B","Defend_B","Zap+1","Dualcast+1","Conserve Battery","Electrodynamics","Sunder+1","Buffer+1","Undo","BootSequence","Hologram+1","Loop+1","Double Energy","Core Surge+1","Gash+1","Loop+1","Cold Snap+1","Cold Snap+1","Cold Snap+1","FTL+1","Finesse+1","All For One","Coolheaded+1","Defragment+1","Tempest+1","Self Repair","Coolheaded+1","Parasite","Self Repair","Loop+1"],"special_seed":0,"relics":["Cracked Core","Kunai","Ornamental Fan","Orichalcum","Matryoshka","Coffee Dripper","Letter Opener","Enchiridion","Bag of Marbles","Oddly Smooth Stone","Mummified Hand","Art of War","Runic Dome","Whetstone","Lantern","Dead Branch","Juzu Bracelet"],"potions_floor_usage":[16,22,29,33,33,50,50],"damage_taken":[{"damage":3.0,"enemies":"2 Louse","floor":1.0,"turns":3.0},{"damage":0.0,"enemies":"Cultist","floor":5.0,"turns":4.0},{"damage":15.0,"enemies":"Lagavulin","floor":6.0,"turns":6.0},{"damage":18,"enemies":"Gremlin Nob","floor":8,"turns":5},{"damage":0,"enemies":"Small Slimes","floor":10,"turns":3},{"damage":0,"enemies":"Lagavulin","floor":11,"turns":7},{"damage":0,"enemies":"2 Fungi Beasts","floor":13,"turns":2},{"damage":0,"enemies":"Slime Boss","floor":16,"turns":8},{"damage":0,"enemies":"Chosen","floor":18,"turns":4},{"damage":0,"enemies":"2 Thieves","floor":19,"turns":3},{"damage":8,"enemies":"Cultist and Chosen","floor":22,"turns":5},{"damage":7,"enemies":"Book of Stabbing","floor":24,"turns":5},{"damage":5,"enemies":"Slavers","floor":27,"turns":4},{"damage":0,"enemies":"Snecko","floor":28,"turns":4},{"damage":4,"enemies":"Snake Plant","floor":29,"turns":3},{"damage":0,"enemies":"Collector","floor":33,"turns":9},{"damage":0,"enemies":"3 Shapes","floor":35,"turns":2},{"damage":3,"enemies":"3 Darklings","floor":37,"turns":5},{"damage":18,"enemies":"Jaw Worm Horde","floor":39,"turns":2},{"damage":0,"enemies":"Writhing Mass","floor":41,"turns":5},{"damage":30,"enemies":"Nemesis","floor":44,"turns":7},{"damage":0,"enemies":"3 Darklings","floor":45,"turns":3},{"damage":0,"enemies":"Giant Head","floor":46,"turns":8},{"damage":0,"enemies":"Maw","floor":48,"turns":5},{"damage":13,"enemies":"Donu and Deca","floor":50,"turns":8}],"seed_played":"-4578007450852043343","potions_obtained":[{"floor":8,"key":"AttackPotion"},{"floor":11,"key":"PowerPotion"},{"floor":13,"key":"SkillPotion"},{"floor":16,"key":"AttackPotion"},{"floor":18,"key":"LiquidBronze"},{"floor":28,"key":"SteroidPotion"},{"floor":29,"key":"Dexterity Potion"},{"floor":33,"key":"Weak Potion"},{"floor":35,"key":"PowerPotion"},{"floor":37,"key":"SpeedPotion"},{"floor":39,"key":"Dexterity Potion"}],"is_trial":false,"path_per_floor":["M","?","?","?","M","E","R","E","T","M","E","R","M","$","R","B",null,"M","M","?","?","M","R","E","R","T","E","M","M","?","$","R","B",null,"M","$","M","$","M","R","M","R","T","E","M","E","R","M","R","B",null],"character_chosen":"DEFECT","items_purchased":["Loop","Double Energy","FTL","Finesse","Defragment","Self Repair"],"campfire_rested":1,"item_purchase_floors":[14,14,31,31,36,38],"current_hp_per_floor":[65,51,56,56,56,41,41,23,23,23,23,23,23,23,44,44,66,66,66,66,50,42,42,35,35,35,30,30,26,26,26,26,26,61,61,61,58,58,40,40,47,47,47,24,24,38,38,52,52,53],"gold":148,"neow_bonus":"REMOVE_TWO","is_prod":false,"is_daily":false,"chose_seed":false,"campfire_upgraded":9,"win_rate":0,"timestamp":1548855404,"path_taken":["M","?","?","?","?","E","R","E","T","M","E","R","M","$","R","BOSS","M","M","?","?","M","R","E","R","T","E","M","M","?","$","R","BOSS","M","?","M","$","M","R","?","R","T","E","M","E","R","M","R","BOSS"],"build_version":"2019-01-23","purchased_purges":2,"victory":true,"max_hp_per_floor":[68,68,73,73,73,73,73,73,73,73,73,73,73,73,73,73,73,73,73,73,73,73,73,73,73,73,73,73,73,73,73,73,73,73,73,73,73,73,73,73,73,73,73,73,73,73,73,73,73,73],"card_choices":[{"not_picked":["Redo","Streamline"],"picked":"Conserve Battery","floor":1.0},{"not_picked":["Stack","Redo"],"picked":"Sunder","floor":5.0},{"not_picked":["Scrape","White Noise"],"picked":"Buffer","floor":6},{"not_picked":["Barrage","Static Discharge"],"picked":"Undo","floor":8},{"not_picked":["Beam Cell","Ball Lightning","Static Discharge"],"picked":"SKIP","floor":10},{"not_picked":["Steam Power","Consume"],"picked":"BootSequence","floor":11},{"not_picked":["Sweeping Beam","Beam Cell"],"picked":"Hologram","floor":13},{"not_picked":["Machine Learning","Biased Cognition"],"picked":"Core Surge","floor":16},{"not_picked":["Turbo","White Noise"],"picked":"Gash+1","floor":18},{"not_picked":["Redo","Doom and Gloom+1"],"picked":"Loop","floor":19},{"not_picked":["Stack+1","Turbo","Leap"],"picked":"SKIP","floor":22},{"not_picked":["Coolheaded+1","Creative AI"],"picked":"Cold Snap","floor":24},{"not_picked":["Rebound","Reprogram","Stack+1"],"picked":"SKIP","floor":27},{"not_picked":["Reinforced Body","Blizzard"],"picked":"Cold Snap+1","floor":28},{"not_picked":["Hologram","Force Field+1"],"picked":"Cold Snap+1","floor":29},{"not_picked":["Meteor Strike","Core Surge"],"picked":"All For One","floor":33},{"not_picked":["Lockon","Consume"],"picked":"Coolheaded+1","floor":35},{"not_picked":["Rebound","Aggregate"],"picked":"Tempest+1","floor":37},{"not_picked":["Hologram+1","Rebound+1"],"picked":"Coolheaded+1","floor":39},{"not_picked":["Coolheaded","Conserve Battery","Streamline"],"picked":"SKIP","floor":41},{"not_picked":["Sweeping Beam","Beam Cell+1","Streamline"],"picked":"SKIP","floor":44},{"not_picked":["All For One","Tempest+1"],"picked":"Self Repair","floor":45},{"not_picked":["BootSequence+1","Compile Driver+1"],"picked":"Loop+1","floor":46},{"not_picked":["Doom and Gloom+1","Genetic Algorithm","Steam"],"picked":"SKIP","floor":48}],"player_experience":471414,"relics_obtained":[{"floor":6,"key":"Kunai"},{"floor":8,"key":"Ornamental Fan"},{"floor":9,"key":"Orichalcum"},{"floor":11,"key":"Matryoshka"},{"floor":21,"key":"Enchiridion"},{"floor":24,"key":"Bag of Marbles"},{"floor":26,"key":"Oddly Smooth Stone"},{"floor":26,"key":"Mummified Hand"},{"floor":27,"key":"Art of War"},{"floor":43,"key":"Whetstone"},{"floor":43,"key":"Lantern"},{"floor":44,"key":"Dead Branch"},{"floor":46,"key":"Juzu Bracelet"}],"event_choices":[{"damage_healed":0.0,"max_hp_gain":0.0,"max_hp_loss":0.0,"gold_gain":0.0,"event_name":"Shining Light","player_choice":"Entered Light","floor":2.0,"gold_loss":0.0,"damage_taken":14.0,"cards_upgraded":["Defend_B","Strike_B"]},{"damage_healed":0.0,"max_hp_gain":5.0,"max_hp_loss":0.0,"gold_gain":0.0,"event_name":"Big Fish","player_choice":"Donut","floor":3.0,"gold_loss":0.0,"damage_taken":0.0},{"damage_healed":0.0,"max_hp_gain":0.0,"max_hp_loss":0.0,"gold_gain":0.0,"event_name":"Match and Keep!","player_choice":"1 cards matched","floor":4.0,"gold_loss":0.0,"damage_taken":0.0,"cards_obtained":["Electrodynamics"]},{"damage_healed":0,"gold_gain":0,"player_choice":"Obtained Relic","damage_taken":0,"relics_obtained":["Letter Opener"],"max_hp_gain":0,"max_hp_loss":0,"event_name":"Addict","floor":20,"gold_loss":85},{"damage_healed":0,"gold_gain":0,"player_choice":"Obtained Book","damage_taken":16,"max_hp_gain":0,"max_hp_loss":0,"event_name":"Cursed Tome","floor":21,"gold_loss":0},{"damage_healed":0,"gold_gain":0,"player_choice":"Forge","damage_taken":0,"max_hp_gain":0,"max_hp_loss":0,"event_name":"Accursed Blacksmith","floor":30,"gold_loss":0,"cards_upgraded":["Hologram"]}],"is_beta":false,"boss_relics":[{"not_picked":["Eternal Feather","Philosopher\u0027s Stone"],"picked":"Coffee Dripper"},{"not_picked":["Orrery","Black Star"],"picked":"Runic Dome"}],"items_purged_floors":[14,31],"is_endless":false,"potions_floor_spawned":[8,11,13,16,18,19,28,29,33,35,37,39,41,48],"ascension_level":10}