{"path_per_floor":["M","M","M","?","?","E","M","E","T","M","$","R","E","M","R","B",null,"M","?","M"],"character_chosen":"IRONCLAD","items_purchased":["Orichalcum","Fruit Juice"],"gold_per_floor":[116,128,144,144,144,175,188,216,263,282,35,35,68,88,88,183,183,198,198,188,188],"floor_reached":21,"campfire_rested":1,"playtime":835,"current_hp_per_floor":[80,80,80,80,80,58,64,52,52,40,40,40,38,39,79,32,72,42,42,18,0],"items_purged":[],"gold":188,"score":251,"play_id":"e1d13adc-40d0-4480-a2cd-3e19dce98dfa","local_time":"20180520111245","is_prod":false,"is_daily":false,"chose_seed":false,"is_ascension_mode":true,"campfire_upgraded":1,"timestamp":1526807565,"campfire_choices":[{"data":"Bash","floor":12,"key":"SMITH"},{"floor":15,"key":"REST"}],"path_taken":["M","?","M","?","?","E","M","E","T","M","$","R","E","M","R","BOSS","M","?","M","M"],"build_version":"2018-05-17","seed_source_timestamp":525072948319453,"purchased_purges":0,"victory":false,"master_deck":["Strike_R","Strike_R","Strike_R","Strike_R","Strike_R","Defend_R","Defend_R","Defend_R","Defend_R","Bash+1","Shrug It Off","Warcry","Cleave+1","Bash","Clumsy","Dropkick","Armaments","Seeing Red","Flex","Power Through","Shrug It Off","Exhume","Decay","True Grit+1"],"max_hp_per_floor":[80,80,80,80,80,80,80,80,80,80,80,80,85,85,85,85,85,87,87,87,87],"relics":["Burning Blood","Singing Bowl","Question Card","Pen Nib","Orichalcum","Regal Pillow","Runic Dome"],"card_choices":[{"not_picked":["Armaments","Perfected Strike"],"picked":"Shrug It Off","floor":1},{"not_picked":["Fire Breathing","Headbutt"],"picked":"Warcry","floor":2},{"not_picked":["Armaments","Headbutt"],"picked":"Cleave","floor":3},{"not_picked":["Cleave","Armaments"],"picked":"Dropkick","floor":6},{"not_picked":["Searing Blow","Iron Wave"],"picked":"Armaments","floor":7},{"not_picked":["Rage","Armaments"],"picked":"Seeing Red","floor":8},{"not_picked":["Pummel","Heavy Blade","Barricade"],"picked":"Flex","floor":10},{"not_picked":["Anger","Dual Wield","Spot Weakness"],"picked":"Power Through","floor":13},{"not_picked":["Sword Boomerang","Havoc","Body Slam"],"picked":"Shrug It Off","floor":14},{"not_picked":["Double Tap","Berserk","Fiend Fire"],"picked":"Exhume","floor":16},{"not_picked":["Pommel Strike","Sword Boomerang","Battle Trance","Sever Soul"],"picked":"Singing Bowl","floor":18},{"not_picked":["Rage","Clash","Second Wind"],"picked":"True Grit+1","floor":20}],"player_experience":496495,"potions_floor_usage":[8,10,13],"damage_taken":[{"damage":1,"enemies":"Cultist","floor":1,"turns":3},{"damage":3,"enemies":"2 Louse","floor":2,"turns":4},{"damage":3,"enemies":"Small Slimes","floor":3,"turns":4},{"damage":28,"enemies":"Gremlin Nob","floor":6,"turns":4},{"damage":0,"enemies":"3 Louse","floor":7,"turns":2},{"damage":18,"enemies":"3 Sentries","floor":8,"turns":4},{"damage":18,"enemies":"Exordium Thugs","floor":10,"turns":4},{"damage":13,"enemies":"Gremlin Nob","floor":13,"turns":3},{"damage":5,"enemies":"Blue Slaver","floor":14,"turns":2},{"damage":53,"enemies":"The Guardian","floor":16,"turns":10},{"damage":38,"enemies":"3 Byrds","floor":18,"turns":8},{"damage":30,"enemies":"2 Thieves","floor":20,"turns":4},{"damage":21,"enemies":"Snecko","floor":21,"turns":4}],"relics_obtained":[{"floor":6,"key":"Singing Bowl"},{"floor":8,"key":"Question Card"},{"floor":9,"key":"Pen Nib"},{"floor":13,"key":"Regal Pillow"}],"event_choices":[{"event_name":"Living Wall","player_choice":"Grow","floor":4,"damage_taken":0},{"event_name":"Match and Keep!","player_choice":"2 cards matched","floor":5,"damage_taken":0},{"event_name":"Wheel of Change","player_choice":"Curse","floor":19,"damage_taken":0}],"boss_relics":[{"not_picked":["Ectoplasm","Philosopher\u0027s Stone"],"picked":"Runic Dome"}],"potions_floor_spawned":[2,6,8,18],"seed_played":"7987697624030383897","killed_by":"Snecko","ascension_level":5,"potions_obtained":[{"floor":2,"key":"Explosive Potion"},{"floor":6,"key":"SpeedPotion"},{"floor":8,"key":"FearPotion"},{"floor":18,"key":"Weak Potion"}],"is_trial":false}