{"gold_per_floor":[109,34,51,51,70,113,125,161,196,229,241,253],"floor_reached":12,"playtime":902,"items_purged":["Strike_R"],"score":100,"play_id":"830bb25d-00ec-44d2-8623-fe4d683b3b78","local_time":"20190112190217","is_ascension_mode":true,"campfire_choices":[{"floor":7,"key":"REST"}],"neow_cost":"NONE","seed_source_timestamp":12005252526877827,"circlet_count":0,"master_deck":["Strike_R","Strike_R","Strike_R","Strike_R","Defend_R","Defend_R","Defend_R","Defend_R","Bash","Forethought","Body Slam","Sentinel","Feel No Pain","Rampage"],"relics":["Burning Blood","Golden Idol","MawBank","Lantern"],"potions_floor_usage":[6,6,12],"damage_taken":[{"damage":21,"enemies":"Small Slimes","floor":1,"turns":4},{"damage":0,"enemies":"2 Louse","floor":3,"turns":3},{"damage":12,"enemies":"Jaw Worm","floor":5,"turns":4},{"damage":60,"enemies":"3 Sentries","floor":6,"turns":17},{"damage":11,"enemies":"3 Louse","floor":8,"turns":8},{"damage":7,"enemies":"Looter","floor":10,"turns":3},{"damage":28,"enemies":"Gremlin Gang","floor":12,"turns":3}],"seed_played":"3573411044914748355","potions_obtained":[{"floor":1,"key":"BloodPotion"},{"floor":3,"key":"BloodPotion"},{"floor":10,"key":"EssenceOfSteel"}],"is_trial":false,"path_per_floor":["M","$","M","?","M","E","R","M","T","M","?","M"],"character_chosen":"IRONCLAD","items_purchased":[],"campfire_rested":1,"item_purchase_floors":[],"current_hp_per_floor":[65,65,71,51,45,7,31,26,26,25,25,0],"gold":253,"neow_bonus":"RANDOM_COLORLESS","is_prod":false,"is_daily":false,"chose_seed":false,"campfire_upgraded":0,"win_rate":0,"timestamp":1547316137,"path_taken":["M","$","M","?","M","E","R","M","T","M","?","?"],"build_version":"2019-01-10","purchased_purges":1,"victory":false,"max_hp_per_floor":[80,80,80,80,80,80,80,80,80,80,80,80],"card_choices":[{"not_picked":["Perfected Strike","Twin Strike"],"picked":"Body Slam","floor":1},{"not_picked":["Cleave","Flex"],"picked":"Sentinel","floor":3},{"not_picked":["Ghostly Armor","Pommel Strike","Metallicize"],"picked":"SKIP","floor":5},{"not_picked":["Heavy Blade","Fiend Fire"],"picked":"Feel No Pain","floor":6},{"not_picked":["Headbutt","Body Slam"],"picked":"Rampage","floor":8},{"not_picked":["Clash","Flex","Armaments"],"picked":"SKIP","floor":10}],"player_experience":209505,"relics_obtained":[{"floor":6,"key":"MawBank"},{"floor":9,"key":"Lantern"}],"event_choices":[{"damage_healed":0,"gold_gain":0,"player_choice":"Take Damage","damage_taken":20,"relics_obtained":["Golden Idol"],"max_hp_gain":0,"max_hp_loss":0,"event_name":"Golden Idol","floor":4,"gold_loss":0},{"damage_healed":0,"gold_gain":0,"player_choice":"Ignored","damage_taken":0,"max_hp_gain":0,"max_hp_loss":0,"event_name":"Shining Light","floor":11,"gold_loss":0}],"is_beta":false,"boss_relics":[],"items_purged_floors":[2],"is_endless":false,"potions_floor_spawned":[1,3,10],"killed_by":"Gremlin Gang","ascension_level":5}