{"path_per_floor":["M","M","?","M","?","E","R","E","T","T","M","?","M","M","R","B",null,"M","M","?","$","?"],"character_chosen":"DEFECT","items_purchased":["Question Card","Rainbow","Stack"],"gold_per_floor":[113,123,123,148,148,181,181,217,217,217,235,410,434,450,450,570,570,590,570,570,59,59,59],"floor_reached":23,"campfire_rested":1,"playtime":1357,"item_purchase_floors":[21,21,21],"current_hp_per_floor":[74,73,55,55,75,61,61,23,23,23,9,9,11,10,32,19,75,57,48,32,32,32,14],"items_purged":["Writhe"],"gold":59,"score":241,"play_id":"ca8ebd99-f511-49e3-a04c-0a71dfb852e3","local_time":"20180616193126","is_prod":false,"is_daily":false,"chose_seed":false,"is_ascension_mode":true,"campfire_upgraded":1,"win_rate":0,"timestamp":1529170286,"campfire_choices":[{"data":"Consume","floor":7,"key":"SMITH"},{"floor":15,"key":"REST"}],"path_taken":["M","M","?","?","?","E","R","E","T","?","M","?","M","M","R","BOSS","M","M","?","$","?","E"],"build_version":"2018-06-14v2","seed_source_timestamp":264688302953067,"purchased_purges":1,"victory":false,"master_deck":["Strike_B","Strike_B","Strike_B","Strike_B","Defend_B","Defend_B","Defend_B","Defend_B","Zap","Dualcast","Conserve Battery","Chaos","Coolheaded","Consume+1","Seek","Static Discharge","Conserve Battery","Leap","Machine Learning","Writhe","Chill+1","Rebound+1","Necronomicurse","Rainbow","Stack"],"max_hp_per_floor":[75,75,75,75,75,75,75,75,75,75,75,75,75,75,75,75,75,75,75,75,75,75,75],"relics":["Cracked Core","Blood Vial","Golden Idol","Lantern","Emotion Chip","Ornamental Fan","Omamori","Calling Bell","DataDisk","Molten Egg 2","Turnip","Necronomicon","Question Card"],"card_choices":[{"not_picked":["Rip and Tear","Cold Snap"],"picked":"Conserve Battery","floor":1},{"not_picked":["Hologram","Barrage"],"picked":"Chaos","floor":2},{"not_picked":["Skim","Stack"],"picked":"Coolheaded","floor":4},{"not_picked":["Melter","FTL"],"picked":"Consume","floor":6},{"not_picked":["Streamline","Hologram"],"picked":"Seek","floor":8},{"not_picked":["Streamline","Redo"],"picked":"Static Discharge","floor":11},{"not_picked":["Fusion","Sunder"],"picked":"Conserve Battery","floor":13},{"not_picked":["Redo","Seek"],"picked":"Leap","floor":14},{"not_picked":["Echo Form","Multi-Cast"],"picked":"Machine Learning","floor":16},{"not_picked":["Hologram","Doom and Gloom+1"],"picked":"Chill+1","floor":18},{"not_picked":["Redo","Turbo+1"],"picked":"Rebound+1","floor":19}],"player_experience":704368,"potions_floor_usage":[6,14],"damage_taken":[{"damage":1,"enemies":"Cultist","floor":1,"turns":3},{"damage":2,"enemies":"Jaw Worm","floor":2,"turns":3},{"damage":2,"enemies":"2 Louse","floor":4,"turns":2},{"damage":14,"enemies":"3 Sentries","floor":6,"turns":8},{"damage":40,"enemies":"Lagavulin","floor":8,"turns":7},{"damage":16,"enemies":"Lots of Slimes","floor":11,"turns":6},{"damage":0,"enemies":"Large Slime","floor":13,"turns":9},{"damage":3,"enemies":"3 Louse","floor":14,"turns":2},{"damage":15,"enemies":"Hexaghost","floor":16,"turns":11},{"damage":18,"enemies":"Chosen","floor":18,"turns":7},{"damage":11,"enemies":"2 Thieves","floor":19,"turns":5},{"damage":20,"enemies":"Gremlin Leader","floor":23,"turns":5}],"relics_obtained":[{"floor":6,"key":"Lantern"},{"floor":8,"key":"Emotion Chip"},{"floor":9,"key":"Ornamental Fan"},{"floor":10,"key":"Omamori"},{"floor":17,"key":"DataDisk"},{"floor":17,"key":"Molten Egg 2"},{"floor":17,"key":"Turnip"},{"floor":20,"key":"Necronomicon"}],"event_choices":[{"event_name":"Golden Idol","player_choice":"Take Damage","floor":3,"damage_taken":0},{"event_name":"Big Fish","player_choice":"Banana","floor":5,"damage_taken":0},{"event_name":"Liars Game","player_choice":"agreed","floor":12,"damage_taken":0},{"event_name":"Cursed Tome","player_choice":"Obtained Book","floor":20,"damage_taken":0},{"event_name":"Beggar","player_choice":"Ignored","floor":22,"damage_taken":0}],"boss_relics":[{"not_picked":["Runic Pyramid","Velvet Choker"],"picked":"Calling Bell"}],"items_purged_floors":[21],"is_endless":false,"potions_floor_spawned":[4,8,11,14],"seed_played":"-8081258541969243144","killed_by":"Gremlin Leader","ascension_level":4,"potions_obtained":[{"floor":4,"key":"LiquidBronze"},{"floor":8,"key":"Ancient Potion"},{"floor":11,"key":"Fire Potion"},{"floor":14,"key":"FearPotion"}],"is_trial":false}