{"gold_per_floor":[117,133,133,133,133,159,159,188,188,188,157,63,63,43,43,147,147,158,158,158,158],"floor_reached":21,"playtime":661,"items_purged":[],"score":272,"play_id":"7cb93b6e-3131-4002-900d-b9ae3ede92b2","local_time":"20181001183207","is_ascension_mode":true,"campfire_choices":[{"floor":7.0,"key":"REST"},{"floor":10.0,"key":"REST"},{"data":"Discovery","floor":15.0,"key":"SMITH"}],"neow_cost":"NONE","seed_source_timestamp":0,"circlet_count":0,"master_deck":["Strike_R","Strike_R","Strike_R","Strike_R","Defend_R","Defend_R","Defend_R","Defend_R+1","Bash","AscendersBane","Fiend Fire","Headbutt+1","True Grit","Metallicize","Shockwave","Armaments","Discovery+1","Shrug It Off","Offering","Carnage+1"],"special_seed":0,"relics":["Burning Blood","WingedGreaves","Omamori","The Courier","Snecko Eye","Nloth\u0027s Gift"],"potions_floor_usage":[21],"damage_taken":[{"damage":1.0,"enemies":"Small Slimes","floor":1.0,"turns":3.0},{"damage":6.0,"enemies":"Cultist","floor":2.0,"turns":3.0},{"damage":44.0,"enemies":"Lagavulin","floor":6.0,"turns":7.0},{"damage":34.0,"enemies":"Gremlin Nob","floor":8.0,"turns":5.0},{"damage":13.0,"enemies":"The Guardian","floor":16.0,"turns":18.0},{"damage":15.0,"enemies":"Shell Parasite","floor":18.0,"turns":3.0},{"damage":0,"enemies":"3 Byrds","floor":21,"turns":1}],"seed_played":"8347140788177632355","potions_obtained":[{"floor":1.0,"key":"EssenceOfSteel"},{"floor":2.0,"key":"GamblersBrew"},{"floor":18.0,"key":"SneckoOil"}],"is_trial":false,"path_per_floor":["M","M","?","?","?","E","R","E","T","R","?","$","?","$","R","B",null,"M","?","?"],"character_chosen":"IRONCLAD","items_purchased":["Armaments","Discovery","Shrug It Off"],"campfire_rested":2,"item_purchase_floors":[12,12,14],"current_hp_per_floor":[77,77,77,70,54,16,40,12,12,36,36,36,56,56,56,53,73,66,66,66,66],"gold":158,"neow_bonus":"ONE_RANDOM_RARE_CARD","is_prod":false,"is_daily":false,"chose_seed":false,"campfire_upgraded":1,"win_rate":0,"timestamp":1538411527,"path_taken":["M","M","?","?","?","E","R","E","T","R","?","$","?","$","R","BOSS","M","?","?","M"],"build_version":"2018-09-27","purchased_purges":0,"victory":false,"max_hp_per_floor":[80,80,80,80,80,80,80,80,80,80,80,80,80,80,80,80,80,80,80,80,80],"card_choices":[{"not_picked":["Body Slam","Warcry"],"picked":"Headbutt","floor":1.0},{"not_picked":["Entrench","Rampage"],"picked":"True Grit","floor":2.0},{"not_picked":["Wild Strike","Hemokinesis"],"picked":"Metallicize","floor":6.0},{"not_picked":["Fire Breathing","Warcry"],"picked":"Shockwave","floor":8.0},{"not_picked":["Juggernaut","Immolate"],"picked":"Offering","floor":16.0},{"not_picked":["True Grit","Ghostly Armor"],"picked":"Carnage+1","floor":18.0}],"player_experience":1018082,"relics_obtained":[{"floor":6.0,"key":"Omamori"},{"floor":8.0,"key":"The Courier"},{"floor":9.0,"key":"Bird Faced Urn"}],"event_choices":[{"event_name":"WeMeetAgain","player_choice":"Potion","floor":3.0,"damage_taken":0.0},{"event_name":"Golden Wing","player_choice":"Card Removal","floor":4.0,"damage_taken":0.0},{"event_name":"Shining Light","player_choice":"Entered Light","floor":5.0,"damage_taken":0.0},{"event_name":"World of Goop","player_choice":"Left","floor":11.0,"damage_taken":0.0},{"event_name":"Mushrooms","player_choice":"Healed and dodged fight","floor":13.0,"damage_taken":0.0},{"event_name":"Ghosts","player_choice":"Ignored","floor":19.0,"damage_taken":0.0},{"event_name":"N\u0027loth","player_choice":"Traded a Bird Faced Urn","floor":20.0,"damage_taken":0.0}],"is_beta":false,"boss_relics":[{"not_picked":["Mark of Pain","Coffee Dripper"],"picked":"Snecko Eye"}],"items_purged_floors":[],"is_endless":false,"potions_floor_spawned":[1,2,18],"killed_by":"3 Byrds","ascension_level":10}