{"gold_per_floor":[116,86,105,117,117,117,138,138,185,185,210,233,233,50,50,176,176,190,43,43,57,57,57,57],"floor_reached":24,"playtime":830,"items_purged":[],"score":279,"play_id":"1157dcb2-5b1c-481d-9c0b-29931d486b36","local_time":"20181007175301","is_ascension_mode":true,"campfire_choices":[{"floor":6.0,"key":"REST"},{"data":"Burst","floor":8.0,"key":"SMITH"},{"data":"Quick Slash","floor":10.0,"key":"SMITH"},{"data":"Caltrops","floor":13.0,"key":"SMITH"},{"data":"Apotheosis","floor":15.0,"key":"SMITH"},{"floor":23,"key":"REST"}],"neow_cost":"NONE","seed_source_timestamp":104460571646854,"circlet_count":0,"master_deck":["Defend_G","Defend_G","Defend_G","Defend_G","Defend_G","Strike_G","Strike_G","Strike_G","Strike_G","Strike_G","Survivor","Neutralize","AscendersBane","Burst+1","Dagger Spray","Backstab","Quick Slash+1","Deflect","Blade Dance","Caltrops+1","Apotheosis+1","Venomology","Flying Knee","Leg Sweep","Quick Slash","Venomology","Riddle With Holes","Deep Breath","Jack Of All Trades","Trip","Blind","Forethought","Purity"],"special_seed":0,"relics":["Ring of the Snake","Golden Idol","Potion Belt","Busted Crown"],"potions_floor_usage":[21,21,21,21],"damage_taken":[{"damage":31.0,"enemies":"Jaw Worm","floor":1.0,"turns":9.0},{"damage":0.0,"enemies":"Cultist","floor":3.0,"turns":5.0},{"damage":0.0,"enemies":"2 Louse","floor":4.0,"turns":3.0},{"damage":0.0,"enemies":"Large Slime","floor":7.0,"turns":5.0},{"damage":1.0,"enemies":"Looter","floor":11.0,"turns":4.0},{"damage":19.0,"enemies":"Exordium Thugs","floor":12.0,"turns":6.0},{"damage":4.0,"enemies":"Hexaghost","floor":16.0,"turns":10.0},{"damage":3.0,"enemies":"3 Byrds","floor":18.0,"turns":4.0},{"damage":0,"enemies":"2 Thieves","floor":21,"turns":4},{"damage":7,"enemies":"Book of Stabbing","floor":24,"turns":3}],"seed_played":"-6217385168233818594","potions_obtained":[{"floor":1.0,"key":"Block Potion"},{"floor":2.0,"key":"GamblersBrew"},{"floor":2.0,"key":"Fruit Juice"},{"floor":3.0,"key":"SpeedPotion"},{"floor":11.0,"key":"Regen Potion"},{"floor":18.0,"key":"FearPotion"}],"is_trial":false,"path_per_floor":["M","?","M","M","?","R","M","R","T","R","M","M","R","$","R","B",null,"M","$","?","M","?","R"],"character_chosen":"THE_SILENT","items_purchased":["Apotheosis","Leg Sweep","Quick Slash","Block Potion"],"campfire_rested":2,"item_purchase_floors":[14,19,19,19],"current_hp_per_floor":[32,32,37,37,37,57,57,57,57,57,56,52,52,52,52,48,64,61,61,61,69,27,47,40],"gold":57,"neow_bonus":"ONE_RANDOM_RARE_CARD","is_prod":false,"is_daily":false,"chose_seed":false,"campfire_upgraded":4,"win_rate":0,"timestamp":1538927581,"path_taken":["M","?","M","M","?","R","?","R","T","R","M","?","R","?","R","BOSS","M","$","?","M","?","R","E"],"build_version":"2018-10-04v2","purchased_purges":0,"victory":false,"max_hp_per_floor":[70,70,75,75,69,69,69,69,69,69,69,69,69,69,69,69,69,69,69,69,69,69,69,69],"card_choices":[{"not_picked":["All Out Attack","Quick Slash"],"picked":"Dagger Spray","floor":1.0},{"not_picked":["PiercingWail","Flying Knee"],"picked":"Backstab","floor":3.0},{"not_picked":["Reflex","Outmaneuver"],"picked":"Quick Slash","floor":4.0},{"not_picked":["Dash","Reflex"],"picked":"Deflect","floor":7.0},{"not_picked":["Backflip","Bane"],"picked":"Blade Dance","floor":11.0},{"not_picked":["Flechettes","Deflect"],"picked":"Caltrops","floor":12.0},{"not_picked":["Storm of Steel","Envenom"],"picked":"Venomology","floor":16.0},{"not_picked":[],"picked":"Flying Knee","floor":18.0},{"not_picked":[],"picked":"Riddle With Holes","floor":21}],"player_experience":1069122,"relics_obtained":[{"floor":9.0,"key":"Potion Belt"}],"event_choices":[{"event_name":"The Woman in Blue","player_choice":"Bought 2 Potions","floor":2.0,"damage_taken":0.0},{"event_name":"Golden Idol","player_choice":"Lose Max HP","floor":5.0,"damage_taken":0.0},{"event_name":"Duplicator","player_choice":"One dupe","floor":20.0,"damage_taken":0.0},{"event_name":"Knowing Skull","player_choice":"CARD CARD CARD CARD CARD CARD ","floor":22,"damage_taken":0}],"is_beta":false,"boss_relics":[{"not_picked":["Tiny House","Ectoplasm"],"picked":"Busted Crown"}],"items_purged_floors":[],"is_endless":false,"potions_floor_spawned":[1,3,11,18],"killed_by":"Book of Stabbing","ascension_level":10}