{"gold_per_floor":[367,66,66,86,104,104,139,139,139,139,50,50,10,20,20,99,99,117,117,135,135],"floor_reached":21,"playtime":824,"items_purged":["Pain"],"score":336,"play_id":"1b68ea97-35c7-4973-a4af-26a198855897","local_time":"20190217121820","is_ascension_mode":true,"campfire_choices":[{"floor":6,"key":"REST"},{"floor":8,"key":"REST"},{"floor":10,"key":"REST"},{"data":"Rage","floor":15,"key":"SMITH"}],"neow_cost":"CURSE","seed_source_timestamp":15091492942119284,"circlet_count":0,"master_deck":["AscendersBane","Strike_R","Strike_R","Strike_R","Strike_R","Defend_R","Defend_R","Defend_R","Bash","Warcry","Impervious","True Grit","Second Wind","Metallicize","Barricade","Battle Trance","Rage+1","Evolve"],"relics":["Burning Blood","Brimstone","Du-Vu Doll","Darkstone Periapt","Mark of Pain"],"potions_floor_usage":[16,21],"damage_taken":[{"damage":31,"enemies":"Small Slimes","floor":1,"turns":5},{"damage":3,"enemies":"Cultist","floor":4,"turns":3},{"damage":0,"enemies":"Jaw Worm","floor":5,"turns":4},{"damage":42,"enemies":"3 Sentries","floor":7,"turns":8},{"damage":6,"enemies":"Exordium Wildlife","floor":14,"turns":5},{"damage":45,"enemies":"The Guardian","floor":16,"turns":9},{"damage":29,"enemies":"Shell Parasite","floor":18,"turns":5},{"damage":5,"enemies":"Chosen","floor":20,"turns":6},{"damage":50,"enemies":"3 Cultists","floor":21,"turns":4}],"seed_played":"1449995940258121027","potions_obtained":[{"floor":4,"key":"GamblersBrew"},{"floor":5,"key":"LiquidBronze"},{"floor":16,"key":"SteroidPotion"}],"is_trial":false,"path_per_floor":["M","$","?","M","M","R","E","R","T","R","$","?","$","M","R","B",null,"M","?","M","M"],"character_chosen":"IRONCLAD","items_purchased":["Brimstone","Barricade","Battle Trance"],"campfire_rested":3,"item_purchase_floors":[2,11,13],"current_hp_per_floor":[43,43,43,46,52,74,38,60,60,75,75,68,68,68,68,29,64,41,41,42,0],"gold":135,"neow_bonus":"TWO_FIFTY_GOLD","is_prod":false,"is_daily":false,"chose_seed":false,"campfire_upgraded":1,"win_rate":0,"timestamp":1550402300,"path_taken":["M","$","?","M","?","R","E","R","T","R","?","?","?","M","R","BOSS","M","?","M","M"],"build_version":"2019-01-23","purchased_purges":1,"victory":false,"max_hp_per_floor":[75,75,75,75,75,75,75,75,75,75,75,75,75,75,75,75,75,75,75,75,75],"card_choices":[{"not_picked":["Clash","Twin Strike"],"picked":"Warcry","floor":1},{"not_picked":["Pommel Strike","Havoc"],"picked":"True Grit","floor":4},{"not_picked":["Thunderclap","Body Slam"],"picked":"Second Wind","floor":5},{"not_picked":["Shrug It Off","Hemokinesis"],"picked":"Metallicize","floor":7},{"not_picked":["Intimidate","Perfected Strike"],"picked":"Rage","floor":14},{"not_picked":["Perfected Strike","Headbutt"],"picked":"Evolve","floor":18},{"not_picked":["Warcry","Anger","Sword Boomerang"],"picked":"SKIP","floor":20}],"player_experience":400585,"relics_obtained":[{"floor":7,"key":"Du-Vu Doll"},{"floor":9,"key":"Darkstone Periapt"}],"event_choices":[{"damage_healed":0,"gold_gain":0,"cards_transformed":["Strike_R"],"player_choice":"Transformed","damage_taken":0,"max_hp_gain":0,"max_hp_loss":0,"event_name":"Transmorgrifier","floor":3,"gold_loss":0,"cards_obtained":["Impervious"]},{"cards_removed":["Defend_R"],"damage_healed":0,"gold_gain":0,"player_choice":"Card Removal","damage_taken":7,"max_hp_gain":0,"max_hp_loss":0,"event_name":"Golden Wing","floor":12,"gold_loss":0},{"damage_healed":0,"gold_gain":0,"player_choice":"Ignored","damage_taken":0,"max_hp_gain":0,"max_hp_loss":0,"event_name":"Beggar","floor":19,"gold_loss":0}],"is_beta":false,"boss_relics":[{"not_picked":["Black Star","Velvet Choker"],"picked":"Mark of Pain"}],"items_purged_floors":[2],"is_endless":false,"potions_floor_spawned":[4,5,14,16,20],"killed_by":"3 Cultists","ascension_level":18}