{"gold_per_floor":[119,137,137,62,62,93,93,93,93,104,104,114,114,133,133,133],"floor_reached":16,"playtime":905,"items_purged":["Defend_R"],"score":140,"play_id":"e6b7cfce-342f-43fd-a8c7-d87f878110a0","local_time":"20190117204139","is_ascension_mode":true,"campfire_choices":[{"floor":8,"key":"REST"},{"data":"1","floor":15,"key":"LIFT"}],"neow_cost":"PERCENT_DAMAGE","seed_source_timestamp":12443212874914905,"circlet_count":0,"master_deck":["Strike_R","Strike_R","Strike_R","Strike_R","Strike_R","Defend_R","Defend_R","Defend_R","Bash+1","Mind Blast","Panacea","Shrug It Off+1","Shrug It Off","Iron Wave","Feed"],"relics":["Burning Blood","Ancient Tea Set","Girya","Golden Idol"],"potions_floor_usage":[6,16,16],"damage_taken":[{"damage":12,"enemies":"2 Louse","floor":1,"turns":4},{"damage":7,"enemies":"Jaw Worm","floor":2,"turns":3},{"damage":25,"enemies":"3 Sentries","floor":6,"turns":10},{"damage":0,"enemies":"Small Slimes","floor":10,"turns":4},{"damage":0,"enemies":"Looter","floor":12,"turns":3},{"damage":0,"enemies":"Exordium Wildlife","floor":14,"turns":4},{"damage":67,"enemies":"Hexaghost","floor":16,"turns":14}],"seed_played":"14741520948726258","potions_obtained":[{"floor":1,"key":"Fire Potion"},{"floor":6,"key":"Block Potion"},{"floor":14,"key":"Dexterity Potion"}],"is_trial":false,"path_per_floor":["M","M","?","$","?","E","$","R","T","M","?","M","?","M","R","B"],"character_chosen":"IRONCLAD","items_purchased":[],"campfire_rested":1,"item_purchase_floors":[],"current_hp_per_floor":[45,44,44,44,28,9,9,33,33,39,65,71,51,60,60,0],"gold":133,"neow_bonus":"RANDOM_COLORLESS_2","is_prod":false,"is_daily":false,"chose_seed":false,"campfire_upgraded":0,"win_rate":0,"timestamp":1547754099,"path_taken":["M","M","?","$","?","E","$","R","T","M","?","?","?","M","R","BOSS"],"build_version":"2019-01-10","purchased_purges":1,"victory":false,"max_hp_per_floor":[80,80,80,80,80,80,80,80,80,80,80,80,80,83,83,83],"card_choices":[{"not_picked":["Feel No Pain","Corruption"],"picked":"Shrug It Off","floor":1},{"not_picked":["Sever Soul","Bloodletting","Flex"],"picked":"SKIP","floor":2},{"not_picked":["Searing Blow","Sword Boomerang"],"picked":"Shrug It Off","floor":6},{"not_picked":["Metallicize","Anger"],"picked":"Iron Wave","floor":10},{"not_picked":["True Grit","Armaments"],"picked":"Feed","floor":12},{"not_picked":["Clash","Pommel Strike","Clothesline"],"picked":"SKIP","floor":14}],"player_experience":252114,"relics_obtained":[{"floor":6,"key":"Ancient Tea Set"},{"floor":9,"key":"Girya"}],"event_choices":[{"damage_healed":0,"gold_gain":0,"player_choice":"Ignored","damage_taken":0,"max_hp_gain":0,"max_hp_loss":0,"event_name":"Liars Game","floor":3,"gold_loss":0},{"damage_healed":0,"gold_gain":0,"player_choice":"Entered Light","damage_taken":16,"max_hp_gain":0,"max_hp_loss":0,"event_name":"Shining Light","floor":5,"gold_loss":0,"cards_upgraded":["Shrug It Off","Bash"]},{"damage_healed":26,"gold_gain":0,"player_choice":"Banana","damage_taken":0,"max_hp_gain":0,"max_hp_loss":0,"event_name":"Big Fish","floor":11,"gold_loss":0},{"damage_healed":0,"gold_gain":0,"player_choice":"Take Damage","damage_taken":20,"relics_obtained":["Golden Idol"],"max_hp_gain":0,"max_hp_loss":0,"event_name":"Golden Idol","floor":13,"gold_loss":0}],"is_beta":false,"boss_relics":[],"items_purged_floors":[4],"is_endless":false,"potions_floor_spawned":[1,6,14],"killed_by":"Hexaghost","ascension_level":8}