{"gold_per_floor":[113,124,124,17,17,17,45,57,69,81,111,137,161,173,185,302,314,340,352,382,80,99,125,125,141,164,181,181,206,129,140,140,140],"floor_reached":33,"playtime":5170,"items_purged":[],"score":337,"play_id":"ec6f0dc9-4a51-47be-84c4-cb122152da3c","local_time":"20190129194021","is_ascension_mode":false,"campfire_choices":[{"data":"Neutralize","floor":6,"key":"SMITH"},{"data":"Footwork","floor":8,"key":"SMITH"},{"data":"Infinite Blades","floor":10,"key":"SMITH"},{"data":"Glass Knife","floor":15,"key":"SMITH"},{"floor":24,"key":"REST"},{"data":"Infinite Blades","floor":32,"key":"SMITH"}],"neow_cost":"NONE","seed_source_timestamp":3884473651300,"circlet_count":0,"master_deck":["Defend_G","Defend_G","Defend_G","Defend_G","Defend_G","Survivor","Neutralize+1","Infinite Blades+1","Footwork+1","Well Laid Plans","Dagger Spray","Predator","Deflect","Glass Knife+1","Infinite Blades+1","Sucker Punch","Envenom","Backflip","All Out Attack+1","Footwork","Backflip","PiercingWail","Blade Dance+1","Finisher","Leg Sweep","Bite","Bite","Bite","Bite","Bite","Deflect"],"relics":["Ring of the Snake","NeowsBlessing","MawBank","Meat on the Bone","Empty Cage","MutagenicStrength","Bronze Scales","Omamori","Orichalcum","Du-Vu Doll"],"potions_floor_usage":[16,16,23,23,25,29,31],"damage_taken":[{"damage":0,"enemies":"Small Slimes","floor":1,"turns":1},{"damage":0,"enemies":"2 Louse","floor":2,"turns":1},{"damage":0,"enemies":"Gremlin Nob","floor":7,"turns":1},{"damage":0,"enemies":"Cultist","floor":11,"turns":4},{"damage":10,"enemies":"Blue Slaver","floor":12,"turns":3},{"damage":3,"enemies":"3 Louse","floor":13,"turns":3},{"damage":14,"enemies":"Slime Boss","floor":16,"turns":9},{"damage":10,"enemies":"Shell Parasite","floor":18,"turns":6},{"damage":13,"enemies":"Chosen","floor":20,"turns":6},{"damage":18,"enemies":"Shelled Parasite and Fungi","floor":22,"turns":5},{"damage":22,"enemies":"Gremlin Leader","floor":23,"turns":6},{"damage":14,"enemies":"Sentry and Sphere","floor":25,"turns":5},{"damage":30,"enemies":"Cultist and Chosen","floor":27,"turns":8},{"damage":9,"enemies":"Book of Stabbing","floor":29,"turns":5},{"damage":3,"enemies":"Snecko","floor":31,"turns":5},{"damage":68,"enemies":"Champ","floor":33,"turns":13}],"seed_played":"-5924928564262406572","potions_obtained":[{"floor":7,"key":"Weak Potion"},{"floor":11,"key":"Swift Potion"},{"floor":16,"key":"Poison Potion"},{"floor":22,"key":"SteroidPotion"},{"floor":23,"key":"Swift Potion"},{"floor":27,"key":"Fire Potion"}],"is_trial":false,"path_per_floor":["M","M","?","$","?","R","E","R","T","R","M","M","M","$","R","B",null,"M","?","M","$","M","E","R","M","T","M","?","E","$","M","R","B"],"character_chosen":"THE_SILENT","items_purchased":["Well Laid Plans","Dagger Spray","Bronze Scales","Footwork","Backflip","PiercingWail","Regen Potion"],"campfire_rested":1,"item_purchase_floors":[4,4,21,21,21,21,30],"current_hp_per_floor":[70,70,70,70,70,70,70,70,70,70,70,60,57,57,57,43,70,60,60,47,47,41,31,52,38,38,20,20,25,25,36,36,0],"gold":140,"neow_bonus":"THREE_ENEMY_KILL","is_prod":false,"is_daily":false,"chose_seed":false,"campfire_upgraded":5,"win_rate":0.0,"timestamp":1548808821,"path_taken":["M","M","?","$","?","R","E","R","T","R","?","M","M","$","R","BOSS","M","?","M","$","M","E","R","M","T","M","?","E","$","?","R","BOSS"],"build_version":"2019-01-23","purchased_purges":0,"victory":false,"max_hp_per_floor":[70,70,70,70,70,70,70,70,70,70,70,70,70,70,70,70,70,70,70,70,70,70,70,70,70,70,70,49,49,49,49,49,49],"card_choices":[{"not_picked":["Bane","Finisher"],"picked":"Infinite Blades","floor":1},{"not_picked":["PiercingWail","Caltrops"],"picked":"Footwork","floor":2},{"not_picked":["PiercingWail","Deadly Poison"],"picked":"Deflect","floor":7},{"not_picked":["Well Laid Plans","Bouncing Flask"],"picked":"Glass Knife","floor":11},{"not_picked":["Bane","Poisoned Stab"],"picked":"Infinite Blades","floor":12},{"not_picked":["Prepared","Calculated Gamble"],"picked":"Sucker Punch","floor":13},{"not_picked":["Phantasmal Killer","Doppelganger"],"picked":"Envenom","floor":16},{"not_picked":["Prepared","Poisoned Stab"],"picked":"Backflip","floor":18},{"not_picked":["Expertise+1","Bane+1"],"picked":"All Out Attack+1","floor":20},{"not_picked":["Deadly Poison","Poisoned Stab+1"],"picked":"Blade Dance+1","floor":22},{"not_picked":["Malaise","Deflect+1"],"picked":"Finisher","floor":23},{"not_picked":["Blade Dance","Prepared"],"picked":"Leg Sweep","floor":25},{"not_picked":["Sucker Punch","Flying Knee","Deadly Poison"],"picked":"SKIP","floor":27},{"not_picked":["Skewer","Escape Plan","Heel Hook"],"picked":"SKIP","floor":29},{"not_picked":["Noxious Fumes","Poisoned Stab"],"picked":"Deflect","floor":31}],"player_experience":161445,"relics_obtained":[{"floor":7,"key":"MawBank"},{"floor":9,"key":"Meat on the Bone"},{"floor":23,"key":"Omamori"},{"floor":26,"key":"Orichalcum"},{"floor":29,"key":"Du-Vu Doll"}],"event_choices":[{"damage_healed":0,"gold_gain":0,"player_choice":"Ignored","damage_taken":0,"max_hp_gain":0,"max_hp_loss":0,"event_name":"Golden Wing","floor":3,"gold_loss":0},{"damage_healed":0,"gold_gain":0,"cards_transformed":["Strike_G"],"player_choice":"Transformed","damage_taken":0,"max_hp_gain":0,"max_hp_loss":0,"event_name":"Transmorgrifier","floor":5,"gold_loss":0,"cards_obtained":["Predator"]},{"damage_healed":0,"gold_gain":0,"player_choice":"Inject Mutagens","damage_taken":0,"relics_obtained":["MutagenicStrength"],"max_hp_gain":0,"max_hp_loss":0,"event_name":"Drug Dealer","floor":19,"gold_loss":0},{"damage_healed":0,"gold_gain":0,"player_choice":"Became a vampire","damage_taken":0,"max_hp_gain":0,"max_hp_loss":21,"event_name":"Vampires","floor":28,"gold_loss":0,"cards_obtained":["Bite","Bite","Bite","Bite","Bite"]}],"is_beta":false,"boss_relics":[{"not_picked":["White Beast Statue","Busted Crown"],"picked":"Empty Cage"}],"items_purged_floors":[],"is_endless":false,"potions_floor_spawned":[7,11,16,22,23,27],"killed_by":"Champ","ascension_level":0}