{"gold_per_floor":[115,128,23,23,23,23,43,57,57,77,77,100,113,129,129,129],"floor_reached":16,"playtime":495,"items_purged":[],"score":136,"play_id":"33c62cc1-7cdb-47a6-89b6-1a78b6d1e77e","local_time":"20180908212811","is_ascension_mode":true,"campfire_choices":[{"data":"Zap","floor":6,"key":"SMITH"},{"floor":15,"key":"REST"}],"neow_cost":"NONE","seed_source_timestamp":677091501191827,"circlet_count":0,"master_deck":["Strike_B","Strike_B+1","Strike_B","Strike_B","Defend_B","Defend_B","Defend_B","Defend_B","Zap+1","Dualcast","Sunder","Gash","Finesse","Regret","Gash","Consume","Skim+1","Double Energy","Undo"],"relics":["Cracked Core","NeowsBlessing","Gremlin Horn","Juzu Bracelet","Odd Mushroom"],"potions_floor_usage":[12,12,16,16],"damage_taken":[{"damage":0,"enemies":"Small Slimes","floor":1,"turns":1},{"damage":0,"enemies":"Jaw Worm","floor":2,"turns":1},{"damage":0,"enemies":"Cultist","floor":7,"turns":1},{"damage":11,"enemies":"3 Louse","floor":8,"turns":2},{"damage":4,"enemies":"Looter","floor":10,"turns":3},{"damage":0,"enemies":"The Mushroom Lair","floor":12,"turns":2},{"damage":2,"enemies":"2 Fungi Beasts","floor":13,"turns":2},{"damage":5,"enemies":"Exordium Thugs","floor":14,"turns":3},{"damage":52,"enemies":"Slime Boss","floor":16,"turns":8}],"seed_played":"8593497027052362320","potions_obtained":[{"floor":1,"key":"Energy Potion"},{"floor":7,"key":"SkillPotion"},{"floor":8,"key":"Fire Potion"},{"floor":13,"key":"EssenceOfSteel"}],"is_trial":false,"path_per_floor":["M","M","$","?","?","R","M","M","T","M","?","?","M","M","R"],"character_chosen":"DEFECT","items_purchased":["Finesse"],"campfire_rested":1,"item_purchase_floors":[3],"current_hp_per_floor":[68,68,68,68,68,68,68,57,57,53,38,38,36,31,53,1],"gold":129,"neow_bonus":"THREE_ENEMY_KILL","is_prod":false,"is_daily":false,"chose_seed":false,"campfire_upgraded":1,"win_rate":0,"timestamp":1536434891,"path_taken":["M","M","$","?","?","R","?","M","T","M","?","?","M","M","R","BOSS"],"build_version":"2018-09-06","purchased_purges":0,"victory":false,"max_hp_per_floor":[75,75,75,75,75,75,75,75,75,75,75,75,75,75,75,75],"card_choices":[{"not_picked":["Melter","Turbo"],"picked":"Sunder","floor":1},{"not_picked":["Cold Snap","Fusion"],"picked":"Gash","floor":2},{"not_picked":["Genetic Algorithm","Streamline"],"picked":"Gash","floor":7},{"not_picked":["Compile Driver","Steam"],"picked":"Consume","floor":8},{"not_picked":["Self Repair","Redo"],"picked":"Skim","floor":10},{"not_picked":["Capacitor","Turbo"],"picked":"Double Energy","floor":12},{"not_picked":["Turbo","Rainbow","Chill"],"picked":"SKIP","floor":13},{"not_picked":["Streamline","Barrage"],"picked":"Undo","floor":14}],"player_experience":984952,"relics_obtained":[{"floor":9,"key":"Juzu Bracelet"},{"floor":12,"key":"Odd Mushroom"}],"event_choices":[{"event_name":"The Cleric","player_choice":"Leave","floor":4,"damage_taken":0},{"event_name":"Big Fish","player_choice":"Box","floor":5,"damage_taken":0},{"event_name":"Shining Light","player_choice":"Entered Light","floor":11,"damage_taken":0},{"event_name":"Mushrooms","player_choice":"Fought Mushrooms","floor":12,"damage_taken":0}],"is_beta":false,"boss_relics":[],"items_purged_floors":[],"is_endless":false,"potions_floor_spawned":[1,7,8,13],"killed_by":"Slime Boss","ascension_level":9}