{"gold_per_floor":[109,123,88,263,263,298,185,185,259,273,273,287,300,312,312,409,409,420,420,420,420],"floor_reached":21,"playtime":7257,"items_purged":["Regret"],"score":341,"play_id":"c73f7940-5000-4af3-9f85-8a828cb81ec2","local_time":"20181203132546","is_ascension_mode":true,"campfire_choices":[{"floor":11,"key":"DIG"},{"floor":15,"key":"DIG"}],"neow_cost":"NONE","seed_source_timestamp":0,"circlet_count":0,"master_deck":["AscendersBane","Defend_G","Defend_G","Defend_G","Defend_G","Defend_G","Survivor","Neutralize","Tactician","Acrobatics","Doubt","Leg Sweep","Calculated Gamble","Dagger Spray","PiercingWail","Underhanded Strike","Acrobatics","Glass Knife","Eviscerate","Bite","Bite","Bite","Bite","Bite","Writhe"],"special_seed":0,"relics":["Ring of the Serpent","NeowsBlessing","Mercury Hourglass","Pantograph","Shovel","Pear","Question Card","Shuriken","Juzu Bracelet"],"potions_floor_usage":[16,16],"damage_taken":[{"damage":0.0,"enemies":"Jaw Worm","floor":1.0,"turns":1.0},{"damage":0,"enemies":"Small Slimes","floor":2,"turns":1},{"damage":0,"enemies":"3 Sentries","floor":6,"turns":1},{"damage":0,"enemies":"2 Louse","floor":10,"turns":3},{"damage":20,"enemies":"Large Slime","floor":12,"turns":8},{"damage":6,"enemies":"Looter","floor":13,"turns":3},{"damage":4,"enemies":"Blue Slaver","floor":14,"turns":3},{"damage":32,"enemies":"Slime Boss","floor":16,"turns":10},{"damage":21,"enemies":"Shell Parasite","floor":18,"turns":7},{"damage":0,"enemies":"Colosseum Slavers","floor":21,"turns":1}],"seed_played":"-1805662564907111447","potions_obtained":[{"floor":2,"key":"GhostInAJar"},{"floor":10,"key":"Explosive Potion"},{"floor":16,"key":"LiquidBronze"},{"floor":18,"key":"SteroidPotion"}],"is_trial":false,"path_per_floor":["M","M","M","?","?","?","E","$","?","T","M","R","M","M","M","R","B",null,"M","?","?","?"],"character_chosen":"THE_SILENT","items_purchased":["Calculated Gamble"],"campfire_rested":0,"item_purchase_floors":[7],"current_hp_per_floor":[63,63,70,70,70,70,70,58,68,68,68,48,42,38,38,31,68,47,47,47,47],"gold":420,"neow_bonus":"THREE_ENEMY_KILL","is_prod":false,"is_daily":false,"chose_seed":false,"campfire_upgraded":0,"win_rate":0,"timestamp":1543839946,"path_taken":["M","M","?","?","?","E","$","?","T","M","R","M","M","M","R","BOSS","M","?","?","?"],"build_version":"2018-11-15","purchased_purges":1,"victory":false,"max_hp_per_floor":[70,70,70,70,70,70,70,70,80,80,80,80,80,80,80,80,80,80,56,56,56],"card_choices":[{"not_picked":["Dagger Spray","PiercingWail"],"picked":"Tactician","floor":1},{"not_picked":["Dagger Spray","Accuracy"],"picked":"Acrobatics","floor":2},{"not_picked":["Deadly Poison","Storm of Steel"],"picked":"Leg Sweep","floor":6},{"not_picked":["Calculated Gamble","Accuracy"],"picked":"Dagger Spray","floor":10},{"not_picked":["Deflect","Bane","Cloak And Dagger"],"picked":"PiercingWail","floor":12},{"not_picked":["PiercingWail","Footwork","Slice"],"picked":"Underhanded Strike","floor":13},{"not_picked":["Dagger Spray","Dodge and Roll","Quick Slash"],"picked":"Acrobatics","floor":14},{"not_picked":["A Thousand Cuts","Doppelganger","Envenom"],"picked":"Glass Knife","floor":16},{"not_picked":["Deadly Poison","Noxious Fumes+1","Cloak And Dagger"],"picked":"Eviscerate","floor":18}],"player_experience":1562458,"relics_obtained":[{"floor":6,"key":"Pantograph"},{"floor":9,"key":"Pear"},{"floor":11,"key":"Question Card"},{"floor":15,"key":"Shuriken"}],"event_choices":[{"damage_healed":17,"gold_gain":0,"player_choice":"Healed","damage_taken":0,"max_hp_gain":0,"max_hp_loss":0,"event_name":"The Cleric","floor":3,"gold_loss":35},{"damage_healed":0,"gold_gain":175,"player_choice":"AGREE","damage_taken":0,"max_hp_gain":0,"max_hp_loss":0,"event_name":"Liars Game","floor":4,"gold_loss":0,"cards_obtained":["Doubt"]},{"damage_healed":0,"gold_gain":0,"player_choice":"Box","damage_taken":0,"relics_obtained":["Mercury Hourglass"],"max_hp_gain":0,"max_hp_loss":0,"event_name":"Big Fish","floor":5,"gold_loss":0,"cards_obtained":["Regret"]},{"damage_healed":0,"gold_gain":0,"player_choice":"Success","damage_taken":12,"relics_obtained":["Shovel"],"max_hp_gain":0,"max_hp_loss":0,"event_name":"Scrap Ooze","floor":8,"gold_loss":0},{"damage_healed":0,"gold_gain":0,"player_choice":"Became a vampire","damage_taken":0,"max_hp_gain":0,"max_hp_loss":24,"event_name":"Vampires","floor":19,"gold_loss":0,"cards_obtained":["Bite","Bite","Bite","Bite","Bite"]},{"damage_healed":0,"gold_gain":0,"player_choice":"Opened","damage_taken":0,"relics_obtained":["Juzu Bracelet"],"max_hp_gain":0,"max_hp_loss":0,"event_name":"The Mausoleum","floor":20,"gold_loss":0,"cards_obtained":["Writhe"]},{"damage_healed":0,"gold_gain":0,"player_choice":"Fight","damage_taken":0,"max_hp_gain":0,"max_hp_loss":0,"event_name":"Colosseum","floor":21,"gold_loss":0}],"is_beta":false,"boss_relics":[{"not_picked":["Fusion Hammer","Sozu"],"picked":"Ring of the Serpent"}],"items_purged_floors":[7],"is_endless":false,"potions_floor_spawned":[2,10,12,14,16,18],"killed_by":"Colosseum Slavers","ascension_level":11}