{"gold_per_floor":[115,130,130,130,14,14,50,73,98,113,38,52,91,116,116,210,210,233,254,254],"floor_reached":20,"playtime":707,"items_purged":["Regret"],"score":418,"play_id":"481da376-1fff-4ce2-be71-86393058c291","local_time":"20190212215333","is_ascension_mode":true,"campfire_choices":[{"data":"Bouncing Flask","floor":6,"key":"SMITH"},{"floor":15,"key":"REST"}],"neow_cost":"NONE","seed_source_timestamp":14214517942738,"circlet_count":0,"master_deck":["AscendersBane","Defend_G","Defend_G","Defend_G","Defend_G","Defend_G","Strike_G","Strike_G","Survivor","Neutralize","Bouncing Flask+1","Blur","Caltrops","Noxious Fumes","Deadly Poison","Dodge and Roll","Footwork","Footwork","Night Terror","Envenom+1","Doppelganger+1","Calculated Gamble+1","Acrobatics"],"relics":["Ring of the Snake","NeowsBlessing","Bag of Marbles","Golden Idol","Centennial Puzzle","Ancient Tea Set","Pen Nib","Bag of Preparation","Astrolabe"],"potions_floor_usage":[13,20],"damage_taken":[{"damage":0,"enemies":"Cultist","floor":1,"turns":1},{"damage":0,"enemies":"Small Slimes","floor":2,"turns":1},{"damage":0,"enemies":"Lagavulin","floor":7,"turns":1},{"damage":7,"enemies":"Jaw Worm","floor":10,"turns":3},{"damage":4,"enemies":"Blue Slaver","floor":12,"turns":4},{"damage":22,"enemies":"Gremlin Nob","floor":13,"turns":4},{"damage":25,"enemies":"Lots of Slimes","floor":14,"turns":5},{"damage":8,"enemies":"Hexaghost","floor":16,"turns":10},{"damage":0,"enemies":"Spheric Guardian","floor":18,"turns":3},{"damage":2,"enemies":"Shell Parasite","floor":19,"turns":9},{"damage":59,"enemies":"Masked Bandits","floor":20,"turns":3}],"seed_played":"-2216616029965621103","potions_obtained":[{"floor":1,"key":"FearPotion"},{"floor":7,"key":"PowerPotion"},{"floor":19,"key":"FearPotion"}],"is_trial":false,"path_per_floor":["M","M","?","?","$","R","E","T","T","M","?","M","E","M","R","B",null,"M","M","?"],"character_chosen":"THE_SILENT","items_purchased":["Caltrops"],"campfire_rested":1,"item_purchase_floors":[5],"current_hp_per_floor":[59,59,59,59,59,59,59,59,59,52,52,48,26,1,20,12,53,53,51,0],"gold":254,"neow_bonus":"THREE_ENEMY_KILL","is_prod":false,"is_daily":false,"chose_seed":false,"campfire_upgraded":1,"win_rate":0,"timestamp":1550026413,"path_taken":["M","?","?","?","?","R","E","?","T","?","?","M","E","M","R","BOSS","M","M","?"],"build_version":"2019-01-23","purchased_purges":1,"victory":false,"max_hp_per_floor":[66,66,66,66,66,66,66,66,66,66,66,66,66,66,66,66,66,66,66,66],"card_choices":[{"not_picked":["Masterful Stab","PiercingWail"],"picked":"Bouncing Flask","floor":1},{"not_picked":["Outmaneuver","Dodge and Roll"],"picked":"Blur","floor":2},{"not_picked":["Quick Slash","Underhanded Strike"],"picked":"Noxious Fumes","floor":7},{"not_picked":["Dodge and Roll","Blade Dance"],"picked":"Deadly Poison","floor":10},{"not_picked":["Unload","Blade Dance"],"picked":"Dodge and Roll","floor":12},{"not_picked":["Noxious Fumes","Dagger Spray"],"picked":"Footwork","floor":13},{"not_picked":["Quick Slash","Cloak And Dagger"],"picked":"Footwork","floor":14},{"not_picked":["Corpse Explosion","Envenom"],"picked":"Night Terror","floor":16},{"not_picked":["Terror","Slice","Concentrate"],"picked":"SKIP","floor":18},{"not_picked":["Underhanded Strike","Prepared"],"picked":"Acrobatics","floor":19}],"player_experience":1190002,"relics_obtained":[{"floor":7,"key":"Centennial Puzzle"},{"floor":8,"key":"Ancient Tea Set"},{"floor":9,"key":"Pen Nib"},{"floor":13,"key":"Bag of Preparation"}],"event_choices":[{"damage_healed":0,"gold_gain":0,"player_choice":"Box","damage_taken":0,"relics_obtained":["Bag of Marbles"],"max_hp_gain":0,"max_hp_loss":0,"event_name":"Big Fish","floor":3,"gold_loss":0,"cards_obtained":["Regret"]},{"damage_healed":0,"gold_gain":0,"player_choice":"Take Wound","damage_taken":0,"relics_obtained":["Golden Idol"],"max_hp_gain":0,"max_hp_loss":0,"event_name":"Golden Idol","floor":4,"gold_loss":0,"cards_obtained":["Injury"]},{"cards_removed":["Injury"],"damage_healed":0,"gold_gain":0,"player_choice":"Card Removal","damage_taken":0,"max_hp_gain":0,"max_hp_loss":0,"event_name":"The Cleric","floor":11,"gold_loss":75},{"damage_healed":0,"gold_gain":0,"player_choice":"Fought Bandits","damage_taken":0,"max_hp_gain":0,"max_hp_loss":0,"event_name":"Masked Bandits","floor":20,"gold_loss":0}],"is_beta":false,"boss_relics":[{"not_picked":["Coffee Dripper","Ring of the Serpent"],"picked":"Astrolabe"}],"items_purged_floors":[5],"is_endless":false,"potions_floor_spawned":[1,7,12,19],"killed_by":"Masked Bandits","ascension_level":20}