{"path_per_floor":["M","$","M","?","?","E","R","M","T","M","M","M","M","?","R","B",null,"M","?","$","M","M","R","E","M","T","?"],"character_chosen":"DEFECT","items_purchased":["Kunai","Molten Egg 2"],"gold_per_floor":[359,33,51,1,1,26,26,37,60,70,85,100,115,140,140,242,242,258,258,17,33,46,46,74,88,137,137,137],"floor_reached":28,"campfire_rested":2,"playtime":1476,"item_purchase_floors":[2,20],"current_hp_per_floor":[66,66,64,64,64,38,38,38,38,38,38,38,28,28,50,22,62,62,85,85,68,26,51,21,2,2,2,2],"items_purged":["Decay"],"gold":137,"score":303,"play_id":"0ce189a6-ca05-4684-95d1-136a2a687962","local_time":"20180620225234","is_prod":false,"is_daily":false,"chose_seed":false,"is_ascension_mode":true,"campfire_upgraded":1,"win_rate":0,"timestamp":1529527954,"campfire_choices":[{"data":"Zap","floor":7,"key":"SMITH"},{"floor":15,"key":"REST"},{"floor":23,"key":"REST"}],"path_taken":["M","$","M","?","?","E","R","M","T","M","M","M","?","?","R","BOSS","M","?","?","M","M","R","E","M","T","?","M"],"build_version":"2018-06-14v2","seed_source_timestamp":622241178781461,"purchased_purges":1,"victory":false,"master_deck":["Strike_B","Strike_B","Strike_B","Defend_B","Defend_B","Defend_B","Defend_B","Zap+1","Dualcast","Hologram","Electrodynamics+1","Conserve Battery","Conserve Battery","BootSequence","Tempest","Leap","Go for the Eyes","Redo","Doom and Gloom+1","Defragment+1","Stack","Doom and Gloom+1","Leap+1"],"max_hp_per_floor":[75,75,75,75,75,75,75,75,75,75,75,75,75,75,75,75,75,75,85,85,85,85,85,85,85,85,85,85],"relics":["Cracked Core","Kunai","Bag of Marbles","Pen Nib","Odd Mushroom","Inserter","Molten Egg 2","Gremlin Horn","Happy Flower"],"card_choices":[{"not_picked":["Compile Driver","Beam Cell"],"picked":"Hologram","floor":1},{"not_picked":["Stack","Aggregate"],"picked":"Electrodynamics","floor":3},{"not_picked":["Barrage","Coolheaded"],"picked":"Conserve Battery","floor":6},{"not_picked":["Compile Driver","Undo"],"picked":"Conserve Battery","floor":8},{"not_picked":["Heatsinks","Hologram"],"picked":"BootSequence","floor":10},{"not_picked":["Rip and Tear","Cold Snap"],"picked":"Tempest","floor":11},{"not_picked":["Streamline","Steam Power"],"picked":"Leap","floor":12},{"not_picked":["Barrage","Hologram"],"picked":"Go for the Eyes","floor":13},{"not_picked":["Rip and Tear","Darkness"],"picked":"Redo","floor":14},{"not_picked":["Meteor Strike","Creative AI"],"picked":"Rainbow","floor":16},{"not_picked":["Hologram","Conserve Battery+1"],"picked":"Doom and Gloom+1","floor":18},{"not_picked":["Leap","Beam Cell+1"],"picked":"Defragment+1","floor":21},{"not_picked":["Heatsinks","Redo"],"picked":"Stack","floor":22},{"not_picked":["Force Field","Rebound+1"],"picked":"Doom and Gloom+1","floor":24},{"not_picked":["Sweeping Beam+1","Steam"],"picked":"Leap+1","floor":25}],"player_experience":774339,"potions_floor_usage":[6,16,16,16,28],"damage_taken":[{"damage":9,"enemies":"Small Slimes","floor":1,"turns":4},{"damage":2,"enemies":"Jaw Worm","floor":3,"turns":4},{"damage":26,"enemies":"Gremlin Nob","floor":6,"turns":4},{"damage":0,"enemies":"Cultist","floor":8,"turns":3},{"damage":0,"enemies":"3 Louse","floor":10,"turns":1},{"damage":0,"enemies":"Looter","floor":11,"turns":3},{"damage":0,"enemies":"Blue Slaver","floor":12,"turns":3},{"damage":10,"enemies":"3 Louse","floor":13,"turns":3},{"damage":0,"floor":14,"turns":3},{"damage":28,"enemies":"Hexaghost","floor":16,"turns":9},{"damage":0,"enemies":"3 Byrds","floor":18,"turns":1},{"damage":17,"enemies":"Chosen","floor":21,"turns":5},{"damage":42,"enemies":"Slaver and Parasite","floor":22,"turns":5},{"damage":30,"enemies":"Gremlin Leader","floor":24,"turns":6},{"damage":19,"enemies":"Cultist and Chosen","floor":25,"turns":4},{"damage":0,"enemies":"Centurion and Healer","floor":28,"turns":2}],"relics_obtained":[{"floor":6,"key":"Bag of Marbles"},{"floor":9,"key":"Pen Nib"},{"floor":14,"key":"Odd Mushroom"},{"floor":24,"key":"Gremlin Horn"},{"floor":26,"key":"Happy Flower"}],"event_choices":[{"event_name":"The Cleric","player_choice":"Card Removal","floor":4,"damage_taken":0},{"event_name":"Living Wall","player_choice":"Grow","floor":5,"damage_taken":0},{"event_name":"Mushrooms","player_choice":"Fought Mushrooms","floor":14,"damage_taken":0},{"event_name":"Bonfire Elementals","player_choice":"RARE","floor":19,"damage_taken":0},{"event_name":"Vampires","player_choice":"Ignored","floor":27,"damage_taken":0}],"boss_relics":[{"not_picked":["Empty Cage","Orrery"],"picked":"Inserter"}],"items_purged_floors":[2],"is_endless":false,"potions_floor_spawned":[3,8,10,11,12,14,22,25],"seed_played":"8732964931413345802","killed_by":"Centurion and Healer","ascension_level":5,"potions_obtained":[{"floor":3,"key":"SkillPotion"},{"floor":8,"key":"SteroidPotion"},{"floor":10,"key":"Strength Potion"},{"floor":11,"key":"FearPotion"},{"floor":22,"key":"Ancient Potion"},{"floor":25,"key":"PowerPotion"}],"is_trial":false}