{"gold_per_floor":[109,119,119,119,129,129,154,154,154,189,40,40,52,84,84,179,179,196,196,196,207,227,227,82,114,114,134,162,162,162,362,362,463,463,476,494,594,594,614,641,641,179,179,204,204,204,223,254,254,254],"floor_reached":51,"playtime":2000,"items_purged":[],"score":1259,"play_id":"cc8edaa7-1bff-47e3-8036-4fab951a63ba","local_time":"20190109134549","is_ascension_mode":true,"campfire_choices":[{"data":"Ball Lightning","floor":6,"key":"SMITH"},{"data":"Undo","floor":8,"key":"SMITH"},{"floor":12,"key":"REST"},{"data":"Biased Cognition","floor":15,"key":"SMITH"},{"data":"Capacitor","floor":23,"key":"SMITH"},{"data":"FTL","floor":32,"key":"SMITH"},{"floor":41,"key":"REST"},{"floor":46,"key":"REST"},{"floor":49,"key":"REST"}],"neow_cost":"NONE","seed_source_timestamp":1124948733987343,"circlet_count":0,"master_deck":["AscendersBane","Strike_B+1","Strike_B+1","Strike_B+1","Strike_B+1","Defend_B+1","Defend_B+1","Defend_B+1","Defend_B+1","Zap+1","Dualcast","Coolheaded+1","Undo+1","Ball Lightning+1","Steam","FTL+1","Biased Cognition+1","Capacitor+1","Thunder Strike","Scrape","FTL+1","Cold Snap+1","Chaos+1","Barrage+1","Barrage+1","Buffer","Fusion+1","Sweeping Beam+1","Hologram+1","Coolheaded+1","Sweeping Beam+1","Redo","Chaos+1","Machine Learning+1"],"relics":["Sozu","Mercury Hourglass","Darkstone Periapt","Emotion Chip","Bag of Marbles","WingedGreaves","Nuclear Battery","Bronze Scales","Cables","Pear","Kunai","Fusion Hammer","Bird Faced Urn","Ice Cream","Gremlin Horn","Runic Capacitor","Frozen Egg 2","Symbiotic Virus","Centennial Puzzle"],"potions_floor_usage":[],"damage_taken":[{"damage":10,"enemies":"Small Slimes","floor":1,"turns":4},{"damage":5,"enemies":"Jaw Worm","floor":2,"turns":4},{"damage":0,"enemies":"Cultist","floor":5,"turns":4},{"damage":3,"enemies":"Lagavulin","floor":7,"turns":7},{"damage":20,"enemies":"Gremlin Nob","floor":10,"turns":4},{"damage":0,"enemies":"Looter","floor":13,"turns":3},{"damage":5,"enemies":"3 Sentries","floor":14,"turns":5},{"damage":10,"enemies":"Hexaghost","floor":16,"turns":8},{"damage":6,"enemies":"Shell Parasite","floor":18,"turns":4},{"damage":0,"enemies":"Chosen","floor":21,"turns":5},{"damage":2,"enemies":"Snecko","floor":22,"turns":4},{"damage":27,"enemies":"Book of Stabbing","floor":25,"turns":5},{"damage":1,"enemies":"Snake Plant","floor":27,"turns":4},{"damage":14,"enemies":"Gremlin Leader","floor":28,"turns":5},{"damage":20,"enemies":"Automaton","floor":33,"turns":9},{"damage":0,"enemies":"Orb Walker","floor":35,"turns":3},{"damage":0,"enemies":"3 Shapes","floor":36,"turns":3},{"damage":9,"enemies":"Mind Bloom Boss Battle","floor":37,"turns":6},{"damage":0,"enemies":"Writhing Mass","floor":39,"turns":6},{"damage":27,"enemies":"Giant Head","floor":40,"turns":8},{"damage":0,"enemies":"Reptomancer","floor":44,"turns":4},{"damage":14,"enemies":"Maw","floor":47,"turns":5},{"damage":9,"enemies":"Nemesis","floor":48,"turns":5},{"damage":5,"enemies":"Awakened One","floor":50,"turns":7}],"seed_played":"-249624923268841590","potions_obtained":[],"is_trial":false,"path_per_floor":["M","M","?","?","M","R","E","R","T","E","$","R","M","E","R","B",null,"M","?","?","M","M","R","$","E","T","M","E","?","?","?","R","B",null,"M","M","?","?","M","E","R","$","T","E","$","R","M","E","R","B",null],"character_chosen":"DEFECT","items_purchased":["Bag of Marbles","Bronze Scales","Gremlin Horn","Runic Capacitor"],"campfire_rested":4,"item_purchase_floors":[11,24,42,42],"current_hp_per_floor":[58,53,53,53,53,53,50,50,50,30,30,52,52,47,47,37,66,60,60,75,75,73,73,73,46,56,55,41,41,41,41,41,21,69,69,69,60,60,64,43,68,68,68,74,74,85,75,72,85,82],"gold":254,"neow_bonus":"BOSS_RELIC","is_prod":false,"is_daily":false,"chose_seed":false,"campfire_upgraded":5,"win_rate":0,"timestamp":1547037949,"path_taken":["M","M","?","?","M","R","E","R","T","E","$","R","M","E","R","BOSS","M","?","?","M","?","R","?","E","T","?","E","?","?","?","R","BOSS","M","?","?","?","M","E","R","?","T","E","$","R","?","E","R","BOSS"],"build_version":"2019-01-03v4","purchased_purges":0,"victory":true,"max_hp_per_floor":[75,75,75,75,75,75,75,75,75,75,75,75,75,75,75,75,75,75,75,75,75,75,75,75,75,85,85,85,85,85,85,85,85,85,85,85,85,85,85,85,85,85,85,85,85,85,85,85,85,85],"card_choices":[{"not_picked":["Consume","Streamline"],"picked":"Coolheaded","floor":1},{"not_picked":["Conserve Battery","Gash"],"picked":"Undo","floor":2},{"not_picked":["Steam","Chaos"],"picked":"Ball Lightning","floor":5},{"not_picked":["Storm","Barrage"],"picked":"Steam","floor":7},{"not_picked":["Blizzard","Hologram"],"picked":"FTL","floor":10},{"not_picked":["Beam Cell","Skim"],"picked":"Biased Cognition","floor":13},{"not_picked":["Stack","Hello World"],"picked":"Capacitor","floor":14},{"not_picked":["Machine Learning","Amplify"],"picked":"Thunder Strike","floor":16},{"not_picked":["Steam","Turbo+1"],"picked":"Scrape","floor":18},{"not_picked":["Redo","Fusion"],"picked":"FTL+1","floor":21},{"not_picked":["Rebound","Steam"],"picked":"Cold Snap+1","floor":22},{"not_picked":["Self Repair+1","Hyperbeam"],"picked":"Chaos+1","floor":25},{"not_picked":["Ball Lightning","Force Field+1"],"picked":"Barrage+1","floor":27},{"not_picked":["Go for the Eyes","Gash"],"picked":"Barrage+1","floor":28},{"not_picked":["Fission","Creative AI"],"picked":"Buffer","floor":33},{"not_picked":["Go for the Eyes+1","Reprogram"],"picked":"Fusion+1","floor":35},{"not_picked":["BootSequence+1","Leap"],"picked":"Sweeping Beam+1","floor":36},{"not_picked":["Gash","Fusion+1"],"picked":"Hologram+1","floor":37},{"not_picked":["Storm","Cold Snap"],"picked":"Coolheaded+1","floor":39},{"not_picked":["Streamline","Meteor Strike"],"picked":"Sweeping Beam+1","floor":40},{"not_picked":["Lockon+1","Gash"],"picked":"Redo","floor":44},{"not_picked":["Steam+1","Undo"],"picked":"Chaos+1","floor":47},{"not_picked":["White Noise","Conserve Battery"],"picked":"Machine Learning+1","floor":48}],"player_experience":1927396,"relics_obtained":[{"floor":7,"key":"Mercury Hourglass"},{"floor":9,"key":"Darkstone Periapt"},{"floor":10,"key":"Emotion Chip"},{"floor":14,"key":"WingedGreaves"},{"floor":25,"key":"Cables"},{"floor":26,"key":"Pear"},{"floor":28,"key":"Kunai"},{"floor":37,"key":"Bird Faced Urn"},{"floor":40,"key":"Ice Cream"},{"floor":43,"key":"Frozen Egg 2"},{"floor":44,"key":"Symbiotic Virus"},{"floor":48,"key":"Centennial Puzzle"}],"event_choices":[{"damage_healed":0,"gold_gain":0,"player_choice":"Grow","damage_taken":0,"max_hp_gain":0,"max_hp_loss":0,"event_name":"Living Wall","floor":3,"gold_loss":0,"cards_upgraded":["Zap"]},{"damage_healed":0,"gold_gain":0,"player_choice":"Forge","damage_taken":0,"max_hp_gain":0,"max_hp_loss":0,"event_name":"Accursed Blacksmith","floor":4,"gold_loss":0,"cards_upgraded":["Coolheaded"]},{"damage_healed":0,"gold_gain":0,"player_choice":"Read","damage_taken":0,"max_hp_gain":0,"max_hp_loss":0,"event_name":"The Library","floor":19,"gold_loss":0,"cards_obtained":["Tempest"]},{"cards_removed":["Tempest"],"damage_healed":15,"gold_gain":0,"player_choice":"Offered Uncommon","damage_taken":0,"max_hp_gain":0,"max_hp_loss":0,"event_name":"Bonfire Elementals","floor":20,"gold_loss":0},{"damage_healed":0,"gold_gain":0,"player_choice":"Simplicity","damage_taken":0,"max_hp_gain":0,"max_hp_loss":0,"event_name":"Back to Basics","floor":29,"gold_loss":0,"cards_upgraded":["Strike_B","Strike_B","Strike_B","Strike_B","Defend_B","Defend_B","Defend_B","Defend_B"]},{"damage_healed":0,"gold_gain":0,"player_choice":"Ignored","damage_taken":0,"max_hp_gain":0,"max_hp_loss":0,"event_name":"Beggar","floor":30,"gold_loss":0},{"damage_healed":0,"gold_gain":250,"player_choice":"Bet on Owner","damage_taken":0,"max_hp_gain":0,"max_hp_loss":0,"event_name":"The Joust","floor":31,"gold_loss":50},{"damage_healed":0,"gold_gain":0,"player_choice":"Fight","damage_taken":0,"max_hp_gain":0,"max_hp_loss":0,"event_name":"MindBloom","floor":37,"gold_loss":0},{"damage_healed":0,"gold_gain":0,"player_choice":"Ignored","damage_taken":0,"max_hp_gain":0,"max_hp_loss":0,"event_name":"Tomb of Lord Red Mask","floor":38,"gold_loss":0}],"is_beta":false,"boss_relics":[{"not_picked":["Eternal Feather","Busted Crown"],"picked":"Nuclear Battery"},{"not_picked":["Empty Cage","Pandora\u0027s Box"],"picked":"Fusion Hammer"}],"items_purged_floors":[],"is_endless":false,"potions_floor_spawned":[2,5,13,14,21,25,27,33,36,37,39,44],"ascension_level":11}