{"gold_per_floor":[116,116,41,54,20,49,49,69,69,69,103,116,116,128,128,230,230,247,247,247,247,264,296,309,309,309,339,339,364,390,409,409,511,511,528,528],"floor_reached":36,"playtime":1616,"items_purged":["Decay"],"score":670,"play_id":"28b67180-3105-4081-8c66-8273bce64686","local_time":"20181122090421","is_ascension_mode":true,"campfire_choices":[{"data":"Defragment","floor":7.0,"key":"SMITH"},{"floor":13.0,"key":"REST"},{"data":"Zap","floor":15.0,"key":"SMITH"},{"floor":25,"key":"REST"},{"floor":28,"key":"REST"},{"floor":32,"key":"REST"}],"neow_cost":"CURSE","seed_source_timestamp":0,"circlet_count":0,"master_deck":["AscendersBane","Strike_B","Strike_B","Defend_B","Defend_B","Defend_B","Zap+1","Dualcast","Defragment+1","Go for the Eyes","Darkness","Chill","Ball Lightning","Compile Driver","Hello World","Ball Lightning","Buffer","Steam+1","Deep Breath","Core Surge","Loop","Conserve Battery+1","FTL+1","Sweeping Beam+1","FTL","Reboot","Undo+1","Self Repair+1","Auto Shields+1","Steam+1"],"special_seed":0,"relics":["Cracked Core","Pocketwatch","Ornamental Fan","Blood Vial","Torii","Art of War","Nuclear Battery","Dodecahedron","Strawberry","Singing Bowl","Red Mask","Shuriken","Astrolabe"],"potions_floor_usage":[23,23,31,36],"damage_taken":[{"damage":9.0,"enemies":"Small Slimes","floor":1.0,"turns":3.0},{"damage":1.0,"enemies":"Cultist","floor":4.0,"turns":3.0},{"damage":13.0,"enemies":"Gremlin Nob","floor":6.0,"turns":3.0},{"damage":4.0,"enemies":"2 Louse","floor":8.0,"turns":2.0},{"damage":13.0,"enemies":"3 Sentries","floor":11.0,"turns":7.0},{"damage":11.0,"enemies":"Exordium Wildlife","floor":12.0,"turns":4.0},{"damage":1.0,"enemies":"3 Louse","floor":14.0,"turns":3.0},{"damage":2.0,"enemies":"The Guardian","floor":16.0,"turns":7.0},{"damage":0,"enemies":"3 Byrds","floor":18,"turns":4},{"damage":7,"enemies":"Chosen","floor":22,"turns":4},{"damage":23,"enemies":"Book of Stabbing","floor":23,"turns":5},{"damage":13,"enemies":"Centurion and Healer","floor":24,"turns":9},{"damage":56,"enemies":"Gremlin Leader","floor":27,"turns":8},{"damage":11,"enemies":"Masked Bandits","floor":29,"turns":4},{"damage":3,"enemies":"Book of Stabbing","floor":30,"turns":4},{"damage":0,"enemies":"3 Cultists","floor":31,"turns":4},{"damage":2,"enemies":"Champ","floor":33,"turns":11},{"damage":10,"enemies":"3 Darklings","floor":35,"turns":5},{"damage":82,"enemies":"2 Orb Walkers","floor":36,"turns":7}],"seed_played":"4503628557319836073","potions_obtained":[{"floor":1.0,"key":"FearPotion"},{"floor":2.0,"key":"AttackPotion"},{"floor":2.0,"key":"SteroidPotion"},{"floor":12.0,"key":"EssenceOfSteel"},{"floor":14.0,"key":"Fire Potion"},{"floor":18,"key":"SkillPotion"},{"floor":30,"key":"SteroidPotion"},{"floor":31,"key":"Fire Potion"}],"is_trial":false,"path_per_floor":["M","?","$","M","$","E","R","M","T","?","E","M","R","M","R","B",null,"M","?","?","?","M","E","M","R","T","E","R","?","E","M","R","B",null,"M","?"],"character_chosen":"DEFECT","items_purchased":["Darkness"],"campfire_rested":4,"item_purchase_floors":[5],"current_hp_per_floor":[59,59,59,58,58,45,45,41,41,38,27,18,40,41,41,41,67,69,55,80,80,73,52,41,65,72,20,46,37,38,40,67,67,85,87,7],"gold":528,"neow_bonus":"ONE_RARE_RELIC","is_prod":false,"is_daily":false,"chose_seed":false,"campfire_upgraded":2,"win_rate":0,"timestamp":1542873861,"path_taken":["M","?","$","?","?","E","R","M","T","?","E","M","R","M","R","BOSS","M","?","?","?","M","E","?","R","T","E","R","?","E","M","R","BOSS","M","?"],"build_version":"2018-11-15","purchased_purges":1,"victory":false,"max_hp_per_floor":[75,75,75,75,75,75,75,75,75,75,75,75,75,75,75,75,75,75,80,80,80,80,80,80,80,87,89,89,89,91,91,91,91,91,91,91],"card_choices":[{"not_picked":["Rip and Tear","Coolheaded"],"picked":"Defragment","floor":1.0},{"not_picked":["Streamline","Gash"],"picked":"Go for the Eyes","floor":4.0},{"not_picked":["Coolheaded","Leap"],"picked":"Chill","floor":6.0},{"not_picked":["Streamline","Gash"],"picked":"Ball Lightning","floor":8.0},{"not_picked":["Reprogram","Hologram"],"picked":"Compile Driver","floor":11.0},{"not_picked":["Rebound","Gash"],"picked":"Hello World","floor":12.0},{"not_picked":["Cold Snap","Storm"],"picked":"Ball Lightning","floor":14.0},{"not_picked":["Hyperbeam","All For One"],"picked":"Buffer","floor":16.0},{"not_picked":["Beam Cell","Leap"],"picked":"Steam+1","floor":18},{"not_picked":["Defragment","Cold Snap+1"],"picked":"Loop","floor":22},{"not_picked":["Stack","Gash"],"picked":"Conserve Battery+1","floor":23},{"not_picked":["Turbo+1","Barrage+1"],"picked":"FTL+1","floor":24},{"not_picked":["Streamline","Tempest","Machine Learning"],"picked":"Singing Bowl","floor":27},{"not_picked":["Fusion","Double Energy"],"picked":"Sweeping Beam+1","floor":29},{"not_picked":["Consume","Recycle","Genetic Algorithm"],"picked":"Singing Bowl","floor":30},{"not_picked":["Cold Snap","Rebound"],"picked":"FTL","floor":31},{"not_picked":["Creative AI","Multi-Cast"],"picked":"Reboot","floor":33},{"not_picked":["Gash+1","Beam Cell"],"picked":"Steam+1","floor":35}],"player_experience":1210185,"relics_obtained":[{"floor":6.0,"key":"Ornamental Fan"},{"floor":9.0,"key":"Blood Vial"},{"floor":11.0,"key":"Art of War"},{"floor":23,"key":"Dodecahedron"},{"floor":26,"key":"Strawberry"},{"floor":27,"key":"Singing Bowl"},{"floor":29,"key":"Red Mask"},{"floor":30,"key":"Shuriken"}],"event_choices":[{"damage_healed":0.0,"max_hp_gain":0.0,"max_hp_loss":0.0,"gold_gain":0.0,"event_name":"Lab","player_choice":"Got Potions","floor":2.0,"gold_loss":0.0,"damage_taken":0.0},{"damage_healed":0.0,"max_hp_gain":0.0,"max_hp_loss":0.0,"gold_gain":0.0,"event_name":"Scrap Ooze","player_choice":"Success","floor":10.0,"gold_loss":0.0,"damage_taken":3.0,"relics_obtained":["Torii"]},{"damage_healed":0,"gold_gain":0,"player_choice":"Shed Blood","damage_taken":19,"max_hp_gain":5,"max_hp_loss":0,"event_name":"Forgotten Altar","floor":19,"gold_loss":0},{"damage_healed":26,"gold_gain":0,"player_choice":"Heal","damage_taken":0,"max_hp_gain":0,"max_hp_loss":0,"event_name":"The Library","floor":20,"gold_loss":0},{"damage_healed":0,"gold_gain":0,"player_choice":"2 cards matched","damage_taken":0,"max_hp_gain":0,"max_hp_loss":0,"event_name":"Match and Keep!","floor":21,"gold_loss":0,"cards_obtained":["Deep Breath","Core Surge"]},{"damage_healed":0,"gold_gain":0,"player_choice":"Fought Bandits","damage_taken":0,"max_hp_gain":0,"max_hp_loss":0,"event_name":"Masked Bandits","floor":29,"gold_loss":0},{"damage_healed":0,"gold_gain":0,"player_choice":"Fight","damage_taken":0,"max_hp_gain":0,"max_hp_loss":0,"event_name":"Mysterious Sphere","floor":36,"gold_loss":0}],"is_beta":false,"boss_relics":[{"not_picked":["Sozu","Runic Dome"],"picked":"Nuclear Battery"},{"not_picked":["Fusion Hammer","FrozenCore"],"picked":"Astrolabe"}],"items_purged_floors":[3],"is_endless":false,"potions_floor_spawned":[1,12,14,18,30,31],"killed_by":"2 Orb Walkers","ascension_level":10}