{"gold_per_floor":[113,113,131,131,206,206,237,168,217,247,260,271,271,290,290,290],"floor_reached":16,"playtime":388,"items_purged":[],"score":149,"play_id":"b6d7c33e-accf-452d-93ab-8501d3a04c57","local_time":"20180713174953","is_ascension_mode":true,"campfire_choices":[{"data":"Pommel Strike","floor":6,"key":"SMITH"},{"floor":13,"key":"REST"},{"floor":15,"key":"REST"}],"neow_cost":"","seed_source_timestamp":22696272452336,"circlet_count":0,"master_deck":["Strike_R","Strike_R","Strike_R","Strike_R","Strike_R","Defend_R","Defend_R","Defend_R","Defend_R","Bash+1","Flame Barrier","Pommel Strike+1","Dark Embrace","Seeing Red","Inflame","Cleave","Inflame","Shrug It Off"],"relics":["Burning Blood","Ornamental Fan","Bag of Marbles","Turnip"],"potions_floor_usage":[7],"damage_taken":[{"damage":6,"enemies":"Cultist","floor":1,"turns":3},{"damage":9,"enemies":"Small Slimes","floor":3,"turns":4},{"damage":32,"enemies":"Gremlin Nob","floor":7,"turns":4},{"damage":32,"enemies":"Lagavulin","floor":10,"turns":6},{"damage":14,"enemies":"Jaw Worm","floor":11,"turns":3},{"damage":9,"enemies":"Red Slaver","floor":12,"turns":3},{"damage":15,"enemies":"3 Louse","floor":14,"turns":3},{"damage":49,"enemies":"Hexaghost","floor":16,"turns":7}],"seed_played":"-5452771590090662029","potions_obtained":[{"floor":3,"key":"BloodPotion"},{"floor":7,"key":"FearPotion"}],"is_trial":false,"path_per_floor":["M","?","M","?","?","R","E","$","T","E","M","M","R","M","R"],"character_chosen":"IRONCLAD","items_purchased":["Seeing Red"],"campfire_rested":2,"item_purchase_floors":[8],"current_hp_per_floor":[72,72,69,74,63,63,45,45,45,19,11,8,33,24,49,0],"gold":290,"neow_bonus":"","is_prod":false,"is_daily":false,"chose_seed":false,"campfire_upgraded":1,"win_rate":0,"timestamp":1531496993,"path_taken":["M","?","?","?","?","R","E","?","T","E","M","M","R","M","R","BOSS"],"build_version":"2018-07-12","purchased_purges":0,"victory":false,"max_hp_per_floor":[80,80,80,85,85,85,85,85,85,85,85,85,85,85,85,85],"card_choices":[{"not_picked":["Flex","Clothesline"],"picked":"Flame Barrier","floor":1},{"not_picked":["Twin Strike","Evolve"],"picked":"Pommel Strike","floor":3},{"not_picked":["Perfected Strike","Entrench"],"picked":"Dark Embrace","floor":7},{"not_picked":["Pummel","Havoc"],"picked":"Inflame","floor":10},{"not_picked":["Thunderclap","Warcry"],"picked":"Cleave","floor":11},{"not_picked":["Rage","Sword Boomerang"],"picked":"Inflame","floor":12},{"not_picked":["Clothesline","Uppercut"],"picked":"Shrug It Off","floor":14}],"player_experience":829047,"relics_obtained":[{"floor":7,"key":"Ornamental Fan"},{"floor":9,"key":"Bag of Marbles"},{"floor":10,"key":"Turnip"}],"event_choices":[{"event_name":"Living Wall","player_choice":"Grow","floor":2,"damage_taken":0},{"event_name":"Big Fish","player_choice":"Donut","floor":4,"damage_taken":0},{"event_name":"World of Goop","player_choice":"Gather Gold","floor":5,"damage_taken":0}],"boss_relics":[],"items_purged_floors":[],"is_endless":false,"potions_floor_spawned":[3,7],"killed_by":"Hexaghost","ascension_level":7}