{"gold_per_floor":[116,116,42,217,236,236,270,283,336,336,353,353,370,403,403,481,481,496,40,59,59,59,59,89,108,135,167,190,190],"floor_reached":29,"playtime":2264,"items_purged":["Regret"],"score":503,"play_id":"10471256-b44b-4790-9c1c-457a45f7674b","local_time":"20190210155722","is_ascension_mode":true,"campfire_choices":[{"data":"Bash","floor":6,"key":"SMITH"},{"data":"Anger","floor":10,"key":"SMITH"},{"data":"Shockwave","floor":15,"key":"SMITH"},{"floor":23,"key":"REST"}],"neow_cost":"NONE","seed_source_timestamp":225042327630338,"circlet_count":0,"master_deck":["AscendersBane","Strike_R","Strike_R","Strike_R","Strike_R","Defend_R","Defend_R","Bash+1","True Grit","Metallicize","Doubt","Anger+1","Reaper","Battle Trance","Inflame","Clothesline","Shockwave+1","Demon Form","Headbutt+1","Dark Embrace+1","Sentinel+1","True Grit","Metallicize","Impervious","Writhe","Shockwave","Disarm","Shrug It Off+1","Carnage"],"relics":["Burning Blood","NeowsBlessing","PreservedInsect","Ginger","Strawberry","Bag of Preparation","Dream Catcher","Astrolabe","Mummified Hand","Paper Frog","MutagenicStrength","Red Skull","Blood Vial","Centennial Puzzle","Juzu Bracelet"],"potions_floor_usage":[14,14,24,24,27,29],"damage_taken":[{"damage":0,"enemies":"Small Slimes","floor":1,"turns":1},{"damage":0,"enemies":"2 Louse","floor":5,"turns":1},{"damage":0,"enemies":"Lagavulin","floor":7,"turns":1},{"damage":12,"enemies":"Jaw Worm","floor":8,"turns":2},{"damage":5,"enemies":"Blue Slaver","floor":11,"turns":4},{"damage":12,"enemies":"3 Louse","floor":13,"turns":5},{"damage":26,"enemies":"Gremlin Nob","floor":14,"turns":4},{"damage":24,"enemies":"The Guardian","floor":16,"turns":12},{"damage":44,"enemies":"Shell Parasite","floor":18,"turns":6},{"damage":19,"enemies":"Spheric Guardian","floor":20,"turns":4},{"damage":40,"enemies":"Gremlin Leader","floor":24,"turns":5},{"damage":18,"enemies":"Snake Plant","floor":25,"turns":5},{"damage":16,"enemies":"Book of Stabbing","floor":27,"turns":5},{"damage":21,"enemies":"Slavers","floor":29,"turns":2}],"seed_played":"40004850119411797","potions_obtained":[{"floor":8,"key":"PowerPotion"},{"floor":11,"key":"Poison Potion"},{"floor":13,"key":"SkillPotion"},{"floor":16,"key":"GamblersBrew"},{"floor":20,"key":"Energy Potion"},{"floor":25,"key":"Energy Potion"},{"floor":27,"key":"Poison Potion"}],"is_trial":false,"path_per_floor":["M","?","$","?","M","R","E","M","T","R","M","?","M","E","R","B",null,"M","$","M","?","?","R","E","M","T","E","T","E"],"character_chosen":"IRONCLAD","items_purchased":["Metallicize","Mummified Hand","Metallicize","Block Potion"],"campfire_rested":1,"item_purchase_floors":[3,19,19,19],"current_hp_per_floor":[74,56,56,56,62,62,68,62,69,69,70,70,69,49,49,37,71,33,33,20,20,20,44,40,28,28,20,20,1],"gold":190,"neow_bonus":"THREE_ENEMY_KILL","is_prod":false,"is_daily":false,"chose_seed":false,"campfire_upgraded":3,"win_rate":0,"timestamp":1549810642,"path_taken":["M","?","$","?","M","R","E","M","T","R","M","?","M","E","R","BOSS","M","$","M","?","?","R","E","M","T","E","?","E"],"build_version":"2019-01-23","purchased_purges":1,"victory":false,"max_hp_per_floor":[75,75,75,75,75,75,75,75,82,82,82,82,82,82,82,82,82,82,82,82,82,82,82,82,82,82,82,82,82],"card_choices":[{"not_picked":["Body Slam","Thunderclap"],"picked":"True Grit","floor":1},{"not_picked":["Cleave","Wild Strike"],"picked":"Anger","floor":5},{"not_picked":["Berserk","Intimidate"],"picked":"Reaper","floor":7},{"not_picked":["Sword Boomerang","Flex"],"picked":"Battle Trance","floor":8},{"not_picked":["True Grit","Perfected Strike"],"picked":"Inflame","floor":11},{"not_picked":["Flex","Pommel Strike"],"picked":"Clothesline","floor":13},{"not_picked":["Fire Breathing","Wild Strike"],"picked":"Shockwave","floor":14},{"not_picked":["Bludgeon","Reaper"],"picked":"Demon Form","floor":16},{"not_picked":["Bloodletting","Rampage"],"picked":"True Grit","floor":18},{"not_picked":["Thunderclap","Iron Wave"],"picked":"Impervious","floor":20},{"not_picked":["Heavy Blade","Pommel Strike"],"picked":"Shockwave","floor":23},{"not_picked":["Sword Boomerang","Corruption"],"picked":"Disarm","floor":24},{"not_picked":["Power Through","Havoc"],"picked":"Shrug It Off+1","floor":25},{"not_picked":["Disarm","Armaments"],"picked":"Carnage","floor":27}],"player_experience":2276362,"relics_obtained":[{"floor":7,"key":"Ginger"},{"floor":9,"key":"Strawberry"},{"floor":14,"key":"Dream Catcher"},{"floor":24,"key":"Red Skull"},{"floor":26,"key":"Blood Vial"},{"floor":27,"key":"Centennial Puzzle"},{"floor":28,"key":"Juzu Bracelet"}],"event_choices":[{"damage_healed":0,"gold_gain":0,"player_choice":"Success","damage_taken":18,"relics_obtained":["PreservedInsect"],"max_hp_gain":0,"max_hp_loss":0,"event_name":"Scrap Ooze","floor":2,"gold_loss":0},{"damage_healed":0,"gold_gain":175,"player_choice":"AGREE","damage_taken":0,"max_hp_gain":0,"max_hp_loss":0,"event_name":"Liars Game","floor":4,"gold_loss":0,"cards_obtained":["Doubt"]},{"damage_healed":0,"gold_gain":0,"player_choice":"Box","damage_taken":0,"relics_obtained":["Bag of Preparation"],"max_hp_gain":0,"max_hp_loss":0,"event_name":"Big Fish","floor":12,"gold_loss":0,"cards_obtained":["Regret"]},{"damage_healed":0,"gold_gain":0,"player_choice":"Opened","damage_taken":0,"relics_obtained":["Paper Frog"],"max_hp_gain":0,"max_hp_loss":0,"event_name":"The Mausoleum","floor":21,"gold_loss":0,"cards_obtained":["Writhe"]},{"damage_healed":0,"gold_gain":0,"player_choice":"Inject Mutagens","damage_taken":0,"relics_obtained":["MutagenicStrength"],"max_hp_gain":0,"max_hp_loss":0,"event_name":"Drug Dealer","floor":22,"gold_loss":0}],"is_beta":false,"boss_relics":[{"not_picked":["Cursed Key","Lizard Tail"],"picked":"Astrolabe"}],"items_purged_floors":[19],"is_endless":false,"potions_floor_spawned":[8,11,13,16,20,25,27],"killed_by":"Slavers","ascension_level":14}