{"gold_per_floor":[117,136,147,147,70,70,102,102,153,178,178,207,207,225,225,297,297,307,577,121,137,151,151,180,180,180,180,180,95,95,108,108,183,183,196,208,208,208,219,219,287,287,287,307,232,282,308,320,320,320,360],"floor_reached":52,"playtime":4553,"items_purged":["Pain"],"score":1961,"play_id":"824cfefb-a232-4810-a4ff-96838956dc50","local_time":"20181210232704","is_ascension_mode":true,"campfire_choices":[{"data":"Whirlwind","floor":6.0,"key":"SMITH"},{"data":"Rampage","floor":8.0,"key":"SMITH"},{"floor":11.0,"key":"REST"},{"data":"Uppercut","floor":13.0,"key":"SMITH"},{"data":"Inflame","floor":15.0,"key":"SMITH"},{"floor":23.0,"key":"REST"},{"data":"Rupture","floor":25.0,"key":"SMITH"},{"data":"Havoc","floor":27.0,"key":"SMITH"},{"data":"True Grit","floor":32.0,"key":"SMITH"},{"floor":40.0,"key":"REST"},{"floor":42.0,"key":"RECALL"},{"data":"Disarm","floor":49.0,"key":"SMITH"}],"neow_cost":"NONE","seed_source_timestamp":316594450672476,"circlet_count":0,"master_deck":["AscendersBane","Strike_R","Strike_R","Strike_R","Strike_R","Strike_R","Defend_R","Defend_R","Defend_R","Defend_R","Bash","Clothesline","Rampage+1","Pain","Whirlwind+1","Headbutt","Pommel Strike","Uppercut+1","Inflame+1","Impervious","Rupture+1","Havoc+1","Seeing Red","Shrug It Off","Reaper","Shockwave+1","Pain","J.A.X.","Ghostly Armor","True Grit+1","Impervious","Disarm+1","Transmutation","Ghostly Armor","True Grit+1","Corruption+1"],"special_seed":0,"relics":["Burning Blood","WarpedTongs","Pen Nib","Ancient Tea Set","Dead Branch","Centennial Puzzle","Cursed Key","Prayer Wheel","Self Forming Clay","Pear","Turnip","Snecko Eye","Bird Faced Urn","Frozen Egg 2"],"potions_floor_usage":[],"damage_taken":[{"damage":7.0,"enemies":"2 Louse","floor":1.0,"turns":4.0},{"damage":6.0,"enemies":"Cultist","floor":2.0,"turns":3.0},{"damage":9.0,"enemies":"Jaw Worm","floor":3.0,"turns":3.0},{"damage":36.0,"enemies":"Lagavulin","floor":7.0,"turns":7.0},{"damage":34.0,"enemies":"Gremlin Nob","floor":10.0,"turns":4.0},{"damage":12.0,"enemies":"3 Sentries","floor":12.0,"turns":4.0},{"damage":0.0,"enemies":"Lots of Slimes","floor":14.0,"turns":1.0},{"damage":13.0,"enemies":"Slime Boss","floor":16.0,"turns":7.0},{"damage":13.0,"enemies":"Spheric Guardian","floor":18.0,"turns":3.0},{"damage":16.0,"enemies":"3 Byrds","floor":21.0,"turns":3.0},{"damage":3.0,"enemies":"Cultist and Chosen","floor":22.0,"turns":4.0},{"damage":10.0,"enemies":"Slavers","floor":24.0,"turns":2.0},{"damage":14.0,"enemies":"Shelled Parasite and Fungi","floor":31.0,"turns":3.0},{"damage":94.0,"enemies":"Automaton","floor":33.0,"turns":11.0},{"damage":8.0,"enemies":"Orb Walker","floor":35.0,"turns":2.0},{"damage":58.0,"enemies":"3 Shapes","floor":36.0,"turns":3.0},{"damage":36.0,"enemies":"Sphere and 2 Shapes","floor":39.0,"turns":4.0},{"damage":23.0,"enemies":"Maw","floor":41.0,"turns":7.0},{"damage":44.0,"enemies":"Nemesis","floor":44.0,"turns":13.0},{"damage":23.0,"enemies":"2 Orb Walkers","floor":46.0,"turns":4.0},{"damage":15.0,"enemies":"Giant Head","floor":47.0,"turns":6.0},{"damage":28.0,"enemies":"Maw","floor":48.0,"turns":8.0},{"damage":46.0,"enemies":"Donu and Deca","floor":50.0,"turns":5.0},{"damage":30,"enemies":"Awakened One","floor":51,"turns":4}],"seed_played":"7646560814718449641","potions_obtained":[{"floor":0.0,"key":"Regen Potion"},{"floor":0.0,"key":"BloodPotion"},{"floor":3.0,"key":"Regen Potion"},{"floor":7.0,"key":"SpeedPotion"},{"floor":14.0,"key":"EssenceOfSteel"},{"floor":24.0,"key":"AttackPotion"},{"floor":30.0,"key":"PowerPotion"},{"floor":30.0,"key":"Strength Potion"},{"floor":46.0,"key":"PowerPotion"}],"is_trial":false,"path_per_floor":["M","M","M","?","$","R","E","R","T","E","R","E","R","M","R","B",null,"M","?","$","M","M","R","E","R","T","R","?","?","?","M","R","B",null,"M","M","?","?","M","R","M","T","R","T","E","$","?","E","M","R","B","B",null],"character_chosen":"IRONCLAD","items_purchased":["Whirlwind","Rupture","Prayer Wheel","Havoc"],"campfire_rested":3,"item_purchase_floors":[5,20,20,20],"current_hp_per_floor":[74,74,71,71,71,71,50,50,50,22,44,50,50,56,56,49,69,62,34,34,24,27,49,49,49,59,59,59,59,59,85,85,32,72,70,41,41,41,27,52,77,77,77,72,72,55,50,85,85,85,85],"gold":360,"neow_bonus":"THREE_SMALL_POTIONS","is_prod":false,"is_daily":false,"chose_seed":false,"campfire_upgraded":8,"win_rate":0,"timestamp":1544502424,"path_taken":["M","M","M","?","?","R","E","R","T","E","R","E","R","M","R","BOSS","M","?","$","M","?","R","E","R","T","R","?","?","?","M","R","BOSS","M","?","?","?","M","R","?","R","T","E","$","?","E","M","R","BOSS","BOSS"],"build_version":"2018-12-06","purchased_purges":1,"victory":true,"max_hp_per_floor":[75,75,75,75,75,75,75,75,75,75,75,75,75,75,75,75,75,75,75,75,75,75,75,75,75,85,85,85,85,85,85,85,85,85,85,85,85,85,85,85,85,85,85,85,85,85,85,85,85,85,85],"card_choices":[{"not_picked":["Sever Soul","Havoc"],"picked":"Clothesline","floor":1.0},{"not_picked":["Sword Boomerang","Hemokinesis"],"picked":"Rampage","floor":2.0},{"not_picked":["Thunderclap","Dual Wield","Reckless Charge"],"picked":"SKIP","floor":3.0},{"not_picked":["Burning Pact","Sentinel"],"picked":"Headbutt","floor":7.0},{"not_picked":["Bludgeon","Flex"],"picked":"Pommel Strike","floor":10.0},{"not_picked":["Warcry","Sentinel"],"picked":"Uppercut","floor":12.0},{"not_picked":["Fire Breathing","Wild Strike"],"picked":"Inflame","floor":14.0},{"not_picked":["Berserk","Juggernaut"],"picked":"Impervious","floor":16.0},{"not_picked":["Clothesline","Pommel Strike","Clash"],"picked":"SKIP","floor":18.0},{"not_picked":["Pommel Strike","Wild Strike"],"picked":"Seeing Red","floor":21.0},{"not_picked":["Clothesline","Iron Wave"],"picked":"Shrug It Off","floor":21.0},{"not_picked":["Metallicize+1","Flex"],"picked":"Reaper","floor":22.0},{"not_picked":["Headbutt","Sentinel","Uppercut"],"picked":"SKIP","floor":22.0},{"not_picked":["Wild Strike","Heavy Blade"],"picked":"Shockwave+1","floor":24.0},{"not_picked":["Clash","Cleave"],"picked":"Ghostly Armor","floor":31.0},{"not_picked":["Clothesline","Pommel Strike"],"picked":"True Grit","floor":31.0},{"not_picked":["Double Tap","Juggernaut"],"picked":"Impervious","floor":33.0},{"not_picked":["Clothesline","Headbutt","Burning Pact"],"picked":"SKIP","floor":35.0},{"not_picked":["Clothesline","Armaments","Headbutt"],"picked":"SKIP","floor":35.0},{"not_picked":["Clash+1","Thunderclap"],"picked":"Disarm","floor":36.0},{"not_picked":["Thunderclap","Uppercut","Havoc"],"picked":"SKIP","floor":36.0},{"not_picked":["Flash of Steel","Good Instincts"],"picked":"Transmutation","floor":37.0},{"not_picked":["Pommel Strike","Headbutt+1"],"picked":"Ghostly Armor","floor":39.0},{"not_picked":["Whirlwind","Twin Strike","Warcry"],"picked":"SKIP","floor":39.0},{"not_picked":["Berserk","Wild Strike","Perfected Strike+1"],"picked":"SKIP","floor":44.0},{"not_picked":["Rage","Body Slam"],"picked":"True Grit+1","floor":47.0},{"not_picked":["Twin Strike","Anger"],"picked":"Corruption+1","floor":48.0},{"not_picked":["Evolve+1","Flex","Rage"],"picked":"SKIP","floor":48.0}],"player_experience":1193359,"relics_obtained":[{"floor":7.0,"key":"Pen Nib"},{"floor":9.0,"key":"Ancient Tea Set"},{"floor":10.0,"key":"Dead Branch"},{"floor":12.0,"key":"Centennial Puzzle"},{"floor":24.0,"key":"Self Forming Clay"},{"floor":26.0,"key":"Pear"},{"floor":46.0,"key":"Bird Faced Urn"},{"floor":47.0,"key":"Frozen Egg 2"}],"event_choices":[{"damage_healed":0.0,"max_hp_gain":0.0,"max_hp_loss":0.0,"gold_gain":0.0,"event_name":"Accursed Blacksmith","player_choice":"Rummage","floor":4.0,"gold_loss":0.0,"damage_taken":0.0,"relics_obtained":["WarpedTongs"],"cards_obtained":["Pain"]},{"damage_healed":0.0,"max_hp_gain":0.0,"max_hp_loss":0.0,"gold_gain":270.0,"event_name":"Knowing Skull","player_choice":"GOLD GOLD GOLD ","floor":19.0,"potions_obtained":[],"gold_loss":0.0,"damage_taken":28.0,"cards_obtained":[]},{"damage_healed":0.0,"max_hp_gain":0.0,"max_hp_loss":0.0,"gold_gain":0.0,"event_name":"Drug Dealer","player_choice":"Obtain J.A.X.","floor":28.0,"gold_loss":0.0,"damage_taken":0.0,"cards_obtained":["J.A.X."]},{"damage_healed":0.0,"max_hp_gain":0.0,"max_hp_loss":0.0,"gold_gain":0.0,"event_name":"Addict","player_choice":"Obtained Relic","floor":29.0,"gold_loss":85.0,"damage_taken":0.0,"relics_obtained":["Turnip"]},{"damage_healed":0.0,"max_hp_gain":0.0,"max_hp_loss":0.0,"gold_gain":0.0,"event_name":"Lab","player_choice":"Got Potions","floor":30.0,"gold_loss":0.0,"damage_taken":0.0},{"damage_healed":0.0,"max_hp_gain":0.0,"max_hp_loss":0.0,"gold_gain":0.0,"event_name":"SensoryStone","player_choice":"Memory 1","floor":37.0,"gold_loss":0.0,"damage_taken":0.0},{"damage_healed":0.0,"max_hp_gain":0.0,"max_hp_loss":0.0,"gold_gain":0.0,"event_name":"Tomb of Lord Red Mask","player_choice":"Ignored","floor":38.0,"gold_loss":0.0,"damage_taken":0.0},{"damage_healed":0.0,"max_hp_gain":0.0,"max_hp_loss":0.0,"gold_gain":0.0,"event_name":"Mysterious Sphere","player_choice":"Fight","floor":46.0,"gold_loss":0.0,"damage_taken":0.0}],"is_beta":true,"boss_relics":[{"not_picked":["Runic Pyramid","Orrery"],"picked":"Cursed Key"},{"not_picked":["Runic Dome","Astrolabe"],"picked":"Snecko Eye"}],"items_purged_floors":[45],"is_endless":false,"potions_floor_spawned":[3,7,10,14,21,24,36,46,47,48],"ascension_level":20}