{"gold_per_floor":[115,290,304,304,151,151,207,217,240,73,148,148,148,148],"floor_reached":14,"playtime":2900,"items_purged":["Doubt"],"score":167,"play_id":"7f70d3f4-0028-47c8-9e90-995686436cbf","local_time":"20181201163521","is_ascension_mode":true,"campfire_choices":[{"data":"Choke","floor":6,"key":"SMITH"},{"data":"Blade Dance","floor":13,"key":"SMITH"}],"neow_cost":"NONE","seed_source_timestamp":1189781183706886,"circlet_count":0,"master_deck":["AscendersBane","Defend_G","Defend_G","Defend_G","Defend_G","Defend_G","Strike_G","Strike_G","Strike_G","Strike_G","Strike_G","Survivor","Neutralize+1","Choke+1","Dodge and Roll","Infinite Blades","Quick Slash","Leg Sweep","Blade Dance+1"],"relics":["Ring of the Snake","NeowsBlessing","Tiny Chest","Juzu Bracelet","Vajra","Pantograph"],"potions_floor_usage":[],"damage_taken":[{"damage":0,"enemies":"2 Louse","floor":1,"turns":1},{"damage":0,"enemies":"Jaw Worm","floor":3,"turns":1},{"damage":0,"enemies":"3 Sentries","floor":7,"turns":2},{"damage":7,"enemies":"Small Slimes","floor":8,"turns":4},{"damage":6,"enemies":"3 Louse","floor":14,"turns":3}],"seed_played":"-615635971594301352","potions_obtained":[{"floor":7,"key":"Dexterity Potion"},{"floor":8,"key":"Weak Potion"}],"is_trial":false,"path_per_floor":["M","?","M","?","$","R","E","M","T","$","?","T","R","M"],"character_chosen":"THE_SILENT","items_purchased":["Infinite Blades","Blade Dance","Vajra"],"campfire_rested":0,"item_purchase_floors":[5,10,10],"current_hp_per_floor":[63,63,63,63,63,63,63,56,56,56,45,45,45,39],"gold":148,"neow_bonus":"THREE_ENEMY_KILL","is_prod":false,"is_daily":false,"chose_seed":false,"campfire_upgraded":2,"win_rate":0,"timestamp":1543678521,"path_taken":["M","?","M","?","$","R","E","M","T","?","?","?","R","M"],"build_version":"2018-11-15","purchased_purges":1,"victory":false,"max_hp_per_floor":[70,70,70,70,70,70,70,70,70,70,70,70,70,70],"card_choices":[{"not_picked":["Bane","Dagger Throw"],"picked":"Choke","floor":1},{"not_picked":["Eviscerate","Calculated Gamble"],"picked":"Dodge and Roll","floor":3},{"not_picked":["Finisher","Bane"],"picked":"Quick Slash","floor":7},{"not_picked":["Flying Knee","Dagger Throw"],"picked":"Leg Sweep","floor":8}],"player_experience":1489210,"relics_obtained":[{"floor":7,"key":"Tiny Chest"},{"floor":9,"key":"Juzu Bracelet"},{"floor":12,"key":"Pantograph"}],"event_choices":[{"damage_healed":0,"gold_gain":175,"player_choice":"AGREE","damage_taken":0,"max_hp_gain":0,"max_hp_loss":0,"event_name":"Liars Game","floor":2,"gold_loss":0,"cards_obtained":["Doubt"]},{"damage_healed":0,"gold_gain":0,"player_choice":"Grow","damage_taken":0,"max_hp_gain":0,"max_hp_loss":0,"event_name":"Living Wall","floor":4,"gold_loss":0,"cards_upgraded":["Neutralize"]},{"damage_healed":0,"gold_gain":75,"player_choice":"Gather Gold","damage_taken":11,"max_hp_gain":0,"max_hp_loss":0,"event_name":"World of Goop","floor":11,"gold_loss":0}],"is_beta":false,"boss_relics":[],"items_purged_floors":[5],"is_endless":false,"potions_floor_spawned":[7,8],"killed_by":"3 Louse","ascension_level":10}