{"gold_per_floor":[118,130,130,305,305,305,340,11,91,105,129,129],"floor_reached":12,"playtime":3294,"items_purged":["Doubt"],"score":160,"play_id":"60ee6d4d-3ce3-46d5-bf3a-532966f46ca4","local_time":"20181218151701","is_ascension_mode":true,"campfire_choices":[{"data":"Zap","floor":6,"key":"SMITH"}],"neow_cost":"NONE","seed_source_timestamp":385928095930353,"circlet_count":0,"master_deck":["AscendersBane","Strike_B","Strike_B","Strike_B","Strike_B","Defend_B","Defend_B","Defend_B","Defend_B","Zap+1","Dualcast","Sweeping Beam","Chill","Creative AI","Coolheaded","Conserve Battery"],"relics":["Cracked Core","NeowsBlessing","Juzu Bracelet","Golden Idol","Ornamental Fan","Molten Egg 2","Frozen Egg 2"],"potions_floor_usage":[12],"damage_taken":[{"damage":0,"enemies":"Cultist","floor":1,"turns":1},{"damage":0,"enemies":"2 Louse","floor":2,"turns":1},{"damage":0,"enemies":"Lagavulin","floor":7,"turns":1},{"damage":7,"enemies":"Jaw Worm","floor":10,"turns":3},{"damage":19,"enemies":"Large Slime","floor":11,"turns":7},{"damage":14,"enemies":"Lagavulin Event","floor":12,"turns":3}],"seed_played":"-5341075996951242190","potions_obtained":[{"floor":10,"key":"LiquidBronze"}],"is_trial":false,"path_per_floor":["M","M","?","?","?","R","E","$","T","M","M","?"],"character_chosen":"DEFECT","items_purchased":["Molten Egg 2"],"campfire_rested":0,"item_purchase_floors":[8],"current_hp_per_floor":[68,68,61,61,43,43,43,43,43,36,17,3],"gold":129,"neow_bonus":"THREE_ENEMY_KILL","is_prod":false,"is_daily":false,"chose_seed":false,"campfire_upgraded":1,"win_rate":0,"timestamp":1545142621,"path_taken":["M","M","?","?","?","R","E","?","T","M","M","?"],"build_version":"2018-12-13","purchased_purges":1,"victory":false,"max_hp_per_floor":[75,75,75,75,75,75,75,75,75,75,75,75],"card_choices":[{"not_picked":["Redo","Static Discharge"],"picked":"Sweeping Beam","floor":1},{"not_picked":["Compile Driver","Static Discharge"],"picked":"Chill","floor":2},{"not_picked":["Coolheaded","Hologram"],"picked":"Creative AI","floor":7},{"not_picked":["Chaos","Hologram"],"picked":"Coolheaded","floor":10},{"not_picked":["Gash+1","Consume"],"picked":"Conserve Battery","floor":11}],"player_experience":1896293,"relics_obtained":[{"floor":7,"key":"Ornamental Fan"},{"floor":9,"key":"Frozen Egg 2"}],"event_choices":[{"damage_healed":0,"gold_gain":0,"player_choice":"Success","damage_taken":7,"relics_obtained":["Juzu Bracelet"],"max_hp_gain":0,"max_hp_loss":0,"event_name":"Scrap Ooze","floor":3,"gold_loss":0},{"damage_healed":0,"gold_gain":175,"player_choice":"AGREE","damage_taken":0,"max_hp_gain":0,"max_hp_loss":0,"event_name":"Liars Game","floor":4,"gold_loss":0,"cards_obtained":["Doubt"]},{"damage_healed":0,"gold_gain":0,"player_choice":"Take Damage","damage_taken":18,"relics_obtained":["Golden Idol"],"max_hp_gain":0,"max_hp_loss":0,"event_name":"Golden Idol","floor":5,"gold_loss":0},{"damage_healed":0,"gold_gain":0,"player_choice":"Searched \u00271\u0027 times","damage_taken":0,"max_hp_gain":0,"max_hp_loss":0,"event_name":"Dead Adventurer","floor":12,"gold_loss":0}],"is_beta":false,"boss_relics":[],"items_purged_floors":[8],"is_endless":false,"potions_floor_spawned":[10],"killed_by":"Lagavulin Event","ascension_level":11}