{"gold_per_floor":[114,64,64,26,37,37,37,63,145,178,178,178,22,22,22,125,125,145,60,60,74,98,98,123,123],"floor_reached":25,"playtime":795,"items_purged":[],"score":323,"play_id":"01b3376a-97d0-4acd-9178-47f5dcc5797a","local_time":"20180917190159","is_ascension_mode":true,"campfire_choices":[{"data":"Quick Slash","floor":6,"key":"SMITH"},{"floor":11,"key":"REST"},{"data":"Escape Plan","floor":15,"key":"SMITH"},{"floor":23,"key":"REST"}],"neow_cost":"","seed_source_timestamp":135731911260570,"circlet_count":0,"master_deck":["Defend_G","Defend_G","Defend_G","Defend_G","Strike_G","Strike_G","Strike_G","Strike_G","Strike_G","Survivor","Neutralize+1","Well Laid Plans","Well Laid Plans","Quick Slash+1","Quick Slash","Escape Plan+1","Grand Finale","Regret","Parasite","Decay","Bouncing Flask+1","Deflect","Caltrops"],"relics":["Ring of the Snake","Snake Skull","Pen Nib","Sundial","Bottled Flame","Bird Faced Urn","Art of War","Calling Bell","Blood Vial","Matryoshka","Mango","Torii","Bag of Marbles","Anchor","Ginger"],"potions_floor_usage":[10,24],"damage_taken":[{"damage":0,"enemies":"Small Slimes","floor":1,"turns":4},{"damage":0,"enemies":"2 Louse","floor":5,"turns":4},{"damage":10,"enemies":"Lagavulin","floor":8,"turns":9},{"damage":26,"enemies":"Gremlin Nob","floor":10,"turns":4},{"damage":45,"enemies":"The Guardian","floor":16,"turns":15},{"damage":25,"enemies":"2 Thieves","floor":18,"turns":4},{"damage":14,"enemies":"3 Byrds","floor":21,"turns":6},{"damage":33,"enemies":"Book of Stabbing","floor":24,"turns":5},{"damage":50,"enemies":"Shelled Parasite and Fungi","floor":25,"turns":5}],"seed_played":"2124403812974512969","potions_obtained":[{"floor":8,"key":"SkillPotion"},{"floor":16,"key":"Fire Potion"},{"floor":24,"key":"LiquidBronze"}],"is_trial":false,"path_per_floor":["M","?","?","$","M","R","?","E","T","E","R","T","$","?","R","B",null,"M","?","?","M","T","R","E"],"character_chosen":"THE_SILENT","items_purchased":["Well Laid Plans","Art of War"],"campfire_rested":2,"item_purchase_floors":[4,13],"current_hp_per_floor":[63,63,56,56,56,56,56,46,46,20,41,41,41,64,64,23,72,53,53,53,45,45,70,43,1],"gold":123,"neow_bonus":"","is_prod":false,"is_daily":false,"chose_seed":false,"campfire_upgraded":2,"win_rate":0,"timestamp":1537203719,"path_taken":["M","?","?","?","?","R","?","E","T","E","R","?","$","?","R","BOSS","M","?","?","M","?","R","E","M"],"build_version":"2018-09-06","purchased_purges":0,"victory":false,"max_hp_per_floor":[70,70,70,70,70,70,70,70,70,70,70,70,70,70,70,70,84,84,84,84,84,84,84,84,84],"card_choices":[{"not_picked":["Acrobatics","Skewer"],"picked":"Well Laid Plans","floor":1},{"not_picked":["Acrobatics","Cloak And Dagger"],"picked":"Quick Slash","floor":5},{"not_picked":["Acrobatics","Cloak And Dagger"],"picked":"Quick Slash","floor":8},{"not_picked":["Tools of the Trade","Dagger Throw"],"picked":"Escape Plan","floor":10},{"not_picked":["Storm of Steel","Doppelganger"],"picked":"Grand Finale","floor":16},{"not_picked":["Bane","Setup"],"picked":"Bouncing Flask","floor":18},{"not_picked":["Quick Slash","Slice"],"picked":"Deflect","floor":21},{"not_picked":["Deadly Poison","Prepared"],"picked":"Caltrops","floor":24}],"player_experience":996132,"relics_obtained":[{"floor":8,"key":"Pen Nib"},{"floor":9,"key":"Sundial"},{"floor":10,"key":"Bottled Flame"},{"floor":12,"key":"Bird Faced Urn"},{"floor":17,"key":"Blood Vial"},{"floor":17,"key":"Matryoshka"},{"floor":17,"key":"Mango"},{"floor":22,"key":"Bag of Marbles"},{"floor":22,"key":"Anchor"},{"floor":24,"key":"Ginger"}],"event_choices":[{"event_name":"The Cleric","player_choice":"Card Removal","floor":2,"damage_taken":0},{"event_name":"Scrap Ooze","player_choice":"success","floor":3,"damage_taken":7},{"event_name":"Upgrade Shrine","player_choice":"Upgraded","floor":7,"damage_taken":0},{"event_name":"Big Fish","player_choice":"Banana","floor":14,"damage_taken":0},{"event_name":"Addict","player_choice":"Obtained Relic","floor":19,"damage_taken":0},{"event_name":"Upgrade Shrine","player_choice":"Upgraded","floor":20,"damage_taken":0}],"is_beta":false,"boss_relics":[{"not_picked":["Velvet Choker","Eternal Feather"],"picked":"Calling Bell"}],"items_purged_floors":[],"is_endless":false,"potions_floor_spawned":[8,16,24],"killed_by":"Shelled Parasite and Fungi","ascension_level":9}