{"gold_per_floor":[118,130,145,157,133,133,158,158,185,185,130,145,161,188,188,188],"floor_reached":16,"playtime":541,"items_purged":[],"score":224,"play_id":"cfb88ba3-0e5a-4730-b5d2-5342526d2237","local_time":"20181103120920","is_ascension_mode":true,"campfire_choices":[{"data":"Hemokinesis","floor":6,"key":"SMITH"},{"data":"Fiend Fire","floor":8,"key":"SMITH"},{"data":"Clothesline","floor":10,"key":"SMITH"},{"data":"Flame Barrier","floor":15,"key":"SMITH"}],"neow_cost":"PERCENT_DAMAGE","seed_source_timestamp":149300737131706,"circlet_count":0,"master_deck":["AscendersBane","Strike_R","Strike_R","Strike_R","Strike_R","Strike_R","Defend_R","Defend_R","Defend_R","Defend_R","Bash","Bandage Up","Dramatic Entrance","Hemokinesis+1","Clothesline+1","Armaments","Burning Pact","Shrug It Off","Fiend Fire+1","Shrug It Off","Flame Barrier+1"],"relics":["Burning Blood","Vajra","Dream Catcher","PreservedInsect"],"potions_floor_usage":[7,16],"damage_taken":[{"damage":10,"enemies":"Small Slimes","floor":1,"turns":5},{"damage":12,"enemies":"Jaw Worm","floor":2,"turns":2},{"damage":4,"enemies":"2 Louse","floor":3,"turns":3},{"damage":16,"enemies":"Gremlin Gang","floor":4,"turns":3},{"damage":32,"enemies":"Lagavulin","floor":7,"turns":8},{"damage":10,"enemies":"3 Louse","floor":12,"turns":3},{"damage":8,"enemies":"Exordium Wildlife","floor":13,"turns":2},{"damage":12,"enemies":"3 Sentries","floor":14,"turns":7},{"damage":33,"enemies":"Hexaghost","floor":16,"turns":9}],"seed_played":"-2015675163184490672","potions_obtained":[{"floor":3,"key":"Weak Potion"},{"floor":4,"key":"Dexterity Potion"},{"floor":12,"key":"SkillPotion"},{"floor":14,"key":"PowerPotion"}],"is_trial":false,"path_per_floor":["M","M","M","M","$","R","E","R","T","R","?","M","M","E","R","B"],"character_chosen":"IRONCLAD","items_purchased":["Shrug It Off"],"campfire_rested":0,"item_purchase_floors":[5],"current_hp_per_floor":[50,48,54,48,48,48,26,26,26,26,26,26,28,26,26,0],"gold":188,"neow_bonus":"RANDOM_COLORLESS_2","is_prod":false,"is_daily":false,"chose_seed":false,"campfire_upgraded":4,"win_rate":0,"timestamp":1541261360,"path_taken":["M","M","M","M","$","R","E","R","T","R","?","M","M","E","R","BOSS"],"build_version":"2018-11-02","purchased_purges":0,"victory":false,"max_hp_per_floor":[75,75,75,75,75,75,75,75,75,75,75,75,75,75,75,75],"card_choices":[{"not_picked":["Battle Trance","Intimidate"],"picked":"Hemokinesis","floor":1},{"not_picked":["Perfected Strike","Seeing Red"],"picked":"Clothesline","floor":2},{"not_picked":["Havoc","Sever Soul"],"picked":"Armaments","floor":3},{"not_picked":["Clothesline","Warcry"],"picked":"Burning Pact","floor":4},{"not_picked":["Headbutt","Warcry"],"picked":"Fiend Fire","floor":7},{"not_picked":["Hemokinesis","Perfected Strike","Infernal Blade"],"picked":"SKIP","floor":12},{"not_picked":["Sword Boomerang","Havoc"],"picked":"Shrug It Off","floor":13},{"not_picked":["Shockwave","Twin Strike"],"picked":"Flame Barrier","floor":14}],"player_experience":1139674,"relics_obtained":[{"floor":7,"key":"Vajra"},{"floor":9,"key":"Dream Catcher"},{"floor":14,"key":"PreservedInsect"}],"event_choices":[{"damage_healed":0,"gold_gain":0,"player_choice":"Left Gold","damage_taken":0,"max_hp_gain":0,"max_hp_loss":0,"event_name":"World of Goop","floor":11,"gold_loss":55}],"is_beta":true,"boss_relics":[],"items_purged_floors":[],"is_endless":false,"potions_floor_spawned":[3,4,12,14],"killed_by":"Hexaghost","ascension_level":20}