{"gold_per_floor":[20,35,52,65,84,84,99,99,99,116,148,148,177,204,204,282,282,300,300,26,53,67,67,78,110,110,160,160,175,185,198,198,198],"floor_reached":33,"playtime":1335,"items_purged":[],"score":612,"play_id":"106eb0c0-d80f-49e8-8fcb-1751db064eee","local_time":"20181211142012","is_ascension_mode":true,"campfire_choices":[{"data":"Combust","floor":6.0,"key":"SMITH"},{"data":"Uppercut","floor":8.0,"key":"SMITH"},{"floor":15.0,"key":"REST"},{"floor":23,"key":"RECALL"},{"floor":28,"key":"REST"},{"floor":32,"key":"REST"}],"neow_cost":"NO_GOLD","seed_source_timestamp":331534342736005,"circlet_count":0,"master_deck":["AscendersBane","Strike_R","Strike_R","Strike_R","Strike_R","Strike_R","Defend_R","Defend_R","Defend_R","Defend_R","Bash+1","Clothesline+1","Body Slam","Battle Trance","Combust+1","Uppercut+1","Juggernaut","Armaments","Dual Wield","Inflame","Ghostly","Ghostly","Ghostly","Rupture","Heavy Blade","Shrug It Off+1","Sword Boomerang+1","Flame Barrier","Whirlwind","Shrug It Off"],"special_seed":0,"relics":["Burning Blood","Bird Faced Urn","Bottled Tornado","Whetstone","Orichalcum","Blood Vial","Fusion Hammer","Vajra","Red Mask","Darkstone Periapt"],"potions_floor_usage":[21,24,30],"damage_taken":[{"damage":6.0,"enemies":"Cultist","floor":1.0,"turns":3.0},{"damage":4.0,"enemies":"Jaw Worm","floor":2.0,"turns":4.0},{"damage":3.0,"enemies":"2 Louse","floor":3.0,"turns":3.0},{"damage":5.0,"enemies":"Blue Slaver","floor":4.0,"turns":6.0},{"damage":9.0,"enemies":"2 Fungi Beasts","floor":5.0,"turns":4.0},{"damage":12.0,"enemies":"Exordium Wildlife","floor":7.0,"turns":3.0},{"damage":18.0,"enemies":"Blue Slaver","floor":10.0,"turns":4.0},{"damage":27.0,"enemies":"Gremlin Nob","floor":11.0,"turns":4.0},{"damage":29.0,"enemies":"Lagavulin","floor":13.0,"turns":5.0},{"damage":47.0,"enemies":"Slime Boss","floor":16.0,"turns":7.0},{"damage":25,"enemies":"Shell Parasite","floor":18,"turns":6},{"damage":18,"enemies":"Masked Bandits","floor":21,"turns":4},{"damage":20,"enemies":"2 Thieves","floor":22,"turns":4},{"damage":15,"enemies":"Snake Plant","floor":24,"turns":4},{"damage":7,"enemies":"Gremlin Leader","floor":25,"turns":5},{"damage":21,"enemies":"Cultist and Chosen","floor":29,"turns":4},{"damage":17,"enemies":"Snecko","floor":30,"turns":5},{"damage":15,"enemies":"Centurion and Healer","floor":31,"turns":6},{"damage":63,"enemies":"Collector","floor":33,"turns":6}],"seed_played":"-4099355696634168845","potions_obtained":[{"floor":2.0,"key":"Fruit Juice"},{"floor":5.0,"key":"Swift Potion"},{"floor":7.0,"key":"SteroidPotion"},{"floor":10.0,"key":"Explosive Potion"},{"floor":11.0,"key":"Poison Potion"},{"floor":18,"key":"Poison Potion"},{"floor":25,"key":"Swift Potion"},{"floor":29,"key":"Ancient Potion"}],"is_trial":false,"path_per_floor":["M","M","M","M","M","R","M","R","T","M","E","?","E","T","R","B",null,"M","?","$","?","M","R","M","E","T","?","R","M","M","M","R","B"],"character_chosen":"IRONCLAD","items_purchased":["Rupture","Vajra","Heavy Blade"],"campfire_rested":3,"item_purchase_floors":[20,20,20],"current_hp_per_floor":[68,75,78,79,76,76,72,72,72,64,45,45,26,26,50,21,65,54,40,40,29,25,25,20,31,31,31,40,29,28,31,40,0],"gold":198,"neow_bonus":"ONE_RARE_RELIC","is_prod":false,"is_daily":false,"chose_seed":false,"campfire_upgraded":2,"win_rate":0,"timestamp":1544556012,"path_taken":["M","M","M","?","?","R","M","R","T","M","E","?","E","?","R","BOSS","M","?","$","?","M","R","M","E","T","?","R","M","M","?","R","BOSS"],"build_version":"2018-12-10","purchased_purges":0,"victory":false,"max_hp_per_floor":[75,80,80,80,80,80,80,80,80,80,80,80,80,80,80,80,80,80,40,40,40,40,40,40,40,40,40,40,40,40,40,40,40],"card_choices":[{"not_picked":["Havoc","Armaments"],"picked":"Clothesline","floor":1.0},{"not_picked":["True Grit","Searing Blow"],"picked":"Body Slam","floor":2.0},{"not_picked":["Entrench","Havoc"],"picked":"Battle Trance","floor":3.0},{"not_picked":["Shrug It Off","Iron Wave"],"picked":"Combust","floor":4.0},{"not_picked":["Dropkick","Twin Strike"],"picked":"Uppercut","floor":5.0},{"not_picked":["Pommel Strike","Twin Strike"],"picked":"Juggernaut","floor":7.0},{"not_picked":["Bloodletting","Thunderclap"],"picked":"Armaments","floor":10.0},{"not_picked":["Rampage","Pommel Strike"],"picked":"Dual Wield","floor":11.0},{"not_picked":["Sever Soul","Twin Strike"],"picked":"Inflame","floor":13.0},{"not_picked":["Havoc","Armaments","Perfected Strike"],"picked":"SKIP","floor":18},{"not_picked":["Twin Strike","Thunderclap"],"picked":"Shrug It Off+1","floor":21},{"not_picked":["Intimidate","Cleave"],"picked":"Sword Boomerang+1","floor":22},{"not_picked":["Clash","Twin Strike","Sword Boomerang"],"picked":"SKIP","floor":24},{"not_picked":["Clothesline","Carnage"],"picked":"Flame Barrier","floor":25},{"not_picked":["Shrug It Off","Battle Trance"],"picked":"Whirlwind","floor":29},{"not_picked":["Anger","Heavy Blade"],"picked":"Shrug It Off","floor":30},{"not_picked":["Havoc","Flame Barrier","Twin Strike"],"picked":"SKIP","floor":31}],"player_experience":1198734,"relics_obtained":[{"floor":9.0,"key":"Bottled Tornado"},{"floor":11.0,"key":"Whetstone"},{"floor":13.0,"key":"Orichalcum"},{"floor":14.0,"key":"Blood Vial"},{"floor":21,"key":"Red Mask"},{"floor":25,"key":"Darkstone Periapt"}],"event_choices":[{"damage_healed":0.0,"max_hp_gain":0.0,"max_hp_loss":0.0,"gold_gain":0.0,"event_name":"Scrap Ooze","player_choice":"Fled","floor":12.0,"gold_loss":0.0,"damage_taken":0.0},{"damage_healed":0,"gold_gain":0,"player_choice":"Became a Ghost","damage_taken":0,"max_hp_gain":0,"max_hp_loss":40,"event_name":"Ghosts","floor":19,"gold_loss":0,"cards_obtained":["Ghostly","Ghostly","Ghostly"]},{"damage_healed":0,"gold_gain":0,"player_choice":"Fought Bandits","damage_taken":0,"max_hp_gain":0,"max_hp_loss":0,"event_name":"Masked Bandits","floor":21,"gold_loss":0},{"damage_healed":0,"gold_gain":50,"player_choice":"Stole From Cult","damage_taken":0,"max_hp_gain":0,"max_hp_loss":0,"event_name":"Nest","floor":27,"gold_loss":0}],"is_beta":true,"boss_relics":[{"not_picked":["Velvet Choker","Busted Crown"],"picked":"Fusion Hammer"}],"items_purged_floors":[],"is_endless":false,"potions_floor_spawned":[2,5,7,10,11,18,25,29],"killed_by":"Collector","ascension_level":20}