{"gold_per_floor":[118,137,152,152,152,152,152,25,25,25,45,72,102,116,116,190,190,200,219,107,32,50,50,50,84,108,108,138,148,159,209,209,280,280,300,317,207,107,127,143,243,83,83,103,130,130,143,157,157,157,157],"floor_reached":51,"playtime":3114,"items_purged":["Regret","Strike_G"],"score":1383,"play_id":"41eb01b6-634a-4eba-b7a4-9b3dafe6be6e","local_time":"20190208140525","is_ascension_mode":true,"campfire_choices":[{"data":"Neutralize","floor":6.0,"key":"SMITH"},{"data":"Dagger Spray","floor":7.0,"key":"SMITH"},{"floor":10.0,"key":"REST"},{"data":"Noxious Fumes","floor":15.0,"key":"SMITH"},{"floor":23.0,"key":"REST"},{"floor":24.0,"key":"RECALL"},{"floor":27.0,"key":"REST"},{"floor":32.0,"key":"REST"},{"floor":46.0,"key":"REST"},{"floor":49.0,"key":"REST"}],"neow_cost":"CURSE","seed_source_timestamp":1557929740005,"circlet_count":0,"master_deck":["AscendersBane","Defend_G","Defend_G","Defend_G","Defend_G","Defend_G+1","Strike_G","Strike_G","Survivor","Neutralize+1","Dagger Spray+1","Predator+1","Poisoned Stab","Poisoned Stab","Crippling Poison","Corpse Explosion+1","Noxious Fumes+1","After Image","Backflip","Backflip","Backstab","Leg Sweep","Well Laid Plans","Prepared+1","Blur","Footwork","A Thousand Cuts","Wraith Form v2","Blur+1","Cloak And Dagger","PiercingWail","Acrobatics","Backflip","Tactician+1","Wraith Form v2"],"special_seed":0,"relics":["Ring of the Snake","WingedGreaves","Ornamental Fan","Sundial","Turnip","Fusion Hammer","Blue Candle","Ancient Tea Set","Happy Flower","Snecko Eye","Calipers","Strawberry","The Specimen"],"potions_floor_usage":[],"damage_taken":[{"damage":13.0,"enemies":"Cultist","floor":1.0,"turns":5.0},{"damage":5.0,"enemies":"Small Slimes","floor":2.0,"turns":5.0},{"damage":10.0,"enemies":"Jaw Worm","floor":3.0,"turns":4.0},{"damage":2.0,"enemies":"2 Fungi Beasts","floor":11.0,"turns":2.0},{"damage":15.0,"enemies":"3 Sentries","floor":12.0,"turns":5.0},{"damage":21.0,"enemies":"Gremlin Nob","floor":13.0,"turns":4.0},{"damage":1.0,"enemies":"Looter","floor":14.0,"turns":3.0},{"damage":11.0,"enemies":"The Guardian","floor":16.0,"turns":9.0},{"damage":14.0,"enemies":"3 Byrds","floor":18.0,"turns":3.0},{"damage":0.0,"enemies":"Chosen","floor":19.0,"turns":5.0},{"damage":0.0,"enemies":"3 Cultists","floor":22.0,"turns":2.0},{"damage":15.0,"enemies":"Gremlin Leader","floor":25.0,"turns":6.0},{"damage":30.0,"enemies":"Slavers","floor":28.0,"turns":4.0},{"damage":6.0,"enemies":"Snecko","floor":29.0,"turns":6.0},{"damage":7.0,"enemies":"Shelled Parasite and Fungi","floor":30.0,"turns":7.0},{"damage":12.0,"enemies":"Automaton","floor":33.0,"turns":10.0},{"damage":0.0,"enemies":"3 Darklings","floor":35.0,"turns":3.0},{"damage":28.0,"enemies":"Orb Walker","floor":36.0,"turns":5.0},{"damage":0.0,"enemies":"4 Shapes","floor":39.0,"turns":5.0},{"damage":2.0,"enemies":"Jaw Worm Horde","floor":40.0,"turns":3.0},{"damage":0.0,"enemies":"Mind Bloom Boss Battle","floor":41.0,"turns":7.0},{"damage":1.0,"enemies":"Writhing Mass","floor":44.0,"turns":7.0},{"damage":7.0,"enemies":"Reptomancer","floor":45.0,"turns":7.0},{"damage":0.0,"enemies":"Maw","floor":47.0,"turns":7.0},{"damage":9.0,"enemies":"4 Shapes","floor":48.0,"turns":4.0},{"damage":38,"enemies":"Time Eater","floor":50,"turns":18},{"damage":19,"enemies":"Awakened One","floor":51,"turns":2}],"seed_played":"-8749873926862927990","potions_obtained":[{"floor":12.0,"key":"Explosive Potion"},{"floor":13.0,"key":"Block Potion"},{"floor":14.0,"key":"GhostInAJar"},{"floor":16.0,"key":"EssenceOfSteel"},{"floor":18.0,"key":"PowerPotion"},{"floor":25.0,"key":"GamblersBrew"},{"floor":28.0,"key":"PowerPotion"},{"floor":30.0,"key":"FairyPotion"},{"floor":36.0,"key":"LiquidBronze"},{"floor":39.0,"key":"Energy Potion"},{"floor":40.0,"key":"SteroidPotion"},{"floor":45.0,"key":"Ancient Potion"}],"is_trial":false,"path_per_floor":["M","M","M","?","?","R","R","$","T","R","M","E","E","M","R","B",null,"M","M","$","?","M","R","R","E","T","R","E","M","M","?","R","B",null,"M","M","?","$","M","M","?","$","T","M","E","R","M","M","R","B","B"],"character_chosen":"THE_SILENT","items_purchased":["Poisoned Stab","Backstab","Leg Sweep","Strawberry"],"campfire_rested":6,"item_purchase_floors":[8,20,20,42],"current_hp_per_floor":[46,41,31,11,33,33,33,33,33,52,50,35,14,13,13,2,50,36,36,36,36,36,55,55,40,40,59,29,23,16,16,35,23,55,55,27,27,27,27,25,25,32,32,31,24,45,45,36,57,19,0],"gold":157,"neow_bonus":"ONE_RARE_RELIC","is_prod":false,"is_daily":false,"chose_seed":false,"campfire_upgraded":3,"win_rate":0,"timestamp":1549652725,"path_taken":["M","M","M","?","?","R","R","$","T","R","?","E","E","M","R","BOSS","M","M","$","?","M","R","R","E","T","R","E","M","M","?","R","BOSS","M","M","?","?","M","M","?","$","T","M","E","R","M","M","R","BOSS","BOSS"],"build_version":"2019-01-23","purchased_purges":2,"victory":false,"max_hp_per_floor":[66,66,66,66,66,66,66,66,66,66,66,66,66,66,66,66,66,66,66,66,66,66,66,66,66,66,66,66,66,66,66,66,66,66,66,66,66,66,66,66,66,73,73,73,73,73,73,73,73,73,73],"card_choices":[{"not_picked":["Dodge and Roll","Deadly Poison"],"picked":"Dagger Spray","floor":1.0},{"not_picked":["Underhanded Strike","Masterful Stab"],"picked":"Predator","floor":2.0},{"not_picked":["Dagger Throw","Escape Plan"],"picked":"Poisoned Stab","floor":3.0},{"not_picked":["Dagger Spray","Dodge and Roll"],"picked":"Crippling Poison","floor":11.0},{"not_picked":["Endless Agony","Acrobatics"],"picked":"Corpse Explosion","floor":12.0},{"not_picked":["Masterful Stab","Setup"],"picked":"Noxious Fumes","floor":13.0},{"not_picked":["Blade Dance","Tactician","Outmaneuver"],"picked":"SKIP","floor":14.0},{"not_picked":["A Thousand Cuts","Tools of the Trade"],"picked":"After Image","floor":16.0},{"not_picked":["Outmaneuver","Blur"],"picked":"Backflip","floor":18.0},{"not_picked":["Slice","Bouncing Flask"],"picked":"Backflip","floor":19.0},{"not_picked":["Slice","Noxious Fumes"],"picked":"Well Laid Plans","floor":22.0},{"not_picked":["Eviscerate","Dodge and Roll"],"picked":"Prepared+1","floor":25.0},{"not_picked":["Reflex","Concentrate"],"picked":"Blur","floor":28.0},{"not_picked":["Dagger Throw","Catalyst"],"picked":"Footwork","floor":29.0},{"not_picked":["Backflip","Outmaneuver"],"picked":"A Thousand Cuts","floor":30.0},{"not_picked":["Phantasmal Killer","After Image"],"picked":"Wraith Form v2","floor":33.0},{"not_picked":["Deflect+1","Deadly Poison+1"],"picked":"Blur+1","floor":35.0},{"not_picked":["Infinite Blades","Quick Slash"],"picked":"Cloak And Dagger","floor":36.0},{"not_picked":["Deflect+1","Blade Dance"],"picked":"PiercingWail","floor":39.0},{"not_picked":["Deflect","Terror","Dagger Throw+1"],"picked":"SKIP","floor":40.0},{"not_picked":["Slice","Venomology"],"picked":"Acrobatics","floor":41.0},{"not_picked":["Underhanded Strike","Dagger Spray"],"picked":"Backflip","floor":44.0},{"not_picked":["Dagger Throw","Poisoned Stab"],"picked":"Tactician+1","floor":45.0},{"not_picked":["Flying Knee","Riddle With Holes","Expertise"],"picked":"SKIP","floor":47.0},{"not_picked":["Dodge and Roll","Distraction+1"],"picked":"Wraith Form v2","floor":48.0}],"player_experience":1159533,"relics_obtained":[{"floor":9.0,"key":"Ornamental Fan"},{"floor":12.0,"key":"Sundial"},{"floor":13.0,"key":"Turnip"},{"floor":25.0,"key":"Blue Candle"},{"floor":26.0,"key":"Ancient Tea Set"},{"floor":28.0,"key":"Happy Flower"},{"floor":41.0,"key":"Calipers"},{"floor":45.0,"key":"The Specimen"}],"event_choices":[{"damage_healed":0.0,"max_hp_gain":0.0,"max_hp_loss":0.0,"gold_gain":0.0,"event_name":"Shining Light","player_choice":"Entered Light","floor":4.0,"gold_loss":0.0,"damage_taken":20.0,"cards_upgraded":["Defend_G","Predator"]},{"damage_healed":22.0,"max_hp_gain":0.0,"max_hp_loss":0.0,"gold_gain":0.0,"event_name":"Big Fish","player_choice":"Banana","floor":5.0,"gold_loss":0.0,"damage_taken":0.0},{"cards_removed":["Strike_G"],"damage_healed":0.0,"max_hp_gain":0.0,"max_hp_loss":0.0,"gold_gain":0.0,"event_name":"Beggar","player_choice":"Gave Gold","floor":21.0,"gold_loss":75.0,"damage_taken":0.0},{"damage_healed":0.0,"max_hp_gain":0.0,"max_hp_loss":0.0,"gold_gain":50.0,"event_name":"Nest","player_choice":"Stole From Cult","floor":31.0,"gold_loss":0.0,"damage_taken":0.0},{"cards_removed":["Strike_G"],"damage_healed":0.0,"max_hp_gain":0.0,"max_hp_loss":0.0,"gold_gain":0.0,"event_name":"Designer","player_choice":"Upgrade and Remove","floor":37.0,"gold_loss":110.0,"damage_taken":0.0,"cards_upgraded":["Corpse Explosion"]},{"damage_healed":0.0,"max_hp_gain":0.0,"max_hp_loss":0.0,"gold_gain":0.0,"event_name":"MindBloom","player_choice":"Fight","floor":41.0,"gold_loss":0.0,"damage_taken":0.0}],"is_beta":false,"boss_relics":[{"not_picked":["Runic Dome","Empty Cage"],"picked":"Fusion Hammer"},{"not_picked":["HoveringKite","Cursed Key"],"picked":"Snecko Eye"}],"items_purged_floors":[8,38],"is_endless":false,"potions_floor_spawned":[12,13,14,16,18,25,28,30,36,39,40,44,45,48],"killed_by":"Awakened One","ascension_level":20}