{"gold_per_floor":[114,114,127,17,17,17,51,51,51,70,95,111,137,150,150,247,247,257,257],"floor_reached":19,"playtime":749,"items_purged":["Regret"],"score":297,"play_id":"b38a0343-5f59-46a6-8a7c-05c043e938d4","local_time":"20180825091135","is_ascension_mode":true,"campfire_choices":[{"data":"Zap","floor":6.0,"key":"SMITH"},{"data":"Dualcast","floor":8.0,"key":"SMITH"},{"floor":15.0,"key":"REST"}],"neow_cost":"NONE","seed_source_timestamp":0,"circlet_count":0,"master_deck":["Strike_B","Strike_B","Strike_B","Strike_B","Defend_B","Defend_B","Defend_B","Defend_B","Zap+1","Dualcast+1","Streamline","Leap","Self Repair","Ball Lightning","Thunder Strike","White Noise","Conserve Battery","White Noise","Leap","Machine Learning","Loop"],"special_seed":0,"relics":["Cracked Core","DataDisk","Omamori","Orichalcum","Bag of Preparation","Art of War","Strawberry","Eternal Feather"],"potions_floor_usage":[18,19],"damage_taken":[{"damage":7.0,"enemies":"Small Slimes","floor":1.0,"turns":2.0},{"damage":9.0,"enemies":"Jaw Worm","floor":3.0,"turns":3.0},{"damage":15.0,"enemies":"3 Sentries","floor":7.0,"turns":6.0},{"damage":0.0,"enemies":"Cultist","floor":10.0,"turns":2.0},{"damage":20.0,"enemies":"Lagavulin","floor":11.0,"turns":4.0},{"damage":6.0,"enemies":"2 Fungi Beasts","floor":12.0,"turns":3.0},{"damage":0.0,"enemies":"Gremlin Nob","floor":13.0,"turns":2.0},{"damage":6.0,"enemies":"Exordium Thugs","floor":14.0,"turns":4.0},{"damage":26.0,"enemies":"Hexaghost","floor":16.0,"turns":8.0},{"damage":5,"enemies":"Chosen","floor":18,"turns":5},{"damage":26,"enemies":"Colosseum Slavers","floor":19,"turns":5},{"damage":80,"enemies":"Colosseum Nobs","floor":19,"turns":4}],"seed_played":"3283437788422656503","potions_obtained":[{"floor":1.0,"key":"SteroidPotion"},{"floor":3.0,"key":"SteroidPotion"},{"floor":5.0,"key":"EntropicBrew"},{"floor":10.0,"key":"FocusPotion"},{"floor":11.0,"key":"Dexterity Potion"},{"floor":16.0,"key":"Block Potion"},{"floor":18,"key":"GamblersBrew"}],"is_trial":false,"path_per_floor":["M","?","M","$","?","R","E","R","T","M","E","M","E","M","R","B",null,"M"],"character_chosen":"DEFECT","items_purchased":["Self Repair"],"campfire_rested":1,"item_purchase_floors":[4],"current_hp_per_floor":[61,61,52,52,52,52,44,44,44,44,31,32,39,40,64,38,71,73,0],"gold":257,"neow_bonus":"RANDOM_COMMON_RELIC","is_prod":false,"is_daily":false,"chose_seed":false,"campfire_upgraded":2,"win_rate":0,"timestamp":1535181095,"path_taken":["M","?","M","$","?","R","E","R","T","M","E","M","E","?","R","BOSS","M","?"],"build_version":"2018-08-23v2","purchased_purges":1,"victory":false,"max_hp_per_floor":[75,75,75,75,75,75,75,75,75,75,75,75,82,82,82,82,82,82,82],"card_choices":[{"not_picked":["Darkness","Heatsinks"],"picked":"Streamline","floor":1.0},{"not_picked":["Cold Snap","Turbo"],"picked":"Leap","floor":3.0},{"not_picked":["BootSequence","Aggregate"],"picked":"Ball Lightning","floor":7.0},{"not_picked":["Compile Driver","Beam Cell"],"picked":"Thunder Strike","floor":10.0},{"not_picked":["Aggregate","Blizzard"],"picked":"White Noise","floor":11.0},{"not_picked":["Barrage","Stack"],"picked":"Conserve Battery","floor":12.0},{"not_picked":["Go for the Eyes","Melter"],"picked":"White Noise","floor":13.0},{"not_picked":["Sweeping Beam","Lockon"],"picked":"Leap","floor":14.0},{"not_picked":["Thunder Strike","All For One"],"picked":"Machine Learning","floor":16.0},{"not_picked":["Sweeping Beam","Recycle"],"picked":"Loop","floor":18}],"player_experience":927477,"relics_obtained":[{"floor":7.0,"key":"Orichalcum"},{"floor":9.0,"key":"Bag of Preparation"},{"floor":11.0,"key":"Art of War"},{"floor":13.0,"key":"Strawberry"}],"event_choices":[{"event_name":"Big Fish","player_choice":"Box","floor":2.0,"damage_taken":0.0},{"event_name":"The Lab","player_choice":"Got Potions","floor":5.0,"damage_taken":0.0},{"event_name":"Colosseum","player_choice":"Fight","floor":19,"damage_taken":0},{"event_name":"Colosseum","player_choice":"Fought Nobs","floor":19,"damage_taken":0}],"is_beta":false,"boss_relics":[{"not_picked":["Astrolabe","Ectoplasm"],"picked":"Eternal Feather"}],"items_purged_floors":[4],"is_endless":false,"potions_floor_spawned":[1,3,10,11,16,18],"killed_by":"Colosseum Nobs","ascension_level":8}