{"gold_per_floor":[110,85,103,69,69,69,103,122,122,122,132,132,132,164,164,164],"floor_reached":16,"playtime":999,"items_purged":[],"score":226,"play_id":"676d159d-ba3d-4a86-9d62-1831091d6fed","local_time":"20190219163538","is_ascension_mode":true,"campfire_choices":[{"data":"True Grit","floor":6,"key":"SMITH"},{"data":"Armaments","floor":10,"key":"SMITH"},{"data":"Uppercut","floor":12,"key":"SMITH"},{"data":"Juggernaut","floor":15,"key":"SMITH"}],"neow_cost":"NONE","seed_source_timestamp":80497554752588,"circlet_count":0,"master_deck":["AscendersBane","Strike_R","Strike_R","Strike_R","Strike_R","Strike_R","Defend_R","Defend_R","Defend_R","Defend_R","Bash","Armaments+1","True Grit+1","Uppercut+1","Juggernaut+1","Cleave","Reaper"],"relics":["Burning Blood","NeowsBlessing","Darkstone Periapt","Meat on the Bone","Art of War","Toxic Egg 2"],"potions_floor_usage":[16,16],"damage_taken":[{"damage":0,"enemies":"Cultist","floor":1,"turns":1},{"damage":0,"enemies":"2 Louse","floor":3,"turns":1},{"damage":0,"enemies":"Gremlin Nob","floor":7,"turns":1},{"damage":6,"enemies":"Small Slimes","floor":8,"turns":4},{"damage":27,"enemies":"Gremlin Gang","floor":11,"turns":6},{"damage":38,"enemies":"3 Sentries","floor":14,"turns":8},{"damage":48,"enemies":"Hexaghost","floor":16,"turns":11}],"seed_played":"4878142748220705059","potions_obtained":[{"floor":7,"key":"BloodPotion"},{"floor":8,"key":"FearPotion"},{"floor":14,"key":"Weak Potion"}],"is_trial":false,"path_per_floor":["M","$","M","$","?","R","E","M","T","R","M","R","?","E","R","B"],"character_chosen":"IRONCLAD","items_purchased":["True Grit","Uppercut"],"campfire_rested":0,"item_purchase_floors":[2,4],"current_hp_per_floor":[74,74,75,75,75,75,75,75,75,75,54,54,54,34,34,0],"gold":164,"neow_bonus":"THREE_ENEMY_KILL","is_prod":false,"is_daily":false,"chose_seed":false,"campfire_upgraded":4,"win_rate":0,"timestamp":1550615738,"path_taken":["M","$","?","$","?","R","E","M","T","R","M","R","?","E","R","BOSS"],"build_version":"2019-01-23","purchased_purges":0,"victory":false,"max_hp_per_floor":[75,75,75,75,75,75,75,75,75,75,75,75,75,75,75,75],"card_choices":[{"not_picked":["Havoc","Cleave"],"picked":"Armaments","floor":1},{"not_picked":["Second Wind","Wild Strike","Flex"],"picked":"SKIP","floor":3},{"not_picked":["Clash","Wild Strike"],"picked":"Juggernaut","floor":7},{"not_picked":["Clothesline","Power Through"],"picked":"Cleave","floor":8},{"not_picked":["True Grit","Heavy Blade","Clothesline"],"picked":"SKIP","floor":11},{"not_picked":["True Grit","Heavy Blade","Clothesline"],"picked":"SKIP","floor":11},{"not_picked":["Perfected Strike","Clash"],"picked":"Reaper","floor":14}],"player_experience":446385,"relics_obtained":[{"floor":7,"key":"Darkstone Periapt"},{"floor":9,"key":"Meat on the Bone"},{"floor":13,"key":"Art of War"},{"floor":14,"key":"Toxic Egg 2"}],"event_choices":[{"damage_healed":0,"gold_gain":0,"player_choice":"Ignored","damage_taken":0,"max_hp_gain":0,"max_hp_loss":0,"event_name":"Liars Game","floor":5,"gold_loss":0},{"damage_healed":0,"gold_gain":0,"player_choice":"Relic","damage_taken":0,"max_hp_gain":0,"max_hp_loss":0,"event_name":"Wheel of Change","floor":13,"gold_loss":0}],"is_beta":false,"boss_relics":[],"items_purged_floors":[],"is_endless":false,"potions_floor_spawned":[7,8,14],"killed_by":"Hexaghost","ascension_level":14}