{"gold_per_floor":[118,118,132,147,147,147,165,165,165,130,130,148,148,175,175,276,276,289,176,187,205,99,99,117,117,117,142,154,253,268,268,268,369,369,379,379,398,398,417,417,46,46,46,65,82,82,45,45,45,45,45,45,45,74,74],"floor_reached":55,"playtime":5648,"items_purged":["Strike_G","Strike_G"],"score":687,"play_id":"122dd054-9a3c-41d9-90b4-ed44dcad49b9","local_time":"20190217022442","is_ascension_mode":false,"campfire_choices":[{"data":"Poisoned Stab","floor":6,"key":"SMITH"},{"data":"Dagger Spray","floor":8,"key":"SMITH"},{"data":"Dodge and Roll","floor":15,"key":"SMITH"},{"data":"Dodge and Roll","floor":23,"key":"SMITH"},{"floor":25,"key":"REST"},{"floor":32,"key":"REST"},{"data":"Leg Sweep","floor":40,"key":"SMITH"},{"data":"Crippling Poison","floor":42,"key":"SMITH"},{"floor":46,"key":"RECALL"},{"data":"Acrobatics","floor":49,"key":"SMITH"},{"data":"Burst","floor":52,"key":"SMITH"}],"neow_cost":"NONE","seed_source_timestamp":158818120614900,"circlet_count":0,"master_deck":["Defend_G","Defend_G","Defend_G","Defend_G","Defend_G","Strike_G","Strike_G","Strike_G","Survivor","Neutralize+1","Dagger Throw","Poisoned Stab+1","Deflect","Dagger Spray+1","Dodge and Roll+1","Cloak And Dagger","Burst+1","Finisher+1","Noxious Fumes+1","Deflect+1","Crippling Poison+1","Well Laid Plans+1","Dodge and Roll+1","Noxious Fumes+1","Catalyst+1","Sucker Punch+1","Envenom+1","Footwork+1","Flying Knee+1","Leg Sweep+1","Acrobatics+1","Infinite Blades+1","Venomology","Dagger Spray+1","Footwork+1","Noxious Fumes+1"],"relics":["Ring of the Snake","NeowsBlessing","Darkstone Periapt","Pen Nib","Frozen Egg 2","Blood Vial","White Beast Statue","Paper Crane","Question Card","Lantern","Coffee Dripper","Anchor","Ninja Scroll","Happy Flower"],"potions_floor_usage":[16,18,21,24,27,28,33,33,39,39,45,50,50,50,50,54,55],"damage_taken":[{"damage":0,"enemies":"Small Slimes","floor":1,"turns":1},{"damage":0,"enemies":"Jaw Worm","floor":3,"turns":1},{"damage":0,"enemies":"2 Louse","floor":4,"turns":1},{"damage":13,"enemies":"Large Slime","floor":7,"turns":8},{"damage":1,"enemies":"2 Fungi Beasts","floor":12,"turns":3},{"damage":4,"enemies":"3 Sentries","floor":14,"turns":7},{"damage":22,"enemies":"Hexaghost","floor":16,"turns":10},{"damage":30,"enemies":"Spheric Guardian","floor":18,"turns":10},{"damage":1,"enemies":"Shell Parasite","floor":20,"turns":7},{"damage":14,"enemies":"Shelled Parasite and Fungi","floor":21,"turns":8},{"damage":16,"enemies":"Cultist and Chosen","floor":24,"turns":6},{"damage":6,"enemies":"Gremlin Leader","floor":27,"turns":7},{"damage":4,"enemies":"Snake Plant","floor":28,"turns":5},{"damage":10,"enemies":"Snecko","floor":30,"turns":7},{"damage":30,"enemies":"Champ","floor":33,"turns":15},{"damage":14,"enemies":"3 Darklings","floor":35,"turns":6},{"damage":3,"enemies":"Orb Walker","floor":37,"turns":5},{"damage":11,"enemies":"Sphere and 2 Shapes","floor":39,"turns":4},{"damage":2,"enemies":"3 Darklings","floor":44,"turns":4},{"damage":10,"enemies":"Transient","floor":45,"turns":5},{"damage":29,"enemies":"Awakened One","floor":50,"turns":13},{"damage":46,"enemies":"Shield and Spear","floor":54,"turns":11},{"damage":31,"enemies":"The Heart","floor":55,"turns":2}],"seed_played":"-7399557015565787907","potions_obtained":[{"floor":3,"key":"PowerPotion"},{"floor":7,"key":"SteroidPotion"},{"floor":12,"key":"Energy Potion"},{"floor":18,"key":"FearPotion"},{"floor":20,"key":"Dexterity Potion"},{"floor":21,"key":"Fire Potion"},{"floor":24,"key":"FairyPotion"},{"floor":27,"key":"Poison Potion"},{"floor":28,"key":"Swift Potion"},{"floor":30,"key":"FearPotion"},{"floor":33,"key":"Poison Potion"},{"floor":35,"key":"EssenceOfSteel"},{"floor":37,"key":"Strength Potion"},{"floor":39,"key":"FearPotion"},{"floor":44,"key":"EssenceOfSteel"},{"floor":45,"key":"SkillPotion"},{"floor":54,"key":"Strength Potion"}],"is_trial":false,"path_per_floor":["M","?","M","M","?","R","M","R","T","?","?","M","T","E","R","B",null,"M","$","M","M","$","R","M","R","T","E","M","?","M","?","R","B",null,"M","?","M","?","M","R","$","R","T","M","M","R","$","T","R","B",null,"R","$","E","B"],"character_chosen":"THE_SILENT","items_purchased":["Noxious Fumes+1","Well Laid Plans+1","Dodge and Roll","Anchor","Acrobatics","Infinite Blades+1","Footwork+1"],"campfire_rested":2,"item_purchase_floors":[19,22,22,41,41,41,47],"current_hp_per_floor":[70,70,70,70,70,70,57,57,57,70,58,57,57,53,53,33,70,40,40,41,29,29,29,15,36,36,32,30,30,22,22,43,15,70,56,56,55,55,46,46,46,46,46,46,38,38,38,38,38,11,70,70,70,24,0],"gold":74,"neow_bonus":"THREE_ENEMY_KILL","is_prod":false,"is_daily":false,"chose_seed":false,"campfire_upgraded":8,"win_rate":0,"timestamp":1550388282,"path_taken":["M","?","M","M","?","R","M","R","T","?","?","M","?","E","R","BOSS","M","$","M","M","$","R","M","R","T","E","M","?","M","?","R","BOSS","M","?","M","?","M","R","?","R","T","?","M","R","$","?","R","BOSS","R","$","E","BOSS"],"build_version":"2019-01-23","purchased_purges":2,"victory":false,"max_hp_per_floor":[70,70,70,70,70,70,70,70,70,70,70,70,70,70,70,70,70,70,70,70,70,70,70,70,70,70,70,70,70,70,70,70,70,70,70,70,70,70,70,70,70,70,70,70,70,70,70,70,70,70,70,70,70,70,70],"card_choices":[{"not_picked":["Infinite Blades","Flying Knee"],"picked":"Dagger Throw","floor":1},{"not_picked":["Tactician","Outmaneuver"],"picked":"Poisoned Stab","floor":3},{"not_picked":["Skewer","Dagger Spray"],"picked":"Deflect","floor":4},{"not_picked":["Deflect","Prepared"],"picked":"Dagger Spray","floor":7},{"not_picked":["Underhanded Strike","Phantasmal Killer"],"picked":"Dodge and Roll","floor":12},{"not_picked":["Deadly Poison","All Out Attack"],"picked":"Cloak And Dagger","floor":14},{"not_picked":["Doppelganger","Die Die Die"],"picked":"Burst","floor":16},{"not_picked":["Blade Dance","Masterful Stab"],"picked":"Finisher+1","floor":18},{"not_picked":["Deadly Poison","Dagger Spray"],"picked":"Deflect+1","floor":20},{"not_picked":["Heel Hook+1","Venomology"],"picked":"Crippling Poison","floor":21},{"not_picked":["Flying Knee","Skewer"],"picked":"Noxious Fumes+1","floor":24},{"not_picked":["Deflect","Well Laid Plans+1"],"picked":"Flying Knee","floor":27},{"not_picked":["Noxious Fumes+1","Dodge and Roll","Outmaneuver"],"picked":"Catalyst+1","floor":28},{"not_picked":["Dodge and Roll","Leg Sweep","Deadly Poison+1"],"picked":"Sucker Punch+1","floor":30},{"not_picked":["Tools of the Trade+1","Die Die Die","Glass Knife"],"picked":"Envenom+1","floor":33},{"not_picked":["Backflip","Slice+1","Terror+1"],"picked":"Footwork+1","floor":35},{"not_picked":["Bouncing Flask+1","Cloak And Dagger","Setup"],"picked":"Flying Knee+1","floor":37},{"not_picked":["Sucker Punch+1","Riddle With Holes+1","PiercingWail"],"picked":"Leg Sweep","floor":39},{"not_picked":["PiercingWail","Bane","Dagger Throw+1"],"picked":"Venomology","floor":44},{"not_picked":["Acrobatics+1","Concentrate+1","Expertise+1"],"picked":"Dagger Spray+1","floor":45},{"not_picked":["Cloak And Dagger","Sucker Punch","Bane+1"],"picked":"Noxious Fumes+1","floor":54}],"player_experience":199892,"relics_obtained":[{"floor":9,"key":"Darkstone Periapt"},{"floor":13,"key":"Frozen Egg 2"},{"floor":14,"key":"Blood Vial"},{"floor":26,"key":"Paper Crane"},{"floor":27,"key":"Question Card"},{"floor":43,"key":"Ninja Scroll"},{"floor":54,"key":"Happy Flower"}],"event_choices":[{"damage_healed":0,"gold_gain":0,"player_choice":"Ignored","damage_taken":0,"max_hp_gain":0,"max_hp_loss":0,"event_name":"Liars Game","floor":2,"gold_loss":0},{"damage_healed":0,"gold_gain":0,"player_choice":"Grow","damage_taken":0,"max_hp_gain":0,"max_hp_loss":0,"event_name":"Living Wall","floor":5,"gold_loss":0,"cards_upgraded":["Neutralize"]},{"damage_healed":17,"gold_gain":0,"player_choice":"Healed","damage_taken":0,"max_hp_gain":0,"max_hp_loss":0,"event_name":"The Cleric","floor":10,"gold_loss":35},{"damage_healed":0,"gold_gain":0,"player_choice":"Success","damage_taken":12,"relics_obtained":["Pen Nib"],"max_hp_gain":0,"max_hp_loss":0,"event_name":"Scrap Ooze","floor":11,"gold_loss":0},{"damage_healed":0,"gold_gain":99,"player_choice":"Stole From Cult","damage_taken":0,"max_hp_gain":0,"max_hp_loss":0,"event_name":"Nest","floor":29,"gold_loss":0},{"damage_healed":0,"gold_gain":0,"player_choice":"Opened","damage_taken":0,"relics_obtained":["Lantern"],"max_hp_gain":0,"max_hp_loss":0,"event_name":"The Mausoleum","floor":31,"gold_loss":0},{"cards_removed":["Flying Knee"],"damage_healed":0,"gold_gain":0,"player_choice":"Removed Attack","damage_taken":0,"max_hp_gain":0,"max_hp_loss":0,"event_name":"Falling","floor":36,"gold_loss":0},{"damage_healed":0,"gold_gain":0,"player_choice":"Ignored","damage_taken":0,"max_hp_gain":0,"max_hp_loss":0,"event_name":"Tomb of Lord Red Mask","floor":38,"gold_loss":0}],"is_beta":false,"boss_relics":[{"not_picked":["Fusion Hammer","Tiny House"],"picked":"White Beast Statue"},{"not_picked":["HoveringKite","Lizard Tail"],"picked":"Coffee Dripper"}],"items_purged_floors":[19,41],"is_endless":false,"potions_floor_spawned":[3,7,12,18,20,21,24,27,28,30,33,35,37,39,44,45,54],"killed_by":"The Heart","ascension_level":0}