{"gold_per_floor":[110,36,48,48,48,73,73,101,152,152,164,189,200,125,125,229,229,248,261,261,187,187,187],"floor_reached":23,"playtime":1574,"items_purged":["Strike_G"],"score":244,"play_id":"943144b8-c6c7-4ea7-8297-f98fc489a8be","local_time":"20190205120459","is_ascension_mode":true,"campfire_choices":[{"data":"Terror","floor":7,"key":"SMITH"},{"data":"Riddle With Holes","floor":10,"key":"SMITH"},{"data":"Flechettes","floor":15,"key":"SMITH"}],"neow_cost":"NONE","seed_source_timestamp":95275019273022,"circlet_count":0,"master_deck":["Defend_G+1","Defend_G+1","Defend_G+1","Defend_G+1","Defend_G+1","Strike_G+1","Strike_G+1","Strike_G+1","Strike_G+1","Survivor","Neutralize","Dash","Terror+1","Riddle With Holes+1","Backflip","Dagger Throw","Dodge and Roll","Cloak And Dagger","Flechettes+1","A Thousand Cuts","Skewer","Deadly Poison","Infinite Blades"],"relics":["Ring of the Snake","NeowsBlessing","Lantern","Dream Catcher","Ornamental Fan","Eternal Feather"],"potions_floor_usage":[16,16,16],"damage_taken":[{"damage":0,"enemies":"Cultist","floor":1,"turns":1},{"damage":0,"enemies":"2 Louse","floor":3,"turns":1},{"damage":0,"enemies":"Lagavulin","floor":6,"turns":1},{"damage":9,"enemies":"Gremlin Nob","floor":8,"turns":4},{"damage":0,"enemies":"Jaw Worm","floor":11,"turns":2},{"damage":26,"enemies":"3 Sentries","floor":12,"turns":9},{"damage":0,"enemies":"Blue Slaver","floor":13,"turns":2},{"damage":19,"enemies":"Slime Boss","floor":16,"turns":12},{"damage":13,"enemies":"2 Thieves","floor":18,"turns":4},{"damage":41,"enemies":"Spheric Guardian","floor":19,"turns":8},{"damage":18,"enemies":"Slavers","floor":23,"turns":2}],"seed_played":"-7523685550769824483","potions_obtained":[{"floor":1,"key":"GamblersBrew"},{"floor":6,"key":"SpeedPotion"},{"floor":12,"key":"AttackPotion"},{"floor":13,"key":"Explosive Potion"}],"is_trial":false,"path_per_floor":["M","$","M","?","?","E","R","E","T","R","M","E","M","$","R","B",null,"M","M","?","$","?","E"],"character_chosen":"THE_SILENT","items_purchased":["Terror","Infinite Blades"],"campfire_rested":0,"item_purchase_floors":[2,21],"current_hp_per_floor":[70,70,70,70,70,70,70,61,61,61,61,35,35,35,35,16,70,57,16,16,16,16,0],"gold":187,"neow_bonus":"THREE_ENEMY_KILL","is_prod":false,"is_daily":false,"chose_seed":false,"campfire_upgraded":3,"win_rate":0,"timestamp":1549397099,"path_taken":["M","$","?","?","?","E","R","E","T","R","M","E","M","$","R","BOSS","M","M","?","$","?","E"],"build_version":"2019-01-23","purchased_purges":1,"victory":false,"max_hp_per_floor":[70,70,70,70,70,70,70,70,70,70,70,70,70,70,70,70,70,70,70,70,70,70,70],"card_choices":[{"not_picked":["Reflex","Flying Knee"],"picked":"Dash","floor":1},{"not_picked":["Reflex","Heel Hook"],"picked":"Riddle With Holes","floor":3},{"not_picked":["Quick Slash","Malaise"],"picked":"Backflip","floor":6},{"not_picked":["Sucker Punch","Expertise"],"picked":"Dagger Throw","floor":8},{"not_picked":["Eviscerate","Dash"],"picked":"Dodge and Roll","floor":11},{"not_picked":["Well Laid Plans","Deadly Poison"],"picked":"Cloak And Dagger","floor":12},{"not_picked":["Slice","Bane"],"picked":"Flechettes","floor":13},{"not_picked":["Die Die Die","Night Terror"],"picked":"A Thousand Cuts","floor":16},{"not_picked":["Outmaneuver+1","Prepared"],"picked":"Skewer","floor":18},{"not_picked":["Backflip+1","Quick Slash"],"picked":"Deadly Poison","floor":19}],"player_experience":79897,"relics_obtained":[{"floor":6,"key":"Lantern"},{"floor":8,"key":"Dream Catcher"},{"floor":12,"key":"Ornamental Fan"}],"event_choices":[{"damage_healed":0,"gold_gain":0,"player_choice":"Ignored","damage_taken":0,"max_hp_gain":0,"max_hp_loss":0,"event_name":"Liars Game","floor":4,"gold_loss":0},{"damage_healed":0,"gold_gain":0,"player_choice":"Leave","damage_taken":0,"max_hp_gain":0,"max_hp_loss":0,"event_name":"The Cleric","floor":5,"gold_loss":0},{"damage_healed":0,"gold_gain":0,"player_choice":"Simplicity","damage_taken":0,"max_hp_gain":0,"max_hp_loss":0,"event_name":"Back to Basics","floor":20,"gold_loss":0,"cards_upgraded":["Defend_G","Defend_G","Defend_G","Defend_G","Defend_G","Strike_G","Strike_G","Strike_G","Strike_G"]},{"damage_healed":0,"gold_gain":0,"player_choice":"Ignored","damage_taken":0,"max_hp_gain":0,"max_hp_loss":0,"event_name":"Ghosts","floor":22,"gold_loss":0}],"is_beta":false,"boss_relics":[{"not_picked":["Ectoplasm","Empty Cage"],"picked":"Eternal Feather"}],"items_purged_floors":[14],"is_endless":false,"potions_floor_spawned":[1,6,12,13],"killed_by":"Slavers","ascension_level":1}