{"gold_per_floor":[214,214,226,151,168,200,212,239,251,274,286,313,27,42,42,139,139,139],"floor_reached":18,"playtime":854,"items_purged":["Defend_R","Strike_R"],"score":172,"play_id":"87b6a57a-5af0-4417-834d-1a9026466563","local_time":"20190206130508","is_ascension_mode":true,"campfire_choices":[{"floor":11,"key":"REST"},{"data":"Bash","floor":15,"key":"SMITH"}],"neow_cost":"NONE","seed_source_timestamp":186005366922655,"circlet_count":0,"master_deck":["Strike_R","Strike_R+1","Strike_R","Strike_R+1","Defend_R","Defend_R","Bash+1","Thunderclap","Intimidate","Demon Form","Decay","Pain","Doubt"],"relics":["Burning Blood","MawBank","Meat on the Bone","Medical Kit","Calling Bell","Dream Catcher","The Courier","Incense Burner"],"potions_floor_usage":[6,16,16,16],"damage_taken":[{"damage":11,"enemies":"Jaw Worm","floor":1,"turns":3},{"damage":7,"enemies":"Small Slimes","floor":3,"turns":3},{"damage":6,"enemies":"2 Louse","floor":5,"turns":3},{"damage":40,"enemies":"3 Sentries","floor":6,"turns":7},{"damage":14,"enemies":"2 Fungi Beasts","floor":8,"turns":3},{"damage":7,"enemies":"Looter","floor":10,"turns":2},{"damage":13,"enemies":"Blue Slaver","floor":12,"turns":4},{"damage":12,"enemies":"Exordium Thugs","floor":14,"turns":3},{"damage":61,"enemies":"The Guardian","floor":16,"turns":8},{"damage":40,"enemies":"3 Byrds","floor":18,"turns":4}],"seed_played":"-3986469466907572607","potions_obtained":[{"floor":1,"key":"Poison Potion"},{"floor":8,"key":"GamblersBrew"},{"floor":10,"key":"Block Potion"},{"floor":12,"key":"Regen Potion"},{"floor":14,"key":"Energy Potion"}],"is_trial":false,"path_per_floor":["M","?","M","$","M","E","?","M","T","M","R","M","$","M","R","B",null,"M"],"character_chosen":"IRONCLAD","items_purchased":["Medical Kit"],"campfire_rested":1,"item_purchase_floors":[13],"current_hp_per_floor":[75,68,67,67,67,33,17,9,9,20,44,49,49,55,55,26,80,40],"gold":139,"neow_bonus":"HUNDRED_GOLD","is_prod":false,"is_daily":false,"chose_seed":false,"campfire_upgraded":1,"win_rate":0,"timestamp":1549487108,"path_taken":["M","?","M","$","M","E","?","M","T","M","R","M","$","M","R","BOSS","M"],"build_version":"2019-01-23","purchased_purges":2,"victory":false,"max_hp_per_floor":[80,80,80,80,80,80,80,80,80,80,80,80,80,80,80,80,80,80],"card_choices":[{"not_picked":["Iron Wave","Anger"],"picked":"Thunderclap","floor":1},{"not_picked":["Hemokinesis","Anger","Rage"],"picked":"SKIP","floor":3},{"not_picked":["Iron Wave","Anger","Havoc"],"picked":"SKIP","floor":5},{"not_picked":["Thunderclap","True Grit","Exhume"],"picked":"SKIP","floor":6},{"not_picked":["Sever Soul","Clash"],"picked":"Intimidate","floor":8},{"not_picked":["Evolve","Havoc","Iron Wave"],"picked":"SKIP","floor":10},{"not_picked":["Reckless Charge","Hemokinesis","Perfected Strike"],"picked":"SKIP","floor":12},{"not_picked":["Body Slam","Anger"],"picked":"Demon Form","floor":14}],"player_experience":100972,"relics_obtained":[{"floor":6,"key":"MawBank"},{"floor":9,"key":"Meat on the Bone"},{"floor":17,"key":"Dream Catcher"},{"floor":17,"key":"The Courier"},{"floor":17,"key":"Incense Burner"}],"event_choices":[{"cards_removed":["Defend_R"],"damage_healed":0,"gold_gain":0,"player_choice":"Card Removal","damage_taken":7,"max_hp_gain":0,"max_hp_loss":0,"event_name":"Golden Wing","floor":2,"gold_loss":0},{"damage_healed":0,"gold_gain":0,"player_choice":"Entered Light","damage_taken":16,"max_hp_gain":0,"max_hp_loss":0,"event_name":"Shining Light","floor":7,"gold_loss":0,"cards_upgraded":["Strike_R","Strike_R"]}],"is_beta":false,"boss_relics":[{"not_picked":["Runic Dome","Busted Crown"],"picked":"Calling Bell"}],"items_purged_floors":[4,13],"is_endless":false,"potions_floor_spawned":[1,8,10,12,14],"killed_by":"3 Byrds","ascension_level":1}