{"gold_per_floor":[119,119,119,139,64,64,64,64,90,119,129,146,146,46,46,120,120,132,132,62,72,72],"floor_reached":22,"playtime":1382,"items_purged":["Defend_R","Pain"],"score":309,"play_id":"b1d3d23f-6b50-4442-a61d-b945dceba72c","local_time":"20190125191836","is_ascension_mode":true,"campfire_choices":[{"floor":6,"key":"REST"},{"data":"True Grit","floor":8,"key":"SMITH"},{"data":"Inflame","floor":15,"key":"SMITH"}],"neow_cost":"PERCENT_DAMAGE","seed_source_timestamp":13128952756115879,"circlet_count":0,"master_deck":["AscendersBane","Bash","Good Instincts","Dark Shackles","True Grit+1","Inflame+1","Sentinel","Feed","Sever Soul","Flex","Havoc","Shockwave","Burning Pact","Hemokinesis","Pommel Strike","True Grit","Iron Wave","Rage"],"relics":["Burning Blood","Pocketwatch","Anchor","Gambling Chip","WarpedTongs","Pandora\u0027s Box"],"potions_floor_usage":[],"damage_taken":[{"damage":3,"enemies":"2 Louse","floor":1,"turns":4},{"damage":2,"enemies":"Small Slimes","floor":4,"turns":5},{"damage":18,"enemies":"Gremlin Nob","floor":10,"turns":5},{"damage":0,"enemies":"Jaw Worm","floor":11,"turns":3},{"damage":1,"enemies":"Looter","floor":12,"turns":3},{"damage":10,"enemies":"Slime Boss","floor":16,"turns":13},{"damage":68,"enemies":"3 Byrds","floor":18,"turns":8},{"damage":22,"enemies":"Spheric Guardian","floor":21,"turns":5},{"damage":38,"enemies":"Chosen and Byrds","floor":22,"turns":4}],"seed_played":"-158330128195156170","potions_obtained":[{"floor":1,"key":"LiquidBronze"},{"floor":12,"key":"Dexterity Potion"}],"is_trial":false,"path_per_floor":["M","?","?","M","$","R","?","R","T","E","M","M","?","$","R","B",null,"M","?","$","M","M"],"character_chosen":"IRONCLAD","items_purchased":["Rage"],"campfire_rested":1,"item_purchase_floors":[20],"current_hp_per_floor":[53,38,38,42,42,64,64,64,64,52,58,63,63,63,63,59,71,12,38,38,25,0],"gold":72,"neow_bonus":"RANDOM_COLORLESS_2","is_prod":false,"is_daily":false,"chose_seed":false,"campfire_upgraded":2,"win_rate":0,"timestamp":1548440316,"path_taken":["M","?","?","M","?","R","?","R","T","E","M","M","?","$","R","BOSS","M","?","$","M","M"],"build_version":"2019-01-23","purchased_purges":2,"victory":false,"max_hp_per_floor":[75,75,75,75,75,75,75,75,75,75,75,75,75,75,75,75,75,78,78,78,81,84],"card_choices":[{"not_picked":["Clothesline","Intimidate"],"picked":"True Grit","floor":1},{"not_picked":["Anger","Heavy Blade","Perfected Strike"],"picked":"SKIP","floor":4},{"not_picked":["Entrench","Exhume"],"picked":"Inflame","floor":10},{"not_picked":["Sword Boomerang","Cleave"],"picked":"Sentinel","floor":11},{"not_picked":["Havoc","True Grit","Fiend Fire"],"picked":"SKIP","floor":12},{"not_picked":["Brutality","Reaper"],"picked":"Feed","floor":16},{"not_picked":["Headbutt","Evolve"],"picked":"Iron Wave","floor":18},{"not_picked":["Thunderclap","Pommel Strike","Havoc"],"picked":"SKIP","floor":21}],"player_experience":331062,"relics_obtained":[{"floor":9,"key":"Anchor"},{"floor":10,"key":"Gambling Chip"}],"event_choices":[{"damage_healed":0,"gold_gain":0,"player_choice":"Entered Light","damage_taken":15,"max_hp_gain":0,"max_hp_loss":0,"event_name":"Shining Light","floor":2,"gold_loss":0,"cards_upgraded":["Defend_R","Strike_R"]},{"damage_healed":0,"gold_gain":0,"player_choice":"Ignored","damage_taken":0,"max_hp_gain":0,"max_hp_loss":0,"event_name":"Golden Idol","floor":3,"gold_loss":0},{"damage_healed":0,"gold_gain":0,"player_choice":"Searched \u00272\u0027 times","damage_taken":0,"relics_obtained":["Pocketwatch"],"max_hp_gain":0,"max_hp_loss":0,"event_name":"Dead Adventurer","floor":7,"gold_loss":0},{"damage_healed":0,"gold_gain":0,"player_choice":"Rummage","damage_taken":0,"relics_obtained":["WarpedTongs"],"max_hp_gain":0,"max_hp_loss":0,"event_name":"Accursed Blacksmith","floor":13,"gold_loss":0,"cards_obtained":["Pain"]},{"damage_healed":26,"gold_gain":0,"player_choice":"Heal","damage_taken":0,"max_hp_gain":0,"max_hp_loss":0,"event_name":"The Library","floor":19,"gold_loss":0}],"is_beta":false,"boss_relics":[{"not_picked":["Empty Cage","Astrolabe"],"picked":"Pandora\u0027s Box"}],"items_purged_floors":[5,14],"is_endless":false,"potions_floor_spawned":[1,12,18],"killed_by":"Chosen and Byrds","ascension_level":14}