{"gold_per_floor":[112,126,56,73,84,84,84,84,84,101,127,127,162,189,189,290,290,305,3,3,22,67,67,34,34,89,99,112,124,124,124,124,227,227,240,240,252,263,31,31,44,44,123,123,138,138,138,138,138,138],"floor_reached":51,"playtime":4426,"items_purged":["Strike_R"],"score":748,"play_id":"da2d39f7-efa2-4232-9d99-81798c4ed0d7","local_time":"20190213171110","is_ascension_mode":true,"campfire_choices":[{"data":"Pommel Strike","floor":6,"key":"SMITH"},{"data":"Body Slam","floor":8,"key":"SMITH"},{"floor":12,"key":"REST"},{"floor":15,"key":"REST"},{"floor":23,"key":"REST"},{"data":"Armaments","floor":25,"key":"SMITH"},{"floor":32,"key":"REST"},{"data":"Barricade","floor":40,"key":"SMITH"},{"data":"Metallicize","floor":42,"key":"SMITH"},{"data":"Berserk","floor":44,"key":"SMITH"},{"floor":46,"key":"RECALL"},{"data":"Limit Break","floor":49,"key":"SMITH"}],"neow_cost":"NONE","seed_source_timestamp":178542069848000,"circlet_count":0,"master_deck":["Strike_R","Strike_R","Strike_R","Strike_R","Defend_R","Defend_R","Defend_R","Defend_R","Bash","Demon Form","Flex","Iron Wave","Armaments+1","Pommel Strike+1","Body Slam+1","Limit Break+1","Shrug It Off","Reaper+1","Sever Soul+1","Berserk+1","Double Tap+1","True Grit+1","Armaments+1","Inflame","Metallicize+1","Uppercut+1","Armaments+1","Iron Wave+1","Pummel+1","Immolate+1","Shrug It Off+1","Pummel+1","Disarm+1","Barricade+1","Inflame","Pommel Strike+1","Thunderclap+1"],"relics":["Burning Blood","Molten Egg 2","Toxic Egg 2","Gambling Chip","Odd Mushroom","White Beast Statue","Toy Ornithopter","MutagenicStrength","Happy Flower","Smiling Mask","Velvet Choker","Anchor","Meat on the Bone","Pear"],"potions_floor_usage":[10,11,16,21,28,29,31,33,38,38,38,41,45,50],"damage_taken":[{"damage":12,"enemies":"Small Slimes","floor":1,"turns":5},{"damage":6,"enemies":"Cultist","floor":2,"turns":4},{"damage":8,"enemies":"Jaw Worm","floor":4,"turns":4},{"damage":15,"enemies":"Large Slime","floor":5,"turns":8},{"damage":8,"enemies":"Exordium Wildlife","floor":10,"turns":3},{"damage":25,"enemies":"Gremlin Nob","floor":11,"turns":4},{"damage":27,"enemies":"Lagavulin","floor":13,"turns":10},{"damage":9,"enemies":"The Mushroom Lair","floor":14,"turns":5},{"damage":0,"enemies":"Slime Boss","floor":16,"turns":5},{"damage":42,"enemies":"Spheric Guardian","floor":18,"turns":7},{"damage":28,"enemies":"Shell Parasite","floor":21,"turns":5},{"damage":44,"enemies":"Chosen and Byrds","floor":27,"turns":9},{"damage":14,"enemies":"Snake Plant","floor":28,"turns":4},{"damage":49,"enemies":"3 Cultists","floor":29,"turns":5},{"damage":7,"enemies":"Shelled Parasite and Fungi","floor":31,"turns":2},{"damage":82,"enemies":"Automaton","floor":33,"turns":9},{"damage":25,"enemies":"3 Darklings","floor":35,"turns":5},{"damage":6,"enemies":"Orb Walker","floor":37,"turns":2},{"damage":41,"enemies":"Spire Growth","floor":38,"turns":5},{"damage":17,"enemies":"Jaw Worm Horde","floor":41,"turns":5},{"damage":25,"enemies":"Transient","floor":45,"turns":5},{"damage":53,"enemies":"Time Eater","floor":50,"turns":10}],"seed_played":"-5683960836219705521","potions_obtained":[{"floor":2,"key":"LiquidBronze"},{"floor":4,"key":"Weak Potion"},{"floor":10,"key":"AttackPotion"},{"floor":14,"key":"SteroidPotion"},{"floor":18,"key":"Energy Potion"},{"floor":21,"key":"SmokeBomb"},{"floor":27,"key":"Weak Potion"},{"floor":28,"key":"Poison Potion"},{"floor":29,"key":"BloodPotion"},{"floor":33,"key":"EssenceOfSteel"},{"floor":35,"key":"SpeedPotion"},{"floor":37,"key":"FearPotion"},{"floor":38,"key":"Ancient Potion"},{"floor":41,"key":"LiquidBronze"},{"floor":45,"key":"BloodPotion"}],"is_trial":false,"path_per_floor":["M","M","$","M","M","R","?","R","T","M","E","R","E","?","R","B",null,"M","$","?","M","T","R","$","R","T","M","M","M","?","M","R","B",null,"M","?","M","M","$","R","M","R","T","R","M","R","?","T","R","B",null],"character_chosen":"IRONCLAD","items_purchased":["Armaments","Pommel Strike","Armaments+1","Toy Ornithopter","Inflame","Uppercut+1","Inflame","Anchor"],"campfire_rested":4,"item_purchase_floors":[3,3,19,19,19,24,39,39],"current_hp_per_floor":[74,74,74,72,63,63,63,63,63,61,42,66,49,46,70,80,80,44,44,44,35,35,59,59,59,59,40,37,21,47,51,75,12,80,61,61,61,51,51,51,80,80,80,80,66,66,66,76,76,62],"gold":138,"neow_bonus":"ONE_RANDOM_RARE_CARD","is_prod":false,"is_daily":false,"chose_seed":false,"campfire_upgraded":7,"win_rate":0,"timestamp":1550095870,"path_taken":["M","M","$","M","M","R","?","R","T","?","E","R","E","?","R","BOSS","M","$","?","M","?","R","?","R","T","M","M","M","?","M","R","BOSS","M","?","M","?","$","R","M","R","T","R","M","R","?","?","R","BOSS"],"build_version":"2019-01-23","purchased_purges":1,"victory":true,"max_hp_per_floor":[80,80,80,80,80,80,80,80,80,80,80,80,80,80,80,80,80,80,80,80,80,80,80,80,80,80,80,80,80,80,80,80,80,80,80,80,80,80,80,80,80,80,80,80,80,80,80,90,90,90],"card_choices":[{"not_picked":["Sword Boomerang","Warcry"],"picked":"Flex","floor":1},{"not_picked":["Flex","Wild Strike"],"picked":"Iron Wave","floor":2},{"not_picked":["Anger","Feel No Pain"],"picked":"Body Slam","floor":4},{"not_picked":["Thunderclap","Armaments"],"picked":"Limit Break","floor":5},{"not_picked":["Shockwave","Blood for Blood+1"],"picked":"Shrug It Off","floor":10},{"not_picked":["Sword Boomerang+1","Ghostly Armor"],"picked":"Reaper+1","floor":11},{"not_picked":["Perfected Strike+1","Headbutt+1"],"picked":"Sever Soul+1","floor":13},{"not_picked":["Sword Boomerang+1","Havoc+1"],"picked":"Berserk","floor":14},{"not_picked":["Offering+1","Dark Embrace"],"picked":"Double Tap+1","floor":16},{"not_picked":["Sword Boomerang+1","Seeing Red+1"],"picked":"True Grit+1","floor":18},{"not_picked":["Perfected Strike+1","Flex+1"],"picked":"Metallicize","floor":21},{"not_picked":["Brutality","Perfected Strike+1"],"picked":"Armaments+1","floor":27},{"not_picked":["Twin Strike+1","Fire Breathing"],"picked":"Iron Wave+1","floor":28},{"not_picked":["Disarm+1","Iron Wave+1"],"picked":"Pummel+1","floor":29},{"not_picked":["Dark Embrace","Berserk"],"picked":"Immolate+1","floor":33},{"not_picked":["Cleave+1","Pommel Strike+1"],"picked":"Shrug It Off+1","floor":35},{"not_picked":["Rampage+1","Battle Trance+1"],"picked":"Disarm+1","floor":37},{"not_picked":["Flame Barrier+1","Cleave+1"],"picked":"Barricade","floor":38},{"not_picked":["Dropkick+1","Iron Wave+1"],"picked":"Pommel Strike+1","floor":41},{"not_picked":["Shrug It Off+1","Iron Wave+1"],"picked":"Thunderclap+1","floor":45}],"player_experience":101375,"relics_obtained":[{"floor":11,"key":"Toxic Egg 2"},{"floor":13,"key":"Gambling Chip"},{"floor":14,"key":"Odd Mushroom"},{"floor":22,"key":"Happy Flower"},{"floor":26,"key":"Smiling Mask"},{"floor":43,"key":"Meat on the Bone"},{"floor":48,"key":"Pear"}],"event_choices":[{"damage_healed":0,"gold_gain":0,"player_choice":"Gave Potion","damage_taken":0,"relics_obtained":["Molten Egg 2"],"max_hp_gain":0,"max_hp_loss":0,"event_name":"WeMeetAgain","floor":7,"gold_loss":0},{"damage_healed":0,"gold_gain":0,"player_choice":"Fought Mushrooms","damage_taken":0,"max_hp_gain":0,"max_hp_loss":0,"event_name":"Mushrooms","floor":14,"gold_loss":0},{"damage_healed":0,"gold_gain":0,"player_choice":"Inject Mutagens","damage_taken":0,"relics_obtained":["MutagenicStrength"],"max_hp_gain":0,"max_hp_loss":0,"event_name":"Drug Dealer","floor":20,"gold_loss":0},{"damage_healed":26,"gold_gain":0,"player_choice":"Heal","damage_taken":0,"max_hp_gain":0,"max_hp_loss":0,"event_name":"The Library","floor":30,"gold_loss":0},{"damage_healed":0,"gold_gain":0,"player_choice":"Copied","damage_taken":0,"max_hp_gain":0,"max_hp_loss":0,"event_name":"Duplicator","floor":36,"gold_loss":0,"cards_obtained":["Pummel"]},{"damage_healed":0,"gold_gain":0,"player_choice":"Ignored","damage_taken":0,"max_hp_gain":0,"max_hp_loss":0,"event_name":"Mysterious Sphere","floor":47,"gold_loss":0}],"is_beta":false,"boss_relics":[{"not_picked":["Coffee Dripper","Runic Pyramid"],"picked":"White Beast Statue"},{"not_picked":["Mark of Pain","Orrery"],"picked":"Velvet Choker"}],"items_purged_floors":[39],"is_endless":false,"potions_floor_spawned":[2,4,10,14,18,21,27,28,29,31,33,35,37,38,41,45],"ascension_level":2}