{"gold_per_floor":[115,40,115,115,131,161,161,236,262,262,282,282,317,328,328,426,426,445,445,455,455,466,498,498,511,511,330,330,359,359,392,392,494,494,510,26,44,60,79,111,136,183,272,310,322,344,375,300,312,324],"floor_reached":51,"playtime":3258,"items_purged":["Defend_R","Defend_R","Strike_R"],"score":1183,"play_id":"4c149e02-1bf1-4473-a1e6-f9ada30970e8","local_time":"20190119141603","is_ascension_mode":true,"campfire_choices":[{"data":"Rage","floor":7,"key":"SMITH"},{"floor":10,"key":"REST"},{"data":"Whirlwind","floor":12,"key":"SMITH"},{"data":"Bludgeon","floor":15,"key":"SMITH"},{"data":"Reaper","floor":24,"key":"SMITH"},{"data":"Bash","floor":28,"key":"SMITH"},{"data":"Uppercut","floor":32,"key":"SMITH"},{"data":"Clothesline","floor":45,"key":"SMITH"},{"data":"Juggernaut","floor":49,"key":"SMITH"}],"neow_cost":"NONE","seed_source_timestamp":12590507538792640,"circlet_count":0,"master_deck":["AscendersBane","Strike_R","Defend_R","Bash+1","Bludgeon+1","Rage+1","Twin Strike","Second Wind","Whirlwind+1","Shrug It Off","Reaper+1","Iron Wave","Carnage+1","Juggernaut+1","Demon Form+1","Metallicize+1","Uppercut+1","Reaper","Clothesline+1","Parasite"],"relics":["Burning Blood","Champion Belt","Vajra","Du-Vu Doll","Snecko Eye","Mercury Hourglass","Happy Flower","Frozen Egg 2","Ornamental Fan","Pear","Strange Spoon","Potion Belt","MawBank","Question Card","Toxic Egg 2","Smiling Mask","Self Forming Clay"],"potions_floor_usage":[50,50,50,50,50,50,50,50,50],"damage_taken":[{"damage":12,"enemies":"Jaw Worm","floor":1,"turns":2},{"damage":1,"enemies":"2 Louse","floor":5,"turns":3},{"damage":18,"enemies":"Lagavulin","floor":6,"turns":5},{"damage":0,"enemies":"Cultist","floor":11,"turns":3},{"damage":15,"enemies":"3 Sentries","floor":13,"turns":4},{"damage":0,"enemies":"2 Fungi Beasts","floor":14,"turns":1},{"damage":27,"enemies":"The Guardian","floor":16,"turns":12},{"damage":6,"enemies":"Shell Parasite","floor":18,"turns":3},{"damage":11,"enemies":"2 Thieves","floor":20,"turns":2},{"damage":2,"enemies":"Shelled Parasite and Fungi","floor":22,"turns":2},{"damage":30,"enemies":"Gremlin Leader","floor":23,"turns":4},{"damage":0,"enemies":"Snake Plant","floor":25,"turns":1},{"damage":2,"enemies":"Slavers","floor":29,"turns":2},{"damage":13,"enemies":"Book of Stabbing","floor":31,"turns":4},{"damage":24,"enemies":"Collector","floor":33,"turns":4},{"damage":9,"enemies":"Orb Walker","floor":35,"turns":3},{"damage":32,"enemies":"3 Shapes","floor":37,"turns":3},{"damage":11,"enemies":"Transient","floor":38,"turns":5},{"damage":28,"enemies":"Jaw Worm Horde","floor":39,"turns":3},{"damage":3,"enemies":"Nemesis","floor":40,"turns":5},{"damage":24,"enemies":"Spire Growth","floor":41,"turns":3},{"damage":22,"enemies":"Giant Head","floor":42,"turns":6},{"damage":38,"enemies":"Nemesis","floor":44,"turns":5},{"damage":8,"enemies":"Writhing Mass","floor":46,"turns":4},{"damage":19,"enemies":"Transient","floor":47,"turns":5},{"damage":54,"enemies":"Awakened One","floor":50,"turns":7}],"seed_played":"-4360934809959427655","potions_obtained":[{"floor":6,"key":"Regen Potion"},{"floor":13,"key":"SpeedPotion"},{"floor":18,"key":"LiquidBronze"},{"floor":20,"key":"Dexterity Potion"},{"floor":25,"key":"EssenceOfSteel"},{"floor":40,"key":"Explosive Potion"},{"floor":42,"key":"Energy Potion"},{"floor":44,"key":"EntropicBrew"},{"floor":46,"key":"Dexterity Potion"}],"is_trial":false,"path_per_floor":["M","$","?","?","M","E","R","?","T","R","M","R","E","M","R","B",null,"M","?","M","?","M","E","R","M","T","$","R","E","?","E","R","B",null,"M","$","M","M","M","E","M","E","T","E","R","M","M","?","R","B",null],"character_chosen":"IRONCLAD","items_purchased":["Demon Form+1","Strange Spoon","Potion Belt"],"campfire_rested":1,"item_purchase_floors":[27,36,36],"current_hp_per_floor":[66,66,55,55,60,48,48,40,40,64,70,70,61,67,67,46,72,72,72,67,67,80,56,56,62,62,62,62,76,76,90,90,72,86,88,88,88,90,82,85,86,74,74,49,49,61,73,73,73,90],"gold":336,"neow_bonus":"TRANSFORM_CARD","is_prod":false,"is_daily":false,"chose_seed":false,"campfire_upgraded":8,"win_rate":0,"timestamp":1547903763,"path_taken":["M","$","?","?","M","E","R","?","T","R","M","R","E","?","R","BOSS","M","?","M","?","M","E","R","M","T","$","R","E","?","E","R","BOSS","M","$","M","M","?","E","M","E","T","E","R","M","?","?","R","BOSS"],"build_version":"2019-01-17v2","purchased_purges":3,"victory":true,"max_hp_per_floor":[80,80,80,80,80,80,80,80,80,80,80,80,80,80,80,80,80,80,80,80,80,80,80,80,80,80,80,80,80,80,90,90,90,90,90,90,90,90,90,90,90,90,90,90,90,90,90,90,90,90],"card_choices":[{"not_picked":["Clash","Combust"],"picked":"Rage","floor":1},{"not_picked":["Sword Boomerang","Thunderclap","Reckless Charge"],"picked":"SKIP","floor":5},{"not_picked":["Wild Strike","Armaments"],"picked":"Second Wind","floor":6},{"not_picked":["Hemokinesis","Flex"],"picked":"Whirlwind","floor":11},{"not_picked":["Dual Wield","Thunderclap"],"picked":"Shrug It Off","floor":13},{"not_picked":["Clash","Blood for Blood","Flame Barrier"],"picked":"SKIP","floor":14},{"not_picked":["Berserk","Exhume"],"picked":"Reaper","floor":16},{"not_picked":["Flex+1","Pommel Strike"],"picked":"Iron Wave","floor":18},{"not_picked":["Perfected Strike","Headbutt+1"],"picked":"Carnage+1","floor":20},{"not_picked":["Headbutt","Exhume","Cleave+1"],"picked":"SKIP","floor":22},{"not_picked":["Anger","Pummel+1","Havoc"],"picked":"SKIP","floor":23},{"not_picked":["True Grit","Corruption"],"picked":"Juggernaut","floor":25},{"not_picked":["Limit Break","Wild Strike","Sentinel"],"picked":"SKIP","floor":29},{"not_picked":["Flex+1","Shrug It Off"],"picked":"Uppercut","floor":31},{"not_picked":["Berserk+1","Limit Break"],"picked":"Reaper","floor":33},{"not_picked":["Spot Weakness","Armaments","Sword Boomerang"],"picked":"SKIP","floor":35},{"not_picked":["Sword Boomerang","Anger+1"],"picked":"Clothesline","floor":37},{"not_picked":["Shrug It Off","Body Slam","Reckless Charge"],"picked":"SKIP","floor":38},{"not_picked":["Second Wind+1","Warcry","Uppercut"],"picked":"SKIP","floor":39},{"not_picked":["True Grit+1","Anger+1","Fire Breathing+1"],"picked":"SKIP","floor":40},{"not_picked":["Headbutt","Dropkick+1","Blood for Blood"],"picked":"SKIP","floor":41},{"not_picked":["Wild Strike","Thunderclap+1","Anger"],"picked":"SKIP","floor":42},{"not_picked":["Thunderclap","Rupture+1","Body Slam+1","Wild Strike"],"picked":"SKIP","floor":44},{"not_picked":["Brutality+1","Sword Boomerang","Perfected Strike+1","Spot Weakness+1"],"picked":"SKIP","floor":46},{"not_picked":["Body Slam","Whirlwind","Havoc+1","Spot Weakness+1"],"picked":"SKIP","floor":47}],"player_experience":275802,"relics_obtained":[{"floor":6,"key":"Champion Belt"},{"floor":9,"key":"Vajra"},{"floor":13,"key":"Du-Vu Doll"},{"floor":23,"key":"Happy Flower"},{"floor":26,"key":"Frozen Egg 2"},{"floor":29,"key":"Ornamental Fan"},{"floor":31,"key":"Pear"},{"floor":40,"key":"MawBank"},{"floor":42,"key":"Question Card"},{"floor":43,"key":"Toxic Egg 2"},{"floor":44,"key":"Smiling Mask"}],"event_choices":[{"damage_healed":0,"gold_gain":75,"player_choice":"Gather Gold","damage_taken":11,"max_hp_gain":0,"max_hp_loss":0,"event_name":"World of Goop","floor":3,"gold_loss":0},{"damage_healed":0,"gold_gain":0,"cards_transformed":["Strike_R"],"player_choice":"Change","damage_taken":0,"max_hp_gain":0,"max_hp_loss":0,"event_name":"Living Wall","floor":4,"gold_loss":0,"cards_obtained":["Twin Strike"]},{"damage_healed":0,"gold_gain":75,"player_choice":"Touch","damage_taken":8,"max_hp_gain":0,"max_hp_loss":0,"event_name":"FaceTrader","floor":8,"gold_loss":0},{"cards_removed":["Defend_R"],"damage_healed":0,"gold_gain":0,"player_choice":"Elegance","damage_taken":0,"max_hp_gain":0,"max_hp_loss":0,"event_name":"Back to Basics","floor":19,"gold_loss":0},{"damage_healed":0,"gold_gain":0,"player_choice":"Opened","damage_taken":0,"relics_obtained":["Mercury Hourglass"],"max_hp_gain":0,"max_hp_loss":0,"event_name":"The Mausoleum","floor":21,"gold_loss":0},{"damage_healed":0,"gold_gain":0,"cards_transformed":["Strike_R"],"player_choice":"Transformed","damage_taken":0,"max_hp_gain":0,"max_hp_loss":0,"event_name":"Transmorgrifier","floor":30,"gold_loss":0,"cards_obtained":["Metallicize"]},{"damage_healed":0,"gold_gain":0,"player_choice":"Paid Gold","damage_taken":0,"relics_obtained":["Self Forming Clay"],"max_hp_gain":0,"max_hp_loss":0,"event_name":"WeMeetAgain","floor":48,"gold_loss":87}],"is_beta":false,"boss_relics":[{"not_picked":["Busted Crown","Coffee Dripper"],"picked":"Snecko Eye"},{"not_picked":["Runic Pyramid","Velvet Choker","Calling Bell"]}],"items_purged_floors":[2,27,36],"is_endless":false,"potions_floor_spawned":[6,13,18,20,25,35,40,42,44,46],"ascension_level":10}