{"gold_per_floor":[116,127,127,147,159,159,193,209,279,279,309,309,67,78,78,177,177,187,112,312,71,85,85,85,85,85,104,104,118,138,138],"floor_reached":31,"playtime":1332,"items_purged":[],"score":333,"play_id":"7cfc097d-97c9-4485-8595-2c4129187b39","local_time":"20180727233412","is_ascension_mode":true,"campfire_choices":[{"data":"Dual Wield","floor":6,"key":"SMITH"},{"data":"Entrench","floor":10,"key":"SMITH"},{"data":"Iron Wave","floor":12,"key":"SMITH"},{"floor":15,"key":"REST"},{"data":"Barricade","floor":23,"key":"SMITH"},{"data":"Juggernaut","floor":25,"key":"SMITH"},{"floor":28,"key":"REST"}],"neow_cost":"NONE","seed_source_timestamp":0,"circlet_count":0,"master_deck":["Strike_R","Strike_R","Strike_R","Strike_R","Defend_R","Defend_R","Defend_R","Defend_R","Bash","Juggernaut+1","Ghostly Armor","Iron Wave+1","Thunderclap","Dual Wield+1","Pommel Strike","Entrench+1","Body Slam+1","Offering","Whirlwind+1","Barricade+1","Headbutt+1","Bludgeon+1","True Grit+1","Flex","Dropkick+1"],"special_seed":0,"relics":["Burning Blood","Ornamental Fan","Molten Egg 2","Champion Belt","Velvet Choker","Letter Opener","Dodecahedron"],"potions_floor_usage":[7,7,7,7,11,16,16,16,16,29,29,30,31],"damage_taken":[{"damage":11.0,"enemies":"Cultist","floor":1.0,"turns":4.0},{"damage":2,"enemies":"Jaw Worm","floor":2,"turns":5},{"damage":7,"enemies":"2 Louse","floor":4,"turns":4},{"damage":11,"enemies":"Looter","floor":5,"turns":4},{"damage":15,"enemies":"Lagavulin","floor":7,"turns":6},{"damage":14,"enemies":"Exordium Wildlife","floor":8,"turns":7},{"damage":16,"enemies":"3 Sentries","floor":11,"turns":9},{"damage":7,"enemies":"Lots of Slimes","floor":14,"turns":4},{"damage":22,"enemies":"Slime Boss","floor":16,"turns":8},{"damage":0,"enemies":"3 Byrds","floor":18,"turns":3},{"damage":7,"enemies":"Chosen","floor":22,"turns":3},{"damage":18,"enemies":"Sentry and Sphere","floor":27,"turns":4},{"damage":0,"enemies":"Snecko","floor":29,"turns":5},{"damage":12,"enemies":"Cultist and Chosen","floor":30,"turns":5},{"damage":33,"enemies":"Book of Stabbing","floor":31,"turns":5}],"seed_played":"-4536391373829930439","potions_obtained":[{"floor":1,"key":"LiquidBronze"},{"floor":2,"key":"SpeedPotion"},{"floor":3,"key":"Strength Potion"},{"floor":3,"key":"EntropicBrew"},{"floor":3,"key":"Strength Potion"},{"floor":14,"key":"Fire Potion"},{"floor":16,"key":"EssenceOfSteel"},{"floor":18,"key":"SteroidPotion"},{"floor":29,"key":"Regen Potion"}],"is_trial":false,"path_per_floor":["M","M","?","M","M","R","E","M","T","R","E","R","$","M","R","B",null,"M","?","?","$","M","R","$","R","T","M","R","M","M"],"character_chosen":"IRONCLAD","items_purchased":["Offering","EntropicBrew","Letter Opener"],"campfire_rested":2,"item_purchase_floors":[13,13,21],"current_hp_per_floor":[67,71,71,70,65,65,56,48,48,48,38,38,38,37,61,45,71,77,77,77,77,76,76,76,76,76,64,80,80,74,41],"gold":138,"neow_bonus":"ONE_RANDOM_RARE_CARD","is_prod":false,"is_daily":false,"chose_seed":false,"campfire_upgraded":5,"win_rate":0,"timestamp":1532727252,"path_taken":["M","?","?","M","M","R","E","M","T","R","E","R","$","M","R","BOSS","M","?","?","$","M","R","?","R","T","M","R","?","M","E"],"build_version":"2018-07-26","purchased_purges":0,"victory":false,"max_hp_per_floor":[80,80,80,80,80,80,80,80,80,80,80,80,80,80,80,80,80,80,80,80,80,80,80,80,80,80,80,80,80,80,80],"card_choices":[{"not_picked":["Hemokinesis","Corruption"],"picked":"Ghostly Armor","floor":1},{"not_picked":["Evolve","Infernal Blade"],"picked":"Iron Wave","floor":2},{"not_picked":["Anger","Perfected Strike"],"picked":"Thunderclap","floor":4},{"not_picked":["Havoc","Iron Wave"],"picked":"Dual Wield","floor":5},{"not_picked":["Carnage","Infernal Blade"],"picked":"Pommel Strike","floor":7},{"not_picked":["Iron Wave","Body Slam"],"picked":"Entrench","floor":8},{"not_picked":["Iron Wave+1","Armaments"],"picked":"Body Slam+1","floor":11},{"not_picked":["Offering","Headbutt+1"],"picked":"Whirlwind+1","floor":14},{"not_picked":["Double Tap","Fiend Fire+1"],"picked":"Barricade","floor":16},{"not_picked":["Clothesline+1","True Grit"],"picked":"Headbutt+1","floor":18},{"not_picked":["Clothesline+1","Twin Strike+1"],"picked":"Bludgeon+1","floor":22},{"not_picked":["Clothesline+1","Perfected Strike+1"],"picked":"True Grit+1","floor":27},{"not_picked":["Whirlwind+1","Power Through"],"picked":"Flex","floor":29},{"not_picked":["Armaments","Cleave+1"],"picked":"Dropkick+1","floor":30}],"player_experience":852849,"relics_obtained":[{"floor":7,"key":"Ornamental Fan"},{"floor":9,"key":"Molten Egg 2"},{"floor":11,"key":"Champion Belt"},{"floor":26,"key":"Dodecahedron"}],"event_choices":[{"event_name":"The Lab","player_choice":"Got Potions","floor":3,"damage_taken":0},{"event_name":"Beggar","player_choice":"Gave Gold","floor":19,"damage_taken":0},{"event_name":"The Joust","player_choice":"Bet on Owner","floor":20,"damage_taken":0}],"is_beta":false,"boss_relics":[{"not_picked":["Tiny House","Astrolabe"],"picked":"Velvet Choker"}],"items_purged_floors":[],"is_endless":false,"potions_floor_spawned":[1,2,14,16,18,29],"killed_by":"Book of Stabbing","ascension_level":7}