{"gold_per_floor":[117,135,310,310,310,326,356,203,203,214,214,245,245,258,258,353,653,653],"floor_reached":18,"playtime":5272,"items_purged":[],"score":340,"play_id":"4b64f000-30de-45f5-a49d-df3b70a5d9be","local_time":"20181126172522","is_ascension_mode":true,"campfire_choices":[{"data":"Deadly Poison","floor":11,"key":"SMITH"},{"data":"Setup","floor":13,"key":"SMITH"},{"floor":15,"key":"REST"}],"neow_cost":"NONE","seed_source_timestamp":758378546539914,"circlet_count":0,"master_deck":["AscendersBane","Defend_G","Defend_G","Defend_G","Defend_G","Defend_G","Strike_G","Strike_G","Strike_G","Strike_G","Strike_G","Survivor","Neutralize","Bane","Deadly Poison+1","Doubt","Outmaneuver","Catalyst","Setup+1","Dodge and Roll","Die Die Die","Writhe","Doubt","Injury"],"special_seed":0,"relics":["Ring of the Snake","NeowsBlessing","Paper Crane","Gremlin Horn","Snake Skull","StoneCalendar","Smiling Mask","Calling Bell","Ancient Tea Set","Pantograph","Old Coin"],"potions_floor_usage":[12,16,16],"damage_taken":[{"damage":0.0,"enemies":"2 Louse","floor":1.0,"turns":1.0},{"damage":0.0,"enemies":"Small Slimes","floor":2.0,"turns":1.0},{"damage":0,"enemies":"Cultist","floor":6,"turns":1},{"damage":28,"enemies":"Exordium Wildlife","floor":10,"turns":7},{"damage":10,"enemies":"Gremlin Nob","floor":12,"turns":3},{"damage":7,"enemies":"Large Slime","floor":14,"turns":5},{"damage":32,"enemies":"Hexaghost","floor":16,"turns":10},{"damage":0,"enemies":"3 Byrds","floor":18,"turns":1}],"seed_played":"-4311715758862812114","potions_obtained":[{"floor":6,"key":"AttackPotion"},{"floor":12,"key":"Weak Potion"},{"floor":14,"key":"Regen Potion"}],"is_trial":false,"path_per_floor":["M","M","M","?","?","?","M","?","$","T","M","R","E","R","M","R","B",null,"M"],"character_chosen":"THE_SILENT","items_purchased":["Snake Skull"],"campfire_rested":1,"item_purchase_floors":[8],"current_hp_per_floor":[63,63,63,56,70,70,70,70,70,42,42,32,32,25,46,29,60,60],"gold":653,"neow_bonus":"THREE_ENEMY_KILL","is_prod":false,"is_daily":false,"chose_seed":false,"campfire_upgraded":2,"win_rate":0,"timestamp":1543249522,"path_taken":["M","M","?","?","?","M","?","?","T","M","R","E","R","M","R","BOSS","M"],"build_version":"2018-11-15","purchased_purges":0,"victory":false,"max_hp_per_floor":[70,70,70,70,70,70,70,70,70,70,70,70,70,70,70,70,70,70],"card_choices":[{"not_picked":["Eviscerate","Acrobatics"],"picked":"Bane","floor":1.0},{"not_picked":["Dash","Prepared"],"picked":"Deadly Poison","floor":2},{"not_picked":["Blur","Infinite Blades"],"picked":"Outmaneuver","floor":6},{"not_picked":["Flying Knee","Cloak And Dagger"],"picked":"Catalyst","floor":10},{"not_picked":["Night Terror","Infinite Blades"],"picked":"Setup","floor":12},{"not_picked":["Slice","Backflip"],"picked":"Dodge and Roll","floor":14},{"not_picked":["Storm of Steel","Phantasmal Killer"],"picked":"Die Die Die","floor":16}],"player_experience":1225386,"relics_obtained":[{"floor":9,"key":"StoneCalendar"},{"floor":12,"key":"Smiling Mask"},{"floor":17,"key":"Ancient Tea Set"},{"floor":17,"key":"Pantograph"},{"floor":17,"key":"Old Coin"}],"event_choices":[{"damage_healed":0,"gold_gain":175,"player_choice":"AGREE","damage_taken":0,"max_hp_gain":0,"max_hp_loss":0,"event_name":"Liars Game","floor":3,"gold_loss":0,"cards_obtained":["Doubt"]},{"damage_healed":0,"gold_gain":0,"player_choice":"Success","damage_taken":7,"relics_obtained":["Paper Crane"],"max_hp_gain":0,"max_hp_loss":0,"event_name":"Scrap Ooze","floor":4,"gold_loss":0},{"damage_healed":23,"gold_gain":0,"player_choice":"Banana","damage_taken":0,"max_hp_gain":0,"max_hp_loss":0,"event_name":"Big Fish","floor":5,"gold_loss":0},{"damage_healed":0,"gold_gain":30,"player_choice":"Searched \u00273\u0027 times","damage_taken":0,"relics_obtained":["Gremlin Horn"],"max_hp_gain":0,"max_hp_loss":0,"event_name":"Dead Adventurer","floor":7,"gold_loss":0}],"is_beta":false,"boss_relics":[{"not_picked":["Fusion Hammer","Astrolabe"],"picked":"Calling Bell"}],"items_purged_floors":[],"is_endless":false,"potions_floor_spawned":[6,12,14],"killed_by":"3 Byrds","ascension_level":10}