{"gold_per_floor":[109,128,128,128,53,53,78,78,105,130,143,143,155,11,11,11],"floor_reached":16,"playtime":443,"items_purged":["Regret"],"score":178,"play_id":"504f95b6-6df5-4c53-ad45-42682f92821c","local_time":"20190206201809","is_ascension_mode":true,"campfire_choices":[{"data":"Demon Form","floor":6,"key":"SMITH"},{"floor":8,"key":"REST"},{"floor":12,"key":"REST"},{"data":"Metallicize","floor":15,"key":"SMITH"}],"neow_cost":"NONE","seed_source_timestamp":976588739123227,"circlet_count":0,"master_deck":["AscendersBane","Strike_R","Strike_R","Strike_R","Strike_R","Strike_R","Defend_R","Defend_R","Defend_R","Defend_R","Bash","Demon Form+1","Anger","Seeing Red","Metallicize+1","Carnage","Sentinel"],"relics":["Burning Blood","Magic Flower","Shuriken","Bag of Preparation","Question Card","Bronze Scales"],"potions_floor_usage":[7,10],"damage_taken":[{"damage":11,"enemies":"Small Slimes","floor":1,"turns":6},{"damage":7,"enemies":"2 Louse","floor":2,"turns":3},{"damage":48,"enemies":"Gremlin Nob","floor":7,"turns":5},{"damage":32,"enemies":"3 Sentries","floor":10,"turns":7},{"damage":8,"enemies":"Jaw Worm","floor":11,"turns":4},{"damage":2,"enemies":"2 Fungi Beasts","floor":13,"turns":3},{"damage":54,"enemies":"Slime Boss","floor":16,"turns":9}],"seed_played":"-8876695778035356125","potions_obtained":[{"floor":1,"key":"Energy Potion"},{"floor":7,"key":"Dexterity Potion"}],"is_trial":false,"path_per_floor":["M","M","?","?","$","R","E","R","T","E","M","R","M","$","R","B"],"character_chosen":"IRONCLAD","items_purchased":["Bronze Scales"],"campfire_rested":2,"item_purchase_floors":[14],"current_hp_per_floor":[67,66,66,66,66,66,27,51,51,28,29,53,60,60,60,6],"gold":11,"neow_bonus":"ONE_RANDOM_RARE_CARD","is_prod":false,"is_daily":false,"chose_seed":false,"campfire_upgraded":2,"win_rate":0,"timestamp":1549480689,"path_taken":["M","M","?","?","$","R","E","R","T","E","M","R","M","?","R","BOSS"],"build_version":"2019-01-23","purchased_purges":1,"victory":false,"max_hp_per_floor":[80,80,80,80,80,80,80,80,80,80,80,80,80,80,80,80],"card_choices":[{"not_picked":["Corruption","True Grit"],"picked":"Anger","floor":1},{"not_picked":["Sever Soul","Perfected Strike","Twin Strike"],"picked":"SKIP","floor":2},{"not_picked":["Havoc","Rupture"],"picked":"Seeing Red","floor":7},{"not_picked":["Anger","Pommel Strike"],"picked":"Metallicize","floor":10},{"not_picked":["Clash","Thunderclap","Sword Boomerang"],"picked":"Carnage","floor":11},{"not_picked":["Rampage","Clash","Cleave"],"picked":"Sentinel","floor":13}],"player_experience":2227637,"relics_obtained":[{"floor":7,"key":"Shuriken"},{"floor":9,"key":"Bag of Preparation"},{"floor":10,"key":"Question Card"}],"event_choices":[{"damage_healed":0,"gold_gain":0,"player_choice":"Ignored","damage_taken":0,"max_hp_gain":0,"max_hp_loss":0,"event_name":"Golden Wing","floor":3,"gold_loss":0},{"damage_healed":0,"gold_gain":0,"player_choice":"Box","damage_taken":0,"relics_obtained":["Magic Flower"],"max_hp_gain":0,"max_hp_loss":0,"event_name":"Big Fish","floor":4,"gold_loss":0,"cards_obtained":["Regret"]}],"is_beta":false,"boss_relics":[],"items_purged_floors":[5],"is_endless":false,"potions_floor_spawned":[1,7],"killed_by":"Slime Boss","ascension_level":13}