{"path_per_floor":["M","M","M","M","?","E","R","E","T","R","$","E","R","E","R","B",null,"M","M","$","M","M","E","R","?","T","E","M","E","M","M","R","B",null,"M","$","?","M","?","E","T","E","T","M","?","M","M","?","R","B"],"character_chosen":"DEFECT","items_purchased":["Buffer+1","Core Surge","Art of War","Whetstone","Enlightenment"],"gold_per_floor":[116,129,143,161,236,267,267,297,297,297,71,98,98,123,123,220,220,238,249,102,116,134,159,159,159,159,189,200,228,247,261,261,360,360,377,29,0,17,17,50,50,83,129,143,143,159,175,175,175,175],"floor_reached":51,"campfire_rested":1,"playtime":6364,"item_purchase_floors":[11,11,20,36,36],"current_hp_per_floor":[74,72,71,67,56,65,65,62,62,62,62,61,61,61,61,63,75,75,75,75,75,53,55,55,55,55,57,59,61,63,42,42,30,75,75,75,75,50,50,37,37,25,25,39,39,36,49,39,75,44],"items_purged":[],"gold":175,"score":1012,"play_id":"c2f8f002-8069-4ac4-abfb-2f7a2b4d13ca","local_time":"20180610195007","is_prod":false,"is_daily":false,"chose_seed":false,"is_ascension_mode":true,"campfire_upgraded":6,"win_rate":0,"timestamp":1528653007,"campfire_choices":[{"data":"Glacier","floor":7,"key":"SMITH"},{"data":"Dualcast","floor":10,"key":"SMITH"},{"data":"Core Surge","floor":13,"key":"SMITH"},{"data":"Core Surge","floor":15,"key":"SMITH"},{"data":"Double Energy","floor":24,"key":"SMITH"},{"data":"Tempest","floor":32,"key":"SMITH"},{"floor":49,"key":"REST"}],"path_taken":["M","M","M","M","?","E","R","E","T","R","$","E","R","E","R","BOSS","M","M","$","M","M","E","R","?","T","E","M","E","M","M","R","BOSS","M","$","?","M","?","E","?","E","T","M","?","?","?","?","R","BOSS"],"build_version":"2018-06-07v3","seed_source_timestamp":655209030817274,"purchased_purges":0,"victory":true,"master_deck":["Strike_B","Strike_B","Strike_B","Strike_B","Defend_B","Defend_B","Defend_B","Defend_B+1","Zap+1","Dualcast+1","Ball Lightning","Glacier+1","Sweeping Beam+1","Conserve Battery+1","Leap","Steam","Buffer+1","Core Surge+1","Core Surge+1","Loop+1","Meteor Strike","Double Energy+1","BootSequence+1","Hello World+1","RitualDagger+1","Ball Lightning+1","Tempest+1","Static Discharge+1","Capacitor+1","Machine Learning+1","Coolheaded+1","Enlightenment","Force Field+1","Beam Cell+1","FTL","Cold Snap+1","Electrodynamics+1","Chaos+1","Dark Shackles","Mind Blast","Dark Shackles"],"max_hp_per_floor":[75,75,75,75,75,75,75,75,75,75,75,75,75,75,75,75,75,75,75,75,75,75,75,75,75,75,75,75,75,75,75,75,75,75,75,75,75,75,75,75,75,75,75,75,75,75,75,75,75,75],"relics":["Cracked Core","Bag of Marbles","Bronze Scales","Frozen Egg 2","Mercury Hourglass","War Paint","Blood Vial","Nuclear Battery","Art of War","Calipers","Lantern","Meat on the Bone","Blue Candle","Lizard Tail","Whetstone","Red Mask","Ancient Tea Set","Bottled Lightning","Potion Belt","Regal Pillow"],"card_choices":[{"not_picked":["Leap","Beam Cell"],"picked":"Ball Lightning","floor":1},{"not_picked":["Barrage","Beam Cell"],"picked":"Glacier","floor":2},{"not_picked":["Steam","Glacier"],"picked":"Sweeping Beam","floor":3},{"not_picked":["Coolheaded","Recycle"],"picked":"Conserve Battery","floor":4},{"not_picked":["Turbo","Force Field"],"picked":"Leap","floor":6},{"not_picked":["Hologram","Heatsinks"],"picked":"Steam","floor":8},{"not_picked":["Conserve Battery","Tempest"],"picked":"Core Surge","floor":12},{"not_picked":["Steam Power","Chill"],"picked":"Loop+1","floor":14},{"not_picked":["All For One","Core Surge"],"picked":"Meteor Strike","floor":16},{"not_picked":["Consume","Hologram"],"picked":"Double Energy","floor":18},{"not_picked":["Turbo","Go for the Eyes"],"picked":"Stack+1","floor":19},{"not_picked":["Force Field+1","White Noise"],"picked":"BootSequence+1","floor":21},{"not_picked":["Conserve Battery","Coolheaded+1","Undo"],"picked":"SKIP","floor":22},{"not_picked":["Sunder","Coolheaded"],"picked":"Hello World+1","floor":23},{"not_picked":["Skim","Genetic Algorithm","Coolheaded"],"picked":"SKIP","floor":27},{"not_picked":["Go for the Eyes","Hologram+1"],"picked":"Ball Lightning+1","floor":28},{"not_picked":["Conserve Battery","Amplify"],"picked":"Tempest","floor":29},{"not_picked":["Hello World+1","Leap"],"picked":"Static Discharge+1","floor":30},{"not_picked":["Ball Lightning","Redo"],"picked":"Capacitor+1","floor":31},{"not_picked":["Seek","Meteor Strike"],"picked":"Machine Learning+1","floor":33},{"not_picked":["Turbo","Steam Power"],"picked":"Coolheaded+1","floor":35},{"not_picked":["Steam Power+1","Conserve Battery+1"],"picked":"Force Field+1","floor":38},{"not_picked":["Gash","Scrape+1"],"picked":"Beam Cell+1","floor":40},{"not_picked":["Cold Snap","Ball Lightning+1"],"picked":"FTL","floor":42},{"not_picked":["Stack","Gash+1"],"picked":"Cold Snap+1","floor":44},{"not_picked":["Hologram+1","Stack"],"picked":"Electrodynamics+1","floor":46},{"not_picked":["Compile Driver+1","Lockon"],"picked":"Chaos+1","floor":47},{"not_picked":["Jack Of All Trades","Good Instincts"],"picked":"Dark Shackles","floor":48},{"not_picked":["Sadistic Nature+1","Dramatic Entrance"],"picked":"Mind Blast","floor":48},{"not_picked":["Dramatic Entrance","Transmutation"],"picked":"Dark Shackles","floor":48}],"player_experience":612900,"potions_floor_usage":[6,8,12,27,29,29,29,33,40,42,42,44,50],"damage_taken":[{"damage":1,"enemies":"Small Slimes","floor":1,"turns":3},{"damage":2,"enemies":"Jaw Worm","floor":2,"turns":3},{"damage":1,"enemies":"2 Louse","floor":3,"turns":3},{"damage":4,"enemies":"Red Slaver","floor":4,"turns":3},{"damage":5,"enemies":"Lagavulin","floor":6,"turns":6},{"damage":3,"enemies":"3 Sentries","floor":8,"turns":6},{"damage":1,"enemies":"Gremlin Nob","floor":12,"turns":3},{"damage":0,"enemies":"Lagavulin","floor":14,"turns":4},{"damage":0,"enemies":"Slime Boss","floor":16,"turns":8},{"damage":0,"enemies":"Shell Parasite","floor":18,"turns":4},{"damage":0,"enemies":"Spheric Guardian","floor":19,"turns":4},{"damage":0,"enemies":"Cultist and Chosen","floor":21,"turns":6},{"damage":22,"enemies":"3 Cultists","floor":22,"turns":5},{"damage":0,"enemies":"Book of Stabbing","floor":23,"turns":5},{"damage":0,"enemies":"Gremlin Leader","floor":27,"turns":6},{"damage":0,"enemies":"Centurion and Healer","floor":28,"turns":6},{"damage":0,"enemies":"Book of Stabbing","floor":29,"turns":4},{"damage":0,"enemies":"Snake Plant","floor":30,"turns":2},{"damage":23,"enemies":"Cultist and Chosen","floor":31,"turns":5},{"damage":26,"enemies":"Automaton","floor":33,"turns":10},{"damage":0,"enemies":"Orb Walker","floor":35,"turns":3},{"damage":25,"enemies":"3 Darklings","floor":38,"turns":4},{"damage":27,"enemies":"Nemesis","floor":40,"turns":9},{"damage":41,"enemies":"2 Orb Walkers","floor":42,"turns":6},{"damage":0,"enemies":"Maw","floor":44,"turns":9},{"damage":17,"enemies":"4 Shapes","floor":46,"turns":4},{"damage":45,"enemies":"3 Darklings","floor":47,"turns":4},{"damage":43,"enemies":"Time Eater","floor":50,"turns":13}],"relics_obtained":[{"floor":6,"key":"Bronze Scales"},{"floor":8,"key":"Frozen Egg 2"},{"floor":9,"key":"Mercury Hourglass"},{"floor":12,"key":"War Paint"},{"floor":14,"key":"Blood Vial"},{"floor":23,"key":"Calipers"},{"floor":26,"key":"Lantern"},{"floor":27,"key":"Meat on the Bone"},{"floor":29,"key":"Blue Candle"},{"floor":40,"key":"Ancient Tea Set"},{"floor":41,"key":"Bottled Lightning"},{"floor":42,"key":"Potion Belt"},{"floor":43,"key":"Regal Pillow"}],"event_choices":[{"event_name":"World of Goop","player_choice":"Gather Gold","floor":5,"damage_taken":0},{"event_name":"Nest","player_choice":"Joined the Cult","floor":25,"damage_taken":0},{"event_name":"Tomb of Lord Red Mask","player_choice":"Paid","floor":37,"damage_taken":0},{"event_name":"Falling","player_choice":"Removed Skill","floor":39,"damage_taken":0},{"event_name":"Upgrade Shrine","player_choice":"Upgraded","floor":45,"damage_taken":0},{"event_name":"SensoryStone","player_choice":"Memory 3","floor":48,"damage_taken":0}],"boss_relics":[{"not_picked":["Snecko Eye","Pandora\u0027s Box"],"picked":"Nuclear Battery"},{"not_picked":["Busted Crown","Velvet Choker"],"picked":"Lizard Tail"}],"items_purged_floors":[],"potions_floor_spawned":[2,3,6,8,19,27,28,30,33,38,40,42,47],"seed_played":"-3418957286299543262","ascension_level":2,"potions_obtained":[{"floor":2,"key":"Regen Potion"},{"floor":3,"key":"Ancient Potion"},{"floor":6,"key":"GamblersBrew"},{"floor":8,"key":"Block Potion"},{"floor":19,"key":"PowerPotion"},{"floor":27,"key":"Poison Potion"},{"floor":28,"key":"Poison Potion"},{"floor":30,"key":"Dexterity Potion"},{"floor":33,"key":"SkillPotion"},{"floor":38,"key":"FearPotion"},{"floor":40,"key":"Regen Potion"},{"floor":42,"key":"Block Potion"},{"floor":47,"key":"FearPotion"}],"is_trial":false}