{"gold_per_floor":[112,122,49,63,76,76,107,118,198,211,211,225,225,236,236,336,336,353,378,378],"floor_reached":20,"playtime":2725,"items_purged":[],"score":205,"play_id":"69db4988-bc4d-4fff-bab4-975ca617e951","local_time":"20190219223413","is_ascension_mode":true,"campfire_choices":[{"data":"Bash","floor":6,"key":"SMITH"},{"data":"Uppercut","floor":11,"key":"SMITH"},{"data":"Sentinel","floor":13,"key":"SMITH"},{"floor":15,"key":"REST"}],"neow_cost":"NONE","seed_source_timestamp":432840472099500,"circlet_count":0,"master_deck":["Strike_R","Strike_R","Strike_R","Strike_R","Strike_R","Defend_R","Defend_R","Defend_R","Defend_R","Bash+1","Wild Strike","Armaments","Corruption","Headbutt","Intimidate","Sentinel+1","Uppercut+1","Clothesline","Demon Form","Disarm"],"relics":["Burning Blood","Smiling Mask","Happy Flower","The Courier","Snecko Eye","Red Mask"],"potions_floor_usage":[7,7,16,16,19],"damage_taken":[{"damage":6,"enemies":"Cultist","floor":1,"turns":3},{"damage":6,"enemies":"Small Slimes","floor":2,"turns":4},{"damage":4,"enemies":"2 Louse","floor":4,"turns":4},{"damage":6,"enemies":"Blue Slaver","floor":5,"turns":4},{"damage":20,"enemies":"Lagavulin","floor":7,"turns":6},{"damage":14,"enemies":"Red Slaver","floor":8,"turns":5},{"damage":9,"enemies":"3 Louse","floor":10,"turns":4},{"damage":13,"enemies":"Large Slime","floor":12,"turns":5},{"damage":0,"enemies":"Looter","floor":14,"turns":2},{"damage":47,"enemies":"Slime Boss","floor":16,"turns":14},{"damage":24,"enemies":"3 Byrds","floor":18,"turns":5},{"damage":60,"enemies":"Masked Bandits","floor":19,"turns":5}],"seed_played":"4197261634162051206","potions_obtained":[{"floor":1,"key":"SteroidPotion"},{"floor":4,"key":"Block Potion"},{"floor":5,"key":"SkillPotion"},{"floor":14,"key":"GamblersBrew"},{"floor":16,"key":"Dexterity Potion"}],"is_trial":false,"path_per_floor":["M","M","$","M","M","R","E","M","T","M","R","M","R","M","R","B",null,"M","?","?"],"character_chosen":"IRONCLAD","items_purchased":["Corruption"],"campfire_rested":1,"item_purchase_floors":[3],"current_hp_per_floor":[80,80,80,80,80,80,66,58,58,55,55,48,48,54,78,37,80,62,8,0],"gold":378,"neow_bonus":"RANDOM_COMMON_RELIC","is_prod":false,"is_daily":false,"chose_seed":false,"campfire_upgraded":3,"win_rate":0,"timestamp":1550633653,"path_taken":["M","?","$","M","M","R","E","M","T","M","R","M","R","M","R","BOSS","M","?","?"],"build_version":"2019-01-23","purchased_purges":0,"victory":false,"max_hp_per_floor":[80,80,80,80,80,80,80,80,80,80,80,80,80,80,80,80,80,80,80,80],"card_choices":[{"not_picked":["Flex","Carnage"],"picked":"Wild Strike","floor":1},{"not_picked":["Iron Wave","Sever Soul"],"picked":"Armaments","floor":2},{"not_picked":["Heavy Blade","Sword Boomerang"],"picked":"Headbutt","floor":4},{"not_picked":["Combust","Clash","Headbutt"],"picked":"SKIP","floor":5},{"not_picked":["Warcry","Power Through"],"picked":"Intimidate","floor":7},{"not_picked":["Sever Soul","Flame Barrier"],"picked":"Sentinel","floor":8},{"not_picked":["Wild Strike","Iron Wave"],"picked":"Uppercut","floor":10},{"not_picked":["Seeing Red","Anger"],"picked":"Clothesline","floor":12},{"not_picked":["Limit Break","Anger","Clash"],"picked":"SKIP","floor":14},{"not_picked":["Immolate","Brutality"],"picked":"Demon Form","floor":16},{"not_picked":["Hemokinesis","Shrug It Off"],"picked":"Disarm","floor":18}],"player_experience":241534,"relics_obtained":[{"floor":7,"key":"Happy Flower"},{"floor":9,"key":"The Courier"},{"floor":19,"key":"Red Mask"}],"event_choices":[{"damage_healed":0,"gold_gain":0,"player_choice":"Fought Bandits","damage_taken":0,"max_hp_gain":0,"max_hp_loss":0,"event_name":"Masked Bandits","floor":19,"gold_loss":0}],"is_beta":false,"boss_relics":[{"not_picked":["Lizard Tail","White Beast Statue"],"picked":"Snecko Eye"}],"items_purged_floors":[],"is_endless":false,"potions_floor_spawned":[1,4,5,14,16],"ascension_level":3}