{"path_per_floor":["M","M","?","M","?","R","E","M","T","E","M","M","R","E","R","B",null,"M","$","M","$","M","R","?","M","T","E","M","E","?"],"character_chosen":"THE_SILENT","items_purchased":["Sucker Punch","Regen Potion","Molten Egg 2"],"gold_per_floor":[112,130,130,155,155,155,195,210,233,269,289,304,304,337,337,458,496,517,343,362,4,25,25,25,48,71,111,129,163,163,163],"floor_reached":31,"campfire_rested":1,"playtime":5906,"current_hp_per_floor":[70,70,53,53,53,53,50,50,50,39,39,39,62,62,62,54,82,79,79,73,73,67,67,67,62,62,56,46,2,2,0],"items_purged":["Strike_G","Defend_G"],"gold":163,"score":354,"play_id":"eb203e67-3988-4cfa-b404-9b3fb3cf2f9e","local_time":"20180507204130","is_prod":false,"is_daily":false,"chose_seed":false,"is_ascension_mode":true,"campfire_upgraded":3,"timestamp":1525718490,"path_taken":["M","M","?","?","?","R","E","M","T","E","M","?","R","E","R","BOSS","M","$","M","$","M","R","?","M","T","E","M","E","?","E"],"build_version":"2018-05-03","seed_source_timestamp":0,"purchased_purges":2,"victory":false,"master_deck":["Defend_G","Defend_G","Defend_G","Defend_G","Strike_G","Strike_G","Strike_G+1","Strike_G+1","Survivor","Neutralize","Dagger Throw+1","PiercingWail","Flying Knee","Leg Sweep+1","Dagger Throw","Choke+1","Caltrops","Sucker Punch+1","Glass Knife","Flying Knee","Sucker Punch","Distraction+1","Underhanded Strike+1","Dodge and Roll+1","Sucker Punch+1"],"max_hp_per_floor":[70,70,70,70,77,77,77,77,77,77,77,77,77,77,77,77,82,82,82,82,82,82,82,82,82,82,82,82,82,82,82],"relics":["Ring of the Snake","Golden Idol","Strawberry","Lantern","Bag of Marbles","Pen Nib","Shuriken","Molten Egg 2","Nloth\u0027s Gift","Happy Flower","Omamori","Whetstone","Gambling Chip"],"card_choices":[{"not_picked":["Concentrate","Blur"],"picked":"Dagger Throw","floor":1.0},{"not_picked":["Accuracy","Outmaneuver"],"picked":"PiercingWail","floor":2.0},{"not_picked":["Deflect","Prepared"],"picked":"Flying Knee","floor":4.0},{"not_picked":["Infinite Blades","Flying Knee"],"picked":"Leg Sweep","floor":7.0},{"not_picked":["Riddle With Holes","Deflect"],"picked":"Dagger Throw","floor":8.0},{"not_picked":["Quick Slash","Deadly Poison"],"picked":"Choke","floor":11.0},{"not_picked":["Quick Slash","Predator"],"picked":"Caltrops","floor":12.0},{"not_picked":["Choke","Cloak And Dagger"],"picked":"Sucker Punch","floor":14.0},{"not_picked":["Doppelganger","After Image"],"picked":"Glass Knife","floor":16.0},{"not_picked":["Blur","Infinite Blades"],"picked":"Flying Knee","floor":18.0},{"not_picked":["Slice","Outmaneuver"],"picked":"Distraction","floor":20.0},{"not_picked":["Prepared","Poisoned Stab"],"picked":"Underhanded Strike","floor":25.0},{"not_picked":["Prepared","Footwork"],"picked":"Dodge and Roll","floor":28},{"not_picked":["Slice","Phantasmal Killer"],"picked":"Sucker Punch","floor":29}],"player_experience":403818,"potions_floor_usage":[27,27,29,29,29],"damage_taken":[{"damage":0.0,"enemies":"Jaw Worm","floor":1.0,"turns":4.0},{"damage":0.0,"enemies":"2 Louse","floor":2.0,"turns":3.0},{"damage":0.0,"enemies":"Cultist","floor":4.0,"turns":3.0},{"damage":3.0,"enemies":"Lagavulin","floor":7.0,"turns":5.0},{"damage":0.0,"enemies":"Lots of Slimes","floor":8.0,"turns":5.0},{"damage":11.0,"enemies":"3 Sentries","floor":10.0,"turns":7.0},{"damage":0.0,"enemies":"Blue Slaver","floor":11.0,"turns":3.0},{"damage":0.0,"enemies":"Exordium Wildlife","floor":12.0,"turns":1.0},{"damage":0.0,"enemies":"Gremlin Nob","floor":14.0,"turns":1.0},{"damage":8.0,"enemies":"Slime Boss","floor":16.0,"turns":7.0},{"damage":3.0,"enemies":"3 Byrds","floor":18.0,"turns":6.0},{"damage":6.0,"enemies":"Spheric Guardian","floor":20.0,"turns":3.0},{"damage":6.0,"enemies":"Snake Plant","floor":22.0,"turns":4.0},{"damage":5.0,"enemies":"Centurion and Healer","floor":25.0,"turns":3.0},{"damage":18,"enemies":"Book of Stabbing","floor":27,"turns":5},{"damage":10,"enemies":"Chosen and Byrds","floor":28,"turns":4},{"damage":56,"enemies":"Gremlin Leader","floor":29,"turns":5},{"damage":3,"enemies":"Book of Stabbing","floor":31,"turns":6}],"event_choices":[{"event_name":"Golden Idol","player_choice":"Take Damage","floor":3.0,"damage_taken":0.0},{"event_name":"Scrap Ooze","player_choice":"success","floor":5.0,"damage_taken":7.0},{"event_name":"N\u0027loth","player_choice":"Traded a Tiny House","floor":24.0,"damage_taken":0.0},{"event_name":"The Mausoleum","player_choice":"Yes","floor":30,"damage_taken":0}],"boss_relics":[],"potions_floor_spawned":[1,7,8,12,20,25,27,28],"seed_played":"7159661089415408430","killed_by":"Book of Stabbing","ascension_level":2,"is_trial":false}