{"gold_per_floor":[117,136,136,106,106,134,165,209,248,294,327,339,385,417,429,538,550,577,609,621,202,213,213,271,271,320,320,69,69,81,114,114,114],"floor_reached":33,"playtime":1219,"items_purged":["Regret"],"score":457,"play_id":"2f31dbc6-e13c-439a-98bc-02ba0dd2fd23","local_time":"20181002195544","is_ascension_mode":true,"campfire_choices":[{"floor":12,"key":"REST"},{"floor":15,"key":"REST"},{"floor":23,"key":"REST"},{"floor":25,"key":"REST"},{"floor":32,"key":"REST"}],"neow_cost":"TEN_PERCENT_HP_LOSS","seed_source_timestamp":65684191386322,"circlet_count":0,"master_deck":["Defend_B","Defend_B","Defend_B","Zap+1","Dualcast+1","Rip and Tear","Core Surge","White Noise","Sweeping Beam","Gash","Zap","Auto Shields","BootSequence","Stack","Gash","Turbo","Sweeping Beam","Fission","Amplify","Hologram","Hologram","Coolheaded","Conserve Battery","Streamline+1","Auto Shields+1","Secret Technique","Beam Cell+1","Chill","Bite","Bite","Bite","Bite","Bite","Cold Snap","White Noise+1"],"relics":["Cracked Core","War Paint","MawBank","Juzu Bracelet","Bronze Scales","Calipers","Odd Mushroom","Happy Flower","Orrery","MutagenicStrength","Ancient Tea Set","Tiny Chest","Vajra","Girya","Matryoshka","Red Mask"],"potions_floor_usage":[6,8,8,10,11,16,16,24,24,30,33],"damage_taken":[{"damage":7,"enemies":"2 Louse","floor":1,"turns":2},{"damage":0,"enemies":"Cultist","floor":2,"turns":2},{"damage":16,"enemies":"3 Sentries","floor":6,"turns":4},{"damage":0,"enemies":"Small Slimes","floor":7,"turns":2},{"damage":11,"enemies":"Lagavulin","floor":8,"turns":4},{"damage":6,"enemies":"3 Sentries","floor":10,"turns":4},{"damage":12,"enemies":"The Mushroom Lair","floor":11,"turns":3},{"damage":28,"enemies":"Gremlin Nob","floor":13,"turns":4},{"damage":2,"enemies":"Blue Slaver","floor":14,"turns":3},{"damage":31,"enemies":"The Guardian","floor":16,"turns":11},{"damage":19,"enemies":"Shell Parasite","floor":18,"turns":7},{"damage":11,"enemies":"3 Byrds","floor":19,"turns":3},{"damage":5,"enemies":"3 Cultists","floor":22,"turns":6},{"damage":8,"enemies":"Book of Stabbing","floor":24,"turns":5},{"damage":27,"enemies":"Snecko","floor":30,"turns":7},{"damage":31,"enemies":"Masked Bandits","floor":31,"turns":5},{"damage":3,"enemies":"Automaton","floor":33,"turns":3}],"seed_played":"8223614322975645829","potions_obtained":[{"floor":1,"key":"Energy Potion"},{"floor":4,"key":"FearPotion"},{"floor":4,"key":"Strength Potion"},{"floor":6,"key":"FocusPotion"},{"floor":10,"key":"Strength Potion"},{"floor":11,"key":"LiquidBronze"},{"floor":13,"key":"Ancient Potion"},{"floor":16,"key":"Energy Potion"},{"floor":19,"key":"Block Potion"},{"floor":24,"key":"SpeedPotion"},{"floor":31,"key":"LiquidBronze"}],"is_trial":false,"path_per_floor":["M","M","?","?","?","E","M","E","T","E","?","R","?","M","R","B",null,"M","M","?","$","M","R","E","R","T","?","$","?","M","?","R"],"character_chosen":"DEFECT","items_purchased":["Ancient Tea Set","Secret Technique","Matryoshka"],"campfire_rested":5,"item_purchase_floors":[21,21,28],"current_hp_per_floor":[61,61,61,61,61,52,52,41,41,35,23,43,15,13,33,2,52,33,22,22,22,17,37,29,49,49,49,49,47,24,1,15,14],"gold":114,"neow_bonus":"TRANSFORM_TWO_CARDS","is_prod":false,"is_daily":false,"chose_seed":false,"campfire_upgraded":0,"win_rate":0,"timestamp":1538502944,"path_taken":["M","M","?","?","?","E","M","E","T","E","?","R","?","M","R","BOSS","M","M","?","$","M","R","E","R","T","?","$","?","M","?","R","BOSS"],"build_version":"2018-09-27","purchased_purges":1,"victory":false,"max_hp_per_floor":[68,68,68,68,68,68,68,68,68,68,68,68,68,68,68,68,68,68,68,68,68,68,68,68,68,68,68,68,47,47,47,47,47],"card_choices":[{"not_picked":["Fusion","Streamline"],"picked":"White Noise","floor":1},{"not_picked":["Heatsinks","Stack"],"picked":"Sweeping Beam","floor":2},{"not_picked":["Capacitor","Chaos"],"picked":"Auto Shields","floor":6},{"not_picked":["Redo","Sweeping Beam"],"picked":"BootSequence","floor":7},{"not_picked":["Barrage","Auto Shields"],"picked":"Stack","floor":8},{"not_picked":["Rip and Tear","Fusion"],"picked":"Gash","floor":10},{"not_picked":["Undo","Compile Driver"],"picked":"Turbo","floor":11},{"not_picked":["Self Repair","Streamline"],"picked":"Sweeping Beam","floor":13},{"not_picked":["Compile Driver","Melter"],"picked":"Fission","floor":14},{"not_picked":["Biased Cognition","Meteor Strike"],"picked":"Amplify","floor":16},{"not_picked":["Melter","Stack"],"picked":"Hologram","floor":17},{"not_picked":["Stack","Go for the Eyes"],"picked":"Hologram","floor":17},{"not_picked":["Melter","Redo"],"picked":"Coolheaded","floor":17},{"not_picked":["Beam Cell","Sweeping Beam"],"picked":"Conserve Battery","floor":17},{"not_picked":["Steam Power","Steam"],"picked":"Streamline+1","floor":18},{"not_picked":["Ball Lightning","Steam"],"picked":"Auto Shields+1","floor":19},{"not_picked":["Barrage","Coolheaded"],"picked":"Beam Cell+1","floor":22},{"not_picked":["Streamline","Coolheaded"],"picked":"Chill","floor":24},{"not_picked":["Hyperbeam","Turbo"],"picked":"Cold Snap","floor":30},{"not_picked":["Leap","Rip and Tear"],"picked":"White Noise+1","floor":31}],"player_experience":1024774,"relics_obtained":[{"floor":6,"key":"MawBank"},{"floor":8,"key":"Juzu Bracelet"},{"floor":9,"key":"Bronze Scales"},{"floor":10,"key":"Calipers"},{"floor":11,"key":"Odd Mushroom"},{"floor":13,"key":"Happy Flower"},{"floor":24,"key":"Tiny Chest"},{"floor":26,"key":"Vajra"},{"floor":31,"key":"Red Mask"}],"event_choices":[{"event_name":"Match and Keep!","player_choice":"2 cards matched","floor":3,"damage_taken":0},{"event_name":"The Woman in Blue","player_choice":"Bought 2 Potions","floor":4,"damage_taken":0},{"event_name":"Big Fish","player_choice":"Box","floor":5,"damage_taken":0},{"event_name":"Mushrooms","player_choice":"Fought Mushrooms","floor":11,"damage_taken":0},{"event_name":"Dead Adventurer","player_choice":"Searched \u00272\u0027 times","floor":13,"damage_taken":0},{"event_name":"Drug Dealer","player_choice":"Inject Mutagens","floor":20,"damage_taken":0},{"event_name":"The Mausoleum","player_choice":"Yes","floor":27,"damage_taken":0},{"event_name":"Vampires","player_choice":"Became a vampire","floor":29,"damage_taken":0},{"event_name":"Masked Bandits","player_choice":"Fought Bandits","floor":31,"damage_taken":0}],"is_beta":false,"boss_relics":[{"not_picked":["Black Star","Snecko Eye"],"picked":"Orrery"}],"items_purged_floors":[21],"is_endless":false,"potions_floor_spawned":[1,6,10,11,13,16,19,24,31],"killed_by":"Automaton","ascension_level":9}