{"path_per_floor":["M","$","?","M","M","R","E","R","T","?","M","R","E","M","R","B",null,"M","?","?"],"character_chosen":"IRONCLAD","items_purchased":["Havoc","Spot Weakness"],"gold_per_floor":[112,19,19,30,43,43,75,75,75,150,160,160,190,202,202,303,303,322,245,245,245],"floor_reached":21,"campfire_rested":1,"playtime":939,"current_hp_per_floor":[80,80,64,69,73,73,53,53,53,42,48,48,20,26,50,42,80,54,54,39,0],"items_purged":[],"gold":245,"score":206,"play_id":"acd3789e-2063-40e4-936a-c063940c9e28","local_time":"20180423173617","is_prod":false,"is_daily":false,"chose_seed":false,"is_ascension_mode":true,"campfire_upgraded":3,"timestamp":1524497777,"path_taken":["M","$","?","M","?","R","E","R","T","?","M","R","E","M","R","BOSS","M","?","?","?"],"build_version":"2018-04-19","seed_source_timestamp":87149834397804,"purchased_purges":0,"victory":false,"master_deck":["Strike_R","Strike_R","Strike_R+1","Strike_R","Strike_R","Defend_R","Defend_R","Defend_R","Defend_R","Bash+1","Sentinel","Havoc+1","Spot Weakness+1","True Grit","Dropkick","Battle Trance","Havoc+1","Warcry","Heavy Blade","True Grit","Offering","Clothesline","J.A.X."],"max_hp_per_floor":[80,80,80,80,80,80,80,80,80,80,80,80,80,80,80,80,80,80,80,85,85],"relics":["Burning Blood","Ancient Tea Set","Kunai","Dream Catcher","Mark of Pain"],"card_choices":[{"not_picked":["Havoc","Anger"],"picked":"Sentinel","floor":1},{"not_picked":["Pommel Strike","Havoc"],"picked":"True Grit","floor":4},{"not_picked":["Evolve","Shockwave"],"picked":"Dropkick","floor":5},{"not_picked":["Wild Strike","Immolate"],"picked":"Battle Trance","floor":7},{"not_picked":["Metallicize","Twin Strike"],"picked":"Havoc","floor":11},{"not_picked":["Pummel","Sword Boomerang"],"picked":"Warcry","floor":13},{"not_picked":["Demon Form","Uppercut"],"picked":"Heavy Blade","floor":14},{"not_picked":["Clash","Sword Boomerang"],"picked":"True Grit","floor":15},{"not_picked":["Barricade","Immolate"],"picked":"Offering","floor":16},{"not_picked":["Wild Strike","Bloodletting"],"picked":"Clothesline","floor":18}],"player_experience":367014,"potions_floor_usage":[16,16],"damage_taken":[{"damage":6,"enemies":"Cultist","floor":1,"turns":3},{"damage":1,"enemies":"2 Louse","floor":4,"turns":3},{"damage":2,"enemies":"Jaw Worm","floor":5,"turns":5},{"damage":26,"enemies":"Lagavulin","floor":7,"turns":7},{"damage":0,"enemies":"Exordium Wildlife","floor":11,"turns":3},{"damage":34,"enemies":"Gremlin Nob","floor":13,"turns":4},{"damage":0,"enemies":"Looter","floor":14,"turns":2},{"damage":14,"enemies":"Slime Boss","floor":16,"turns":14},{"damage":32,"enemies":"2 Thieves","floor":18,"turns":5},{"damage":41,"enemies":"3 Byrds","floor":21,"turns":3}],"event_choices":[{"event_name":"Shining Light","player_choice":"Entered Light","floor":3,"damage_taken":0},{"event_name":"World of Goop","player_choice":"Gather Gold","floor":10,"damage_taken":0},{"event_name":"Drug Dealer","player_choice":"Got JAXXED","floor":19,"damage_taken":0},{"event_name":"Forgotten Altar","player_choice":"Shed Blood","floor":20,"damage_taken":0}],"boss_relics":[{"not_picked":["Runic Pyramid","Pandora\u0027s Box"],"picked":"Mark of Pain"}],"potions_floor_spawned":[5,7,13],"seed_played":"-8162571461531629058","killed_by":"3 Byrds","ascension_level":2,"is_trial":false}