{"gold_per_floor":[110,110,110,60,23,23,55,55,55,67,84,84,84,96,96,198,198,210,210,221,72,72,72,106,135,135,135,155,155,155,185,185,283,283,301,319,319,364,10,10,40,40,65,65,80,80,94,112,112,112],"floor_reached":51,"playtime":8103,"items_purged":["Strike_B","Strike_B"],"score":821,"play_id":"75bcad2a-d2c0-4d97-a07f-0d4efbbc797d","local_time":"20180808225345","is_ascension_mode":true,"campfire_choices":[{"data":"Genetic Algorithm","floor":6.0,"key":"SMITH"},{"data":"Zap","floor":8.0,"key":"SMITH"},{"data":"Dualcast","floor":12.0,"key":"SMITH"},{"floor":15.0,"key":"REST"},{"data":"Defragment","floor":23.0,"key":"SMITH"},{"data":"Loop","floor":27.0,"key":"SMITH"},{"data":"Sunder","floor":29.0,"key":"SMITH"},{"floor":32.0,"key":"REST"},{"floor":40,"key":"REST"},{"data":"Writhe","floor":44,"key":"PURGE"},{"data":"Normality","floor":49,"key":"PURGE"}],"neow_cost":"CURSE","seed_source_timestamp":158922847359319,"circlet_count":0,"master_deck":["Defend_B","Defend_B","Defend_B","Defend_B","Zap+1","Dualcast+1","All For One","Genetic Algorithm+1","Consume+1","Sunder+1","Beam Cell","FTL","Reprogram","Machine Learning","Defragment+1","Go for the Eyes+1","Loop+1","Coolheaded+1","Gash","Multi-Cast","Gash+1","Redo+1","Secret Technique","Secret Technique","Bandage Up","Loop+1","Madness","Redo+1","Coolheaded+1"],"special_seed":0,"relics":["FrozenCore","Gremlin Horn","Dodecahedron","Oddly Smooth Stone","Red Mask","Ornamental Fan","Centennial Puzzle","Potion Belt","Cursed Key","Peace Pipe","Whetstone","Bottled Flame","Blood Vial","Molten Egg 2"],"potions_floor_usage":[38],"damage_taken":[{"damage":1.0,"enemies":"2 Louse","floor":1.0,"turns":3.0},{"damage":31.0,"enemies":"Lagavulin","floor":7.0,"turns":8.0},{"damage":7.0,"enemies":"Jaw Worm","floor":10.0,"turns":3.0},{"damage":0.0,"enemies":"Small Slimes","floor":11.0,"turns":2.0},{"damage":0.0,"enemies":"Exordium Thugs","floor":14.0,"turns":2.0},{"damage":15.0,"enemies":"The Guardian","floor":16.0,"turns":9.0},{"damage":0.0,"enemies":"Chosen","floor":18.0,"turns":4.0},{"damage":8.0,"enemies":"Shell Parasite","floor":20.0,"turns":4.0},{"damage":15.0,"enemies":"Book of Stabbing","floor":24.0,"turns":6.0},{"damage":0.0,"floor":25.0,"turns":5.0},{"damage":6.0,"enemies":"Snake Plant","floor":28.0,"turns":5.0},{"damage":0.0,"enemies":"Gremlin Leader","floor":31.0,"turns":6.0},{"damage":8,"enemies":"Champ","floor":33,"turns":10},{"damage":0,"enemies":"Flame Bruiser 1 Orb","floor":35,"turns":5},{"damage":6,"enemies":"3 Shapes","floor":36,"turns":3},{"damage":32,"floor":38,"turns":6},{"damage":20,"enemies":"2 Orb Walkers","floor":41,"turns":6},{"damage":3,"enemies":"Flame Bruiser 2 Orb","floor":45,"turns":5},{"damage":0,"enemies":"Maw","floor":47,"turns":9},{"damage":7,"enemies":"Sphere and 2 Shapes","floor":48,"turns":7},{"damage":18,"enemies":"Time Eater","floor":50,"turns":12}],"seed_played":"5063501558498485479","potions_obtained":[{"floor":7.0,"key":"Swift Potion"},{"floor":10.0,"key":"EssenceOfSteel"},{"floor":19.0,"key":"SpeedPotion"},{"floor":19.0,"key":"EssenceOfSteel"},{"floor":25.0,"key":"Ancient Potion"},{"floor":31.0,"key":"Ancient Potion"},{"floor":36,"key":"Weak Potion"},{"floor":41,"key":"Block Potion"},{"floor":45,"key":"SkillPotion"},{"floor":48,"key":"Fire Potion"}],"is_trial":false,"path_per_floor":["M","?","?","?","$","R","E","R","T","M","M","R","?","M","R","B",null,"M","?","M","$","?","R","E","?","T","R","M","R","?","E","R","B",null,"M","M","?","?","$","R","E","?","T","R","M","T","M","M","R","B"],"character_chosen":"DEFECT","items_purchased":["Consume","Loop","Whetstone","Madness"],"campfire_rested":3,"item_purchase_floors":[5,21,39,39],"current_hp_per_floor":[74,74,74,74,74,74,43,43,43,36,36,36,21,21,43,28,75,75,75,67,67,67,67,52,52,52,52,46,46,46,46,68,60,75,75,69,59,31,31,53,37,37,37,37,40,40,46,45,45,33],"gold":112,"neow_bonus":"THREE_RARE_CARDS","is_prod":false,"is_daily":false,"chose_seed":false,"campfire_upgraded":6,"win_rate":0,"timestamp":1533736425,"path_taken":["M","?","?","?","?","R","E","R","T","M","?","R","?","M","R","BOSS","M","?","M","$","?","R","E","?","T","R","M","R","?","E","R","BOSS","M","M","?","?","$","R","E","?","T","R","M","?","M","M","R","BOSS"],"build_version":"2018-08-02","purchased_purges":2,"victory":true,"max_hp_per_floor":[75,75,75,75,75,75,75,75,75,75,75,75,75,75,75,75,75,75,75,75,75,75,75,75,75,75,75,75,75,75,75,75,75,75,75,75,75,75,75,75,75,75,75,75,75,75,75,75,75,75],"card_choices":[{"not_picked":["Thunder Strike","Creative AI"],"picked":"All For One","floor":0.0},{"not_picked":["Sweeping Beam","Rebound"],"picked":"Genetic Algorithm","floor":1.0},{"not_picked":["Stack","Rebound"],"picked":"Sunder","floor":7.0},{"not_picked":["Streamline","Melter"],"picked":"Beam Cell","floor":10.0},{"not_picked":["Machine Learning","Steam"],"picked":"FTL","floor":11.0},{"not_picked":["Stack","Rip and Tear"],"picked":"Reprogram","floor":14.0},{"not_picked":["Hyperbeam","Echo Form"],"picked":"Machine Learning","floor":16.0},{"not_picked":["Leap","Stack"],"picked":"Defragment","floor":18.0},{"not_picked":["Darkness","Steam"],"picked":"Go for the Eyes","floor":20.0},{"not_picked":["Double Energy+1","FTL"],"picked":"Coolheaded+1","floor":24.0},{"not_picked":["Defragment","Scrape"],"picked":"Gash","floor":28.0},{"not_picked":["Cold Snap+1","Hyperbeam","Consume"],"picked":"SKIP","floor":31.0},{"not_picked":["Buffer","Core Surge"],"picked":"Multi-Cast","floor":33},{"not_picked":["Rip and Tear","Rebound"],"picked":"Gash","floor":35},{"not_picked":["Chill","Conserve Battery+1"],"picked":"Redo+1","floor":36},{"not_picked":["Apotheosis","Blind"],"picked":"Secret Technique","floor":37},{"not_picked":["Dark Shackles","Trip"],"picked":"Secret Technique","floor":37},{"not_picked":["Thinking Ahead","Purity"],"picked":"Bandage Up","floor":37},{"not_picked":["Stack+1","Conserve Battery+1"],"picked":"Loop+1","floor":38},{"not_picked":["Scrape","Lockon"],"picked":"Redo+1","floor":41},{"not_picked":["Chill+1","Aggregate+1","Steam"],"picked":"SKIP","floor":45},{"not_picked":["Go for the Eyes+1","Cold Snap+1","Auto Shields"],"picked":"SKIP","floor":47},{"not_picked":["Streamline+1","Reprogram"],"picked":"Coolheaded+1","floor":48}],"player_experience":208462,"relics_obtained":[{"floor":7.0,"key":"Gremlin Horn"},{"floor":9.0,"key":"Dodecahedron"},{"floor":24.0,"key":"Oddly Smooth Stone"},{"floor":25.0,"key":"Red Mask"},{"floor":26.0,"key":"Ornamental Fan"},{"floor":31.0,"key":"Potion Belt"},{"floor":38,"key":"Peace Pipe"},{"floor":41,"key":"Bottled Flame"},{"floor":43,"key":"Blood Vial"},{"floor":46,"key":"Molten Egg 2"}],"event_choices":[{"event_name":"Living Wall","player_choice":"Forget","floor":2.0,"damage_taken":0.0},{"event_name":"Liars Game","player_choice":"disagreed","floor":3.0,"damage_taken":0.0},{"event_name":"The Cleric","player_choice":"Card Removal","floor":4.0,"damage_taken":0.0},{"event_name":"Shining Light","player_choice":"Entered Light","floor":13.0,"damage_taken":0.0},{"event_name":"The Lab","player_choice":"Got Potions","floor":19.0,"damage_taken":0.0},{"event_name":"Drug Dealer","player_choice":"Ignored","floor":22.0,"damage_taken":0.0},{"event_name":"Masked Bandits","player_choice":"Fought over 106 gold","floor":25.0,"damage_taken":0.0},{"event_name":"WeMeetAgain","player_choice":"Potion","floor":30.0,"damage_taken":0.0},{"event_name":"SensoryStone","player_choice":"Memory 3","floor":37,"damage_taken":0},{"event_name":"Mysterious Sphere","player_choice":"Fight","floor":38,"damage_taken":0},{"event_name":"Falling","player_choice":"Removed Attack","floor":42,"damage_taken":0}],"is_beta":false,"boss_relics":[{"not_picked":["Black Star","Runic Dome"],"picked":"FrozenCore"},{"not_picked":["Busted Crown","Eternal Feather"],"picked":"Cursed Key"}],"items_purged_floors":[21,39],"is_endless":false,"potions_floor_spawned":[7,10,25,28,31,36,41,45,48],"ascension_level":4}