{"gold_per_floor":[117,192,210,485,498,498,29,44,70,80,80,92,120,45,45,122,122,138,138,53,53,53,53,103,103,103,119,119,135,135,155,155,155],"floor_reached":33,"playtime":1281,"items_purged":["Regret"],"score":490,"play_id":"979cca4a-ceff-4e46-a629-bfb20d4141eb","local_time":"20181214145456","is_ascension_mode":true,"campfire_choices":[{"data":"Neutralize","floor":6.0,"key":"SMITH"},{"data":"Noxious Fumes","floor":11.0,"key":"SMITH"},{"data":"Leg Sweep","floor":15.0,"key":"SMITH"},{"floor":23,"key":"REST"},{"data":"Caltrops","floor":25,"key":"SMITH"},{"data":"Adrenaline","floor":28,"key":"SMITH"},{"floor":30,"key":"REST"},{"data":"Tactician","floor":32,"key":"SMITH"}],"neow_cost":"NONE","seed_source_timestamp":450494870769104,"circlet_count":0,"master_deck":["AscendersBane","Survivor","Neutralize+1","PiercingWail","Finisher","Deadly Poison","Noxious Fumes+1","Leg Sweep+1","Deadly Poison","Deadly Poison","Adrenaline+1","Sucker Punch","Tactician+1","Storm of Steel","Distraction","Dodge and Roll","Blade Dance","Dagger Spray","All Out Attack","Acrobatics","Caltrops+1","Cloak And Dagger+1"],"special_seed":0,"relics":["Ring of the Snake","NeowsBlessing","Pantograph","Bag of Marbles","Blood Vial","Pandora\u0027s Box","Omamori","Necronomicon"],"potions_floor_usage":[33],"damage_taken":[{"damage":0.0,"enemies":"2 Louse","floor":1.0,"turns":1.0},{"damage":0.0,"enemies":"Cultist","floor":3.0,"turns":1.0},{"damage":0.0,"enemies":"Small Slimes","floor":5.0,"turns":1.0},{"damage":4.0,"enemies":"3 Louse","floor":8.0,"turns":7.0},{"damage":11.0,"enemies":"2 Fungi Beasts","floor":10.0,"turns":3.0},{"damage":4.0,"enemies":"Exordium Wildlife","floor":12.0,"turns":4.0},{"damage":17.0,"enemies":"3 Sentries","floor":13.0,"turns":5.0},{"damage":22.0,"enemies":"The Guardian","floor":16.0,"turns":9.0},{"damage":14.0,"enemies":"Shell Parasite","floor":18.0,"turns":5.0},{"damage":19,"enemies":"Colosseum Slavers","floor":22,"turns":5},{"damage":0,"enemies":"Spheric Guardian","floor":27,"turns":3},{"damage":5,"enemies":"Centurion and Healer","floor":29,"turns":6},{"damage":9,"enemies":"Snecko","floor":31,"turns":5},{"damage":55,"enemies":"Collector","floor":33,"turns":7}],"seed_played":"-7529425594036990469","potions_obtained":[{"floor":8.0,"key":"Explosive Potion"},{"floor":10.0,"key":"LiquidBronze"},{"floor":12.0,"key":"Explosive Potion"},{"floor":16.0,"key":"Fire Potion"}],"is_trial":false,"path_per_floor":["M","?","M","?","M","R","$","M","T","M","R","M","E","?","R","B",null,"M","?","?","?","?","R","?","R","T","M","R","M","R","M","R","B"],"character_chosen":"THE_SILENT","items_purchased":["Noxious Fumes","Leg Sweep","Pantograph"],"campfire_rested":2,"item_purchase_floors":[7,7,7],"current_hp_per_floor":[59,48,48,48,48,48,48,44,44,33,33,29,12,12,12,17,54,42,42,42,21,4,23,23,23,23,25,25,22,41,34,34,6],"gold":155,"neow_bonus":"THREE_ENEMY_KILL","is_prod":false,"is_daily":false,"chose_seed":false,"campfire_upgraded":6,"win_rate":0,"timestamp":1544817296,"path_taken":["M","?","M","?","M","R","$","?","T","?","R","M","E","?","R","BOSS","M","?","?","?","?","R","?","R","T","M","R","M","R","M","R","BOSS"],"build_version":"2018-12-13","purchased_purges":1,"victory":false,"max_hp_per_floor":[66,66,66,66,66,66,66,66,66,66,66,66,66,66,66,66,66,66,66,66,66,66,66,66,66,66,66,66,66,66,66,66,66],"card_choices":[{"not_picked":["Bane","Dodge and Roll"],"picked":"PiercingWail","floor":1.0},{"not_picked":["Quick Slash","Blade Dance"],"picked":"Finisher","floor":3.0},{"not_picked":["Riddle With Holes","Acrobatics"],"picked":"Deadly Poison","floor":5.0},{"not_picked":["Masterful Stab","Eviscerate"],"picked":"Deadly Poison","floor":8.0},{"not_picked":["Finisher","Underhanded Strike"],"picked":"Deadly Poison","floor":10.0},{"not_picked":["Slice","PiercingWail","Outmaneuver"],"picked":"SKIP","floor":12.0},{"not_picked":["PiercingWail","Quick Slash","Flechettes"],"picked":"SKIP","floor":13.0},{"not_picked":["Venomology","Unload"],"picked":"Adrenaline","floor":16.0},{"not_picked":["Sucker Punch+1","Crippling Poison"],"picked":"Caltrops","floor":18.0},{"not_picked":["Quick Slash","PiercingWail","Reflex"],"picked":"SKIP","floor":27},{"not_picked":["Predator","Bane"],"picked":"Cloak And Dagger+1","floor":29},{"not_picked":["Slice","Flying Knee","Outmaneuver"],"picked":"SKIP","floor":31}],"player_experience":1224639,"relics_obtained":[{"floor":9.0,"key":"Bag of Marbles"},{"floor":13.0,"key":"Blood Vial"},{"floor":21.0,"key":"Necronomicon"}],"event_choices":[{"damage_healed":0.0,"max_hp_gain":0.0,"max_hp_loss":0.0,"gold_gain":75.0,"event_name":"World of Goop","player_choice":"Gather Gold","floor":2.0,"gold_loss":0.0,"damage_taken":11.0},{"damage_healed":0.0,"max_hp_gain":0.0,"max_hp_loss":0.0,"gold_gain":275.0,"event_name":"Golden Shrine","player_choice":"Desecrate","floor":4.0,"gold_loss":0.0,"damage_taken":0.0,"cards_obtained":["Regret"]},{"cards_removed":["Strike_G"],"damage_healed":0.0,"max_hp_gain":0.0,"max_hp_loss":0.0,"gold_gain":0.0,"event_name":"The Cleric","player_choice":"Card Removal","floor":14.0,"gold_loss":75.0,"damage_taken":0.0},{"damage_healed":0.0,"max_hp_gain":0.0,"max_hp_loss":0.0,"gold_gain":0.0,"event_name":"Vampires","player_choice":"Ignored","floor":19.0,"gold_loss":0.0,"damage_taken":0.0},{"damage_healed":0.0,"max_hp_gain":0.0,"max_hp_loss":0.0,"gold_gain":0.0,"event_name":"Addict","player_choice":"Obtained Relic","floor":20.0,"gold_loss":85.0,"damage_taken":0.0,"relics_obtained":["Omamori"]},{"damage_healed":0.0,"max_hp_gain":0.0,"max_hp_loss":0.0,"gold_gain":0.0,"event_name":"Cursed Tome","player_choice":"Obtained Book","floor":21.0,"gold_loss":0.0,"damage_taken":21.0},{"damage_healed":0,"gold_gain":0,"player_choice":"Fight","damage_taken":0,"max_hp_gain":0,"max_hp_loss":0,"event_name":"Colosseum","floor":22,"gold_loss":0},{"damage_healed":0,"gold_gain":0,"player_choice":"Fled From Nobs","damage_taken":0,"max_hp_gain":0,"max_hp_loss":0,"event_name":"Colosseum","floor":22,"gold_loss":0},{"damage_healed":0,"gold_gain":50,"player_choice":"Stole From Cult","damage_taken":0,"max_hp_gain":0,"max_hp_loss":0,"event_name":"Nest","floor":24,"gold_loss":0}],"is_beta":true,"boss_relics":[{"not_picked":["Lizard Tail","Velvet Choker"],"picked":"Pandora\u0027s Box"}],"items_purged_floors":[7],"is_endless":false,"potions_floor_spawned":[8,10,12,16,22],"killed_by":"Collector","ascension_level":20}