{"gold_per_floor":[118,118,293,293,313,347,347,366,391,408,422,422,454,454],"floor_reached":14,"playtime":509,"items_purged":[],"score":200,"play_id":"aa460377-7fba-4ad0-8139-3a5c88a1e793","local_time":"20190203115353","is_ascension_mode":true,"campfire_choices":[{"data":"Zap","floor":7,"key":"SMITH"},{"data":"Hologram","floor":12,"key":"SMITH"}],"neow_cost":"NONE","seed_source_timestamp":687062848809819,"circlet_count":0,"master_deck":["AscendersBane","Strike_B","Strike_B","Strike_B","Strike_B","Defend_B","Defend_B","Defend_B","Defend_B","Zap+1","Dualcast","Auto Shields","Compile Driver","Skim","Hologram+1","Conserve Battery","Creative AI"],"relics":["Cracked Core","NeowsBlessing","Pen Nib","Vajra","Prayer Wheel"],"potions_floor_usage":[8,13,13],"damage_taken":[{"damage":0,"enemies":"Cultist","floor":1,"turns":1},{"damage":0,"enemies":"Jaw Worm","floor":5,"turns":1},{"damage":0,"enemies":"Lagavulin","floor":6,"turns":1},{"damage":0,"enemies":"Small Slimes","floor":8,"turns":3},{"damage":14,"enemies":"Exordium Wildlife","floor":10,"turns":5},{"damage":0,"enemies":"Looter","floor":11,"turns":4},{"damage":18,"enemies":"3 Sentries","floor":13,"turns":7},{"damage":12,"enemies":"Lots of Slimes","floor":14,"turns":3}],"seed_played":"2246956966873412858","potions_obtained":[{"floor":1,"key":"Fruit Juice"},{"floor":8,"key":"GamblersBrew"},{"floor":10,"key":"Ancient Potion"},{"floor":13,"key":"EssenceOfSteel"}],"is_trial":false,"path_per_floor":["M","?","?","?","M","E","R","M","T","M","M","R","E","M"],"character_chosen":"DEFECT","items_purchased":[],"campfire_rested":0,"item_purchase_floors":[],"current_hp_per_floor":[68,68,68,68,68,68,68,73,73,59,59,59,41,29],"gold":454,"neow_bonus":"THREE_ENEMY_KILL","is_prod":false,"is_daily":false,"chose_seed":false,"campfire_upgraded":2,"win_rate":0,"timestamp":1549191233,"path_taken":["M","?","?","?","M","E","R","?","T","M","M","R","E","M"],"build_version":"2019-01-23","purchased_purges":0,"victory":false,"max_hp_per_floor":[75,75,75,75,75,75,75,80,80,80,80,80,80,80],"card_choices":[{"not_picked":["Darkness","Static Discharge"],"picked":"Auto Shields","floor":1},{"not_picked":["Leap","Chaos"],"picked":"Compile Driver","floor":5},{"not_picked":["Tempest","Rebound"],"picked":"Skim","floor":6},{"not_picked":["Static Discharge","Gash","Rebound"],"picked":"SKIP","floor":8},{"not_picked":["Rebound","Sweeping Beam"],"picked":"Hologram","floor":10},{"not_picked":["Scrape","Aggregate"],"picked":"Conserve Battery","floor":11},{"not_picked":["Coolheaded","Darkness"],"picked":"Creative AI","floor":13}],"player_experience":2124993,"relics_obtained":[{"floor":6,"key":"Pen Nib"},{"floor":9,"key":"Vajra"},{"floor":13,"key":"Prayer Wheel"}],"event_choices":[{"damage_healed":0,"gold_gain":0,"player_choice":"Ignored","damage_taken":0,"max_hp_gain":0,"max_hp_loss":0,"event_name":"Golden Wing","floor":2,"gold_loss":0},{"damage_healed":0,"gold_gain":175,"player_choice":"AGREE","damage_taken":0,"max_hp_gain":0,"max_hp_loss":0,"event_name":"Liars Game","floor":3,"gold_loss":0,"cards_obtained":["Doubt"]},{"cards_removed":["Doubt"],"damage_healed":0,"gold_gain":0,"player_choice":"Forget","damage_taken":0,"max_hp_gain":0,"max_hp_loss":0,"event_name":"Living Wall","floor":4,"gold_loss":0}],"is_beta":false,"boss_relics":[],"items_purged_floors":[],"is_endless":false,"potions_floor_spawned":[1,8,10,13],"killed_by":"Lots of Slimes","ascension_level":12}