{"gold_per_floor":[117,117,42,42,59,59,73,73,98,98,112,138,153,166,166,264,264,275,374,374,299,7,38,38,65,115,115,129,147,147,159,159,257,257,271,40,40,58,113,113,146,146,170,270,270,270,286,317,317,317],"floor_reached":51,"playtime":5859,"items_purged":["Strike_G","Strike_G"],"score":868,"play_id":"069a626a-ee60-4016-9bd6-928db1565420","local_time":"20180721013027","is_ascension_mode":true,"campfire_choices":[{"data":"Bouncing Flask","floor":6,"key":"SMITH"},{"data":"Sucker Punch","floor":8,"key":"SMITH"},{"data":"Backflip","floor":15,"key":"SMITH"},{"data":"Neutralize","floor":24,"key":"SMITH"},{"data":"Survivor","floor":27,"key":"SMITH"},{"data":"Tactician","floor":30,"key":"SMITH"},{"data":"Acrobatics","floor":32,"key":"SMITH"},{"data":"Tools of the Trade","floor":40,"key":"SMITH"},{"data":"Reflex","floor":42,"key":"SMITH"},{"data":"Prepared","floor":46,"key":"SMITH"},{"data":"Reflex","floor":49,"key":"SMITH"}],"neow_cost":"NONE","seed_source_timestamp":99844600514489,"circlet_count":0,"master_deck":["Defend_G","Defend_G","Defend_G","Defend_G","Strike_G","Strike_G","Survivor+1","Neutralize+1","Sucker Punch+1","Bouncing Flask+1","Tactician+1","Deadly Poison","Deadly Poison","Deadly Poison","Backflip+1","Corpse Explosion","Prepared+1","Underhanded Strike+1","Deadly Poison","Catalyst+1","Escape Plan","Acrobatics+1","Tools of the Trade+1","Reflex+1","Deadly Poison","Finesse","Deflect+1","Prepared+1","Deflect","Reflex+1"],"relics":["Ring of the Snake","Lantern","Thread and Needle","Boot","Ginger","Sozu","Ice Cream","Kunai","Letter Opener","Strawberry","Black Star","Prayer Wheel","Orichalcum","Happy Flower","Juzu Bracelet","Pantograph","Singing Bowl"],"potions_floor_usage":[16,50,50],"damage_taken":[{"damage":1,"enemies":"Jaw Worm","floor":1,"turns":5},{"damage":0,"enemies":"2 Louse","floor":5,"turns":2},{"damage":0,"enemies":"Cultist","floor":7,"turns":3},{"damage":0,"enemies":"3 Louse","floor":11,"turns":3},{"damage":8,"enemies":"Gremlin Nob","floor":12,"turns":4},{"damage":0,"enemies":"Blue Slaver","floor":13,"turns":3},{"damage":0,"enemies":"Large Slime","floor":14,"turns":4},{"damage":27,"enemies":"The Guardian","floor":16,"turns":8},{"damage":0,"enemies":"Shell Parasite","floor":18,"turns":3},{"damage":12,"enemies":"Book of Stabbing","floor":23,"turns":5},{"damage":0,"enemies":"Gremlin Leader","floor":25,"turns":6},{"damage":0,"enemies":"Chosen","floor":28,"turns":3},{"damage":6,"enemies":"Centurion and Healer","floor":29,"turns":5},{"damage":0,"enemies":"Chosen and Byrds","floor":31,"turns":3},{"damage":22,"enemies":"Collector","floor":33,"turns":4},{"damage":0,"enemies":"3 Darklings","floor":35,"turns":1},{"damage":0,"enemies":"Orb Walker","floor":38,"turns":2},{"damage":0,"floor":39,"turns":2},{"damage":0,"enemies":"Nemesis","floor":41,"turns":5},{"damage":9,"enemies":"Sphere and 2 Shapes","floor":47,"turns":4},{"damage":5,"enemies":"Giant Head","floor":48,"turns":6},{"damage":16,"enemies":"Time Eater","floor":50,"turns":10}],"seed_played":"8241981503084816761","potions_obtained":[{"floor":5,"key":"Dexterity Potion"},{"floor":12,"key":"SpeedPotion"},{"floor":14,"key":"Dexterity Potion"}],"is_trial":false,"path_per_floor":["M","?","$","?","M","R","M","R","T","?","M","E","M","M","R","B",null,"M","?","?","?","$","E","R","E","T","R","M","M","R","M","R","B",null,"M","$","?","M","?","R","E","R","T","?","?","R","M","E","R","B"],"character_chosen":"THE_SILENT","items_purchased":["Ice Cream","Deadly Poison","Finesse"],"campfire_rested":0,"item_purchase_floors":[22,36,36],"current_hp_per_floor":[69,66,66,66,66,66,66,66,66,66,66,58,58,58,58,31,70,70,70,70,70,70,58,58,58,65,65,65,59,59,59,59,37,77,77,77,77,77,77,77,77,77,77,77,77,77,68,63,63,61],"gold":317,"neow_bonus":"RANDOM_COMMON_RELIC","is_prod":false,"is_daily":false,"chose_seed":false,"campfire_upgraded":11,"win_rate":0,"timestamp":1532104227,"path_taken":["M","?","$","?","?","R","M","R","T","?","?","E","M","M","R","BOSS","M","?","?","?","$","E","R","E","T","R","M","?","R","M","R","BOSS","M","$","?","M","?","R","E","R","T","?","?","R","M","E","R","BOSS"],"build_version":"2018-07-19v2","purchased_purges":2,"victory":true,"max_hp_per_floor":[70,70,70,70,70,70,70,70,70,70,70,70,70,70,70,70,70,70,70,70,70,70,70,70,70,77,77,77,77,77,77,77,77,77,77,77,77,77,77,77,77,77,77,77,77,77,77,77,77,77],"card_choices":[{"not_picked":["Dodge and Roll","Choke"],"picked":"Sucker Punch","floor":1},{"not_picked":["Leg Sweep","Choke"],"picked":"Bouncing Flask","floor":5},{"not_picked":["Acrobatics","Quick Slash"],"picked":"Tactician","floor":7},{"not_picked":["Quick Slash","Outmaneuver"],"picked":"Deadly Poison","floor":11},{"not_picked":["Glass Knife","Backflip"],"picked":"Deadly Poison","floor":12},{"not_picked":["Slice","Dagger Throw"],"picked":"Deadly Poison","floor":13},{"not_picked":["Bane","Poisoned Stab"],"picked":"Backflip","floor":14},{"not_picked":["Doppelganger","Venomology"],"picked":"Corpse Explosion","floor":16},{"not_picked":["Accuracy","Deflect"],"picked":"Prepared+1","floor":18},{"not_picked":["Outmaneuver","Flying Knee"],"picked":"Underhanded Strike+1","floor":23},{"not_picked":["Accuracy","Sucker Punch"],"picked":"Deadly Poison","floor":25},{"not_picked":["Flying Knee","Footwork"],"picked":"Catalyst+1","floor":28},{"not_picked":["Flying Knee+1","Masterful Stab"],"picked":"Escape Plan","floor":29},{"not_picked":["Underhanded Strike+1","Tactician"],"picked":"Acrobatics","floor":31},{"not_picked":["Phantasmal Killer","Unload"],"picked":"Tools of the Trade","floor":33},{"not_picked":["Heel Hook","Bouncing Flask"],"picked":"Reflex","floor":35},{"not_picked":["Poisoned Stab","Slice+1","Dagger Spray+1"],"picked":"SKIP","floor":38},{"not_picked":["Cloak And Dagger","Deadly Poison+1"],"picked":"Deflect+1","floor":39},{"not_picked":["Die Die Die","Predator"],"picked":"Prepared","floor":41},{"not_picked":["Flying Knee+1","Dagger Spray"],"picked":"Deflect","floor":47},{"not_picked":["Bane","Eviscerate","Predator"],"picked":"SKIP","floor":47},{"not_picked":["Underhanded Strike","Distraction"],"picked":"Reflex","floor":48}],"player_experience":139318,"relics_obtained":[{"floor":9,"key":"Boot"},{"floor":12,"key":"Ginger"},{"floor":23,"key":"Kunai"},{"floor":25,"key":"Letter Opener"},{"floor":26,"key":"Strawberry"},{"floor":39,"key":"Prayer Wheel"},{"floor":41,"key":"Orichalcum"},{"floor":41,"key":"Happy Flower"},{"floor":43,"key":"Juzu Bracelet"},{"floor":48,"key":"Pantograph"},{"floor":48,"key":"Singing Bowl"}],"event_choices":[{"event_name":"Scrap Ooze","player_choice":"success","floor":2,"damage_taken":3},{"event_name":"Living Wall","player_choice":"Forget","floor":4,"damage_taken":0},{"event_name":"Liars Game","player_choice":"disagreed","floor":10,"damage_taken":0},{"event_name":"Nest","player_choice":"Stole From Cult","floor":19,"damage_taken":0},{"event_name":"Drug Dealer","player_choice":"Ignored","floor":20,"damage_taken":0},{"event_name":"Beggar","player_choice":"Gave Gold","floor":21,"damage_taken":0},{"event_name":"The Lab","player_choice":"Got Potions","floor":37,"damage_taken":0},{"event_name":"Mysterious Sphere","player_choice":"Fight","floor":39,"damage_taken":0},{"event_name":"Golden Shrine","player_choice":"Pray","floor":44,"damage_taken":0},{"event_name":"SecretPortal","player_choice":"Rejected Portal.","floor":45,"damage_taken":0}],"is_beta":false,"boss_relics":[{"not_picked":["Runic Pyramid","Fusion Hammer"],"picked":"Sozu"},{"not_picked":["Empty Cage","HoveringKite"],"picked":"Black Star"}],"items_purged_floors":[3,36],"is_endless":false,"potions_floor_spawned":[5,12,14,23,25,33,35,47,48],"ascension_level":2}