{"gold_per_floor":[126,156,138,163,185,231,261,273,285,325,337,371,396,408,420,432],"floor_reached":16,"playtime":539,"items_purged":[],"score":224,"play_id":"0f6143f4-e2da-4153-93f6-ce4d15bc3e5f","local_time":"20181103133112","is_ascension_mode":true,"campfire_choices":[{"data":"Bash","floor":8,"key":"SMITH"},{"data":"Havoc","floor":11,"key":"SMITH"},{"data":"Dark Embrace","floor":15,"key":"SMITH"}],"neow_cost":"NONE","seed_source_timestamp":152996069892180,"circlet_count":0,"master_deck":["AscendersBane","Strike_R","Strike_R","Strike_R","Strike_R","Strike_R","Defend_R","Defend_R+1","Defend_R+1","Defend_R","Bash+1","Twin Strike","Iron Wave","Cleave","Battle Trance","Havoc+1","Dark Embrace+1"],"special_seed":0,"relics":["Burning Blood","MawBank","War Paint","StoneCalendar","Mercury Hourglass","Odd Mushroom"],"potions_floor_usage":[10,13,16],"damage_taken":[{"damage":3.0,"enemies":"2 Louse","floor":1.0,"turns":4.0},{"damage":7.0,"enemies":"Cultist","floor":2.0,"turns":4.0},{"damage":4.0,"enemies":"Jaw Worm","floor":4.0,"turns":4.0},{"damage":2.0,"enemies":"3 Louse","floor":5.0,"turns":2.0},{"damage":27.0,"enemies":"Gremlin Nob","floor":6.0,"turns":4.0},{"damage":23,"enemies":"Exordium Wildlife","floor":7,"turns":6},{"damage":25,"enemies":"3 Sentries","floor":10,"turns":6},{"damage":4,"enemies":"The Mushroom Lair","floor":12,"turns":3},{"damage":6,"enemies":"Looter","floor":13,"turns":3},{"damage":36,"enemies":"Hexaghost","floor":16,"turns":9}],"seed_played":"-8312250451419905503","potions_obtained":[{"floor":2.0,"key":"SmokeBomb"},{"floor":3.0,"key":"Energy Potion"},{"floor":3.0,"key":"LiquidBronze"},{"floor":4.0,"key":"Regen Potion"},{"floor":6.0,"key":"EssenceOfSteel"},{"floor":7,"key":"SteroidPotion"},{"floor":12,"key":"BloodPotion"}],"is_trial":false,"path_per_floor":["M","M","?","M","M","E","M","R","T","E","R","?","M","?","R","B"],"character_chosen":"IRONCLAD","items_purchased":[],"campfire_rested":0,"item_purchase_floors":[],"current_hp_per_floor":[71,70,70,72,75,59,42,42,42,23,23,25,32,32,32,0],"gold":432,"neow_bonus":"RANDOM_COMMON_RELIC","is_prod":false,"is_daily":false,"chose_seed":false,"campfire_upgraded":3,"win_rate":0,"timestamp":1541266272,"path_taken":["M","M","?","?","?","E","M","R","T","E","R","?","M","?","R","BOSS"],"build_version":"2018-11-02","purchased_purges":0,"victory":false,"max_hp_per_floor":[75,75,75,75,75,75,75,75,75,75,75,75,75,75,75,75],"card_choices":[{"not_picked":["True Grit","Armaments"],"picked":"Twin Strike","floor":1.0},{"not_picked":["Rage","Warcry"],"picked":"Iron Wave","floor":2.0},{"not_picked":["Wild Strike","Twin Strike"],"picked":"Cleave","floor":4.0},{"not_picked":["Headbutt","Intimidate"],"picked":"Battle Trance","floor":5.0},{"not_picked":["Brutality","Dual Wield"],"picked":"Havoc","floor":6.0},{"not_picked":["Heavy Blade","Havoc","Warcry"],"picked":"SKIP","floor":7},{"not_picked":["Cleave","Headbutt","Infernal Blade"],"picked":"SKIP","floor":10},{"not_picked":["Warcry","Body Slam"],"picked":"Dark Embrace","floor":13}],"player_experience":1141915,"relics_obtained":[{"floor":6.0,"key":"War Paint"},{"floor":9,"key":"StoneCalendar"},{"floor":10,"key":"Mercury Hourglass"},{"floor":12,"key":"Odd Mushroom"}],"event_choices":[{"damage_healed":0.0,"max_hp_gain":0.0,"max_hp_loss":0.0,"gold_gain":0.0,"event_name":"The Woman in Blue","player_choice":"Bought 2 Potions","floor":3.0,"gold_loss":0.0,"damage_taken":0.0},{"damage_healed":0,"gold_gain":0,"player_choice":"Fought Mushrooms","damage_taken":0,"max_hp_gain":0,"max_hp_loss":0,"event_name":"Mushrooms","floor":12,"gold_loss":0},{"damage_healed":0,"gold_gain":0,"player_choice":"Ignored","damage_taken":0,"max_hp_gain":0,"max_hp_loss":0,"event_name":"Liars Game","floor":14,"gold_loss":0}],"is_beta":true,"boss_relics":[],"items_purged_floors":[],"is_endless":false,"potions_floor_spawned":[2,4,6,7,12],"killed_by":"Hexaghost","ascension_level":20}