{"path_per_floor":["M","?","M","$","?","E","R","M","T","M","?","M","M","E","R","B",null,"M","?","M","M","M","R","M"],"character_chosen":"THE_SILENT","items_purchased":["Footwork","Regen Potion"],"gold_per_floor":[118,118,138,26,26,64,64,80,106,122,122,145,165,196,196,316,316,335,250,274,298,314,314,339,339],"floor_reached":25,"campfire_rested":1,"playtime":2842,"item_purchase_floors":[4,4],"current_hp_per_floor":[59,59,58,58,58,64,64,64,64,64,51,51,40,34,34,29,56,56,56,41,27,25,44,35,0],"items_purged":[],"gold":339,"score":282,"play_id":"960cb685-ebe9-4e51-928d-66122d1234d8","local_time":"20180613203652","is_prod":false,"is_daily":false,"chose_seed":false,"is_ascension_mode":true,"campfire_upgraded":2,"win_rate":0,"timestamp":1528915012,"campfire_choices":[{"data":"Cloak And Dagger","floor":7,"key":"SMITH"},{"data":"Envenom","floor":15,"key":"SMITH"},{"floor":23,"key":"REST"}],"path_taken":["M","?","M","$","?","E","R","M","T","M","?","M","M","E","R","BOSS","M","?","M","?","M","R","M","M"],"build_version":"2018-06-07v3","seed_source_timestamp":7908503648614,"purchased_purges":0,"victory":false,"master_deck":["Defend_G+1","Defend_G","Defend_G","Defend_G","Strike_G","Strike_G","Strike_G","Strike_G+1","Strike_G","Survivor","Neutralize","Infinite Blades","Cloak And Dagger+1","Footwork+1","Deflect","Backflip","Envenom+1","Escape Plan","Backstab","Adrenaline","Footwork+1","Backflip","Prepared+1","Footwork+1","Caltrops"],"max_hp_per_floor":[70,65,65,65,65,65,65,65,65,65,65,65,65,65,65,65,65,65,65,65,65,65,65,65,65],"relics":["Ring of the Snake","Golden Idol","Snake Skull","Boot","Bottled Flame","Black Star","Molten Egg 2"],"card_choices":[{"not_picked":["Bane","Prepared"],"picked":"Infinite Blades","floor":1},{"not_picked":["Blur","Dagger Throw"],"picked":"Cloak And Dagger","floor":3},{"not_picked":["Setup","Predator"],"picked":"Deflect","floor":6},{"not_picked":["Flying Knee","Deflect"],"picked":"Backflip","floor":8},{"not_picked":["Slice","Sucker Punch","Dagger Spray"],"picked":"SKIP","floor":10},{"not_picked":["Slice","Dash"],"picked":"Envenom","floor":12},{"not_picked":["Sucker Punch","Footwork"],"picked":"Escape Plan","floor":13},{"not_picked":["Concentrate","Choke"],"picked":"Backstab","floor":14},{"not_picked":["Venomology","Night Terror"],"picked":"Adrenaline","floor":16},{"not_picked":["Catalyst","Flying Knee"],"picked":"Footwork+1","floor":18},{"not_picked":["Quick Slash+1","Heel Hook+1"],"picked":"Backflip","floor":20},{"not_picked":["Bane+1","Outmaneuver"],"picked":"Prepared+1","floor":21},{"not_picked":["All Out Attack+1","Deflect"],"picked":"Footwork+1","floor":22},{"not_picked":["Malaise","Sucker Punch+1"],"picked":"Caltrops","floor":24}],"player_experience":682108,"potions_floor_usage":[6,6,14,14,22,22,22],"damage_taken":[{"damage":4,"enemies":"Jaw Worm","floor":1,"turns":6},{"damage":1,"enemies":"2 Louse","floor":3,"turns":3},{"damage":1,"enemies":"3 Sentries","floor":6,"turns":8},{"damage":0,"enemies":"Small Slimes","floor":8,"turns":4},{"damage":0,"enemies":"Exordium Thugs","floor":10,"turns":6},{"damage":0,"enemies":"Large Slime","floor":12,"turns":6},{"damage":11,"enemies":"Looter","floor":13,"turns":3},{"damage":6,"enemies":"Gremlin Nob","floor":14,"turns":4},{"damage":5,"enemies":"The Guardian","floor":16,"turns":10},{"damage":0,"enemies":"Chosen","floor":18,"turns":5},{"damage":15,"enemies":"2 Thieves","floor":20,"turns":5},{"damage":14,"enemies":"Sentry and Sphere","floor":21,"turns":10},{"damage":2,"enemies":"Slaver and Parasite","floor":22,"turns":10},{"damage":9,"enemies":"Snake Plant","floor":24,"turns":5},{"damage":40,"enemies":"Cultist and Chosen","floor":25,"turns":5}],"relics_obtained":[{"floor":6,"key":"Snake Skull"},{"floor":9,"key":"Boot"},{"floor":14,"key":"Bottled Flame"}],"event_choices":[{"event_name":"Golden Idol","player_choice":"Lose Max HP","floor":2,"damage_taken":0},{"event_name":"Upgrade Shrine","player_choice":"Upgraded","floor":5,"damage_taken":0},{"event_name":"Shining Light","player_choice":"Entered Light","floor":11,"damage_taken":0},{"event_name":"Addict","player_choice":"Obtained Relic","floor":19,"damage_taken":0}],"boss_relics":[{"not_picked":["Astrolabe","Philosopher\u0027s Stone"],"picked":"Black Star"}],"items_purged_floors":[],"potions_floor_spawned":[3,8,10,14,20,21,24],"seed_played":"-2339054904579322383","killed_by":"Cultist and Chosen","ascension_level":6,"potions_obtained":[{"floor":3,"key":"Explosive Potion"},{"floor":8,"key":"AttackPotion"},{"floor":10,"key":"PowerPotion"},{"floor":14,"key":"Swift Potion"},{"floor":20,"key":"Poison Potion"},{"floor":21,"key":"EssenceOfSteel"},{"floor":24,"key":"PowerPotion"}],"is_trial":false}