{"gold_per_floor":[111,141,153,68,33,33,64,84,163,173,193,223,236,250,250,346,396,416,356],"floor_reached":19,"playtime":594,"items_purged":[],"score":248,"play_id":"9f6aa900-b592-44a4-8f0d-bf3e6e615067","local_time":"20180901110613","is_ascension_mode":true,"campfire_choices":[{"data":"Deadly Poison","floor":6,"key":"SMITH"},{"floor":15,"key":"REST"}],"neow_cost":"","seed_source_timestamp":34868931048088,"circlet_count":0,"master_deck":["Defend_G","Defend_G","Defend_G","Defend_G","Defend_G","Strike_G+1","Strike_G","Strike_G","Strike_G","Strike_G","Survivor","Neutralize","Deadly Poison+1","Backflip","Distraction","Quick Slash","Die Die Die","Dash","Deflect","Bane","Noxious Fumes","Slice","Blur","Envenom","Noxious Fumes","Glass Knife"],"relics":["Ring of the Snake","Tiny Chest","Ninja Scroll","Smiling Mask","Odd Mushroom","Tiny House"],"potions_floor_usage":[12,16,16,16,19,19],"damage_taken":[{"damage":0,"enemies":"2 Louse","floor":1,"turns":2},{"damage":3,"enemies":"Jaw Worm","floor":3,"turns":4},{"damage":32,"enemies":"Lagavulin","floor":7,"turns":7},{"damage":0,"enemies":"Cultist","floor":8,"turns":3},{"damage":0,"enemies":"2 Fungi Beasts","floor":10,"turns":2},{"damage":0,"enemies":"Large Slime","floor":11,"turns":4},{"damage":0,"enemies":"The Mushroom Lair","floor":12,"turns":2},{"damage":9,"enemies":"Red Slaver","floor":13,"turns":3},{"damage":8,"enemies":"2 Fungi Beasts","floor":14,"turns":3},{"damage":13,"enemies":"Hexaghost","floor":16,"turns":9},{"damage":48,"enemies":"Spheric Guardian","floor":18,"turns":7},{"damage":34,"enemies":"2 Thieves","floor":19,"turns":3}],"seed_played":"-4812691118726130008","potions_obtained":[{"floor":3,"key":"FearPotion"},{"floor":7,"key":"SpeedPotion"},{"floor":8,"key":"Swift Potion"},{"floor":11,"key":"Explosive Potion"},{"floor":13,"key":"Dexterity Potion"},{"floor":17,"key":"Weak Potion"},{"floor":18,"key":"Swift Potion"}],"is_trial":false,"path_per_floor":["M","?","M","$","?","R","E","M","T","M","M","?","M","M","R","B",null,"M"],"character_chosen":"THE_SILENT","items_purchased":["Distraction","Quick Slash"],"campfire_rested":1,"item_purchase_floors":[4,4],"current_hp_per_floor":[63,60,57,57,70,70,38,38,38,38,38,38,29,21,42,29,65,17,0],"gold":356,"neow_bonus":"","is_prod":false,"is_daily":false,"chose_seed":false,"campfire_upgraded":1,"win_rate":0,"timestamp":1535792773,"path_taken":["M","?","M","?","?","R","E","?","T","M","M","?","M","M","R","BOSS","M","M"],"build_version":"2018-08-30","purchased_purges":0,"victory":false,"max_hp_per_floor":[70,70,70,70,70,70,70,70,70,70,70,70,70,70,70,70,75,75,75],"card_choices":[{"not_picked":["Dodge and Roll","Flying Knee"],"picked":"Deadly Poison","floor":1},{"not_picked":["Dodge and Roll","Dagger Spray"],"picked":"Backflip","floor":3},{"not_picked":["Backflip","Outmaneuver"],"picked":"Die Die Die","floor":7},{"not_picked":["Tactician","Backstab"],"picked":"Dash","floor":8},{"not_picked":["Expertise","Backstab"],"picked":"Deflect","floor":10},{"not_picked":["Slice","Dagger Spray"],"picked":"Bane","floor":11},{"not_picked":["Heel Hook","Blade Dance"],"picked":"Noxious Fumes","floor":12},{"not_picked":["Distraction","Deflect"],"picked":"Slice","floor":13},{"not_picked":["Blade Dance","Doppelganger"],"picked":"Blur","floor":14},{"not_picked":["Grand Finale","After Image"],"picked":"Envenom","floor":16},{"not_picked":["Slice","Quick Slash"],"picked":"Noxious Fumes","floor":17},{"not_picked":["Deflect","Outmaneuver"],"picked":"Glass Knife","floor":18}],"player_experience":947718,"relics_obtained":[{"floor":7,"key":"Ninja Scroll"},{"floor":9,"key":"Smiling Mask"},{"floor":12,"key":"Odd Mushroom"}],"event_choices":[{"event_name":"Scrap Ooze","player_choice":"success","floor":2,"damage_taken":3},{"event_name":"The Cleric","player_choice":"Healed","floor":5,"damage_taken":0},{"event_name":"Mushrooms","player_choice":"Fought Mushrooms","floor":12,"damage_taken":0}],"is_beta":false,"boss_relics":[{"not_picked":["Velvet Choker","Orrery"],"picked":"Tiny House"}],"items_purged_floors":[],"is_endless":false,"potions_floor_spawned":[3,7,8,11,13,18],"killed_by":"2 Thieves","ascension_level":9}