{"gold_per_floor":[115,265,265,280,205,234,247,247,247,279,7,17,17,17,17,95,95,111,386,402,452,78,78,106,106,156,171,171],"floor_reached":28,"playtime":687,"items_purged":["Regret"],"score":538,"play_id":"6328f7dc-47c2-4749-a0b5-859ec766807f","local_time":"20181104225636","is_ascension_mode":true,"campfire_choices":[{"data":"Zap","floor":8.0,"key":"SMITH"},{"data":"Hyperbeam","floor":13.0,"key":"SMITH"},{"floor":15.0,"key":"DIG"},{"floor":23.0,"key":"REST"},{"data":"Biased Cognition","floor":25.0,"key":"SMITH"}],"neow_cost":"NONE","seed_source_timestamp":180791987105180,"circlet_count":0,"master_deck":["AscendersBane","Strike_B","Strike_B","Strike_B","Strike_B","Defend_B","Defend_B","Defend_B","Defend_B","Zap+1","Dualcast","Sweeping Beam","Capacitor","Conserve Battery","Cold Snap","Hyperbeam+1","Barrage","Biased Cognition+1","Ball Lightning","Static Discharge+1","Sweeping Beam+1","Rainbow","Consume"],"special_seed":0,"relics":["Cracked Core","NeowsBlessing","WarpedTongs","Ice Cream","Shovel","Cables","Orichalcum","Sozu","Molten Egg 2","Regal Pillow","Ancient Tea Set"],"potions_floor_usage":[],"damage_taken":[{"damage":0.0,"enemies":"Small Slimes","floor":1.0,"turns":1.0},{"damage":0.0,"enemies":"Jaw Worm","floor":4.0,"turns":1.0},{"damage":0.0,"enemies":"Gremlin Nob","floor":6.0,"turns":1.0},{"damage":1.0,"enemies":"Cultist","floor":7.0,"turns":4.0},{"damage":23.0,"enemies":"Lagavulin","floor":10.0,"turns":8.0},{"damage":4.0,"enemies":"3 Louse","floor":12.0,"turns":3.0},{"damage":17.0,"enemies":"Slime Boss","floor":16.0,"turns":7.0},{"damage":18.0,"enemies":"3 Byrds","floor":18.0,"turns":3.0},{"damage":19.0,"enemies":"2 Thieves","floor":20.0,"turns":2.0},{"damage":8.0,"enemies":"Gremlin Leader","floor":24.0,"turns":6.0},{"damage":12,"enemies":"Cultist and Chosen","floor":27,"turns":6},{"damage":22,"enemies":"Centurion and Healer","floor":28,"turns":3}],"seed_played":"-4106317029428603265","potions_obtained":[{"floor":4.0,"key":"FearPotion"},{"floor":10.0,"key":"Block Potion"}],"is_trial":false,"path_per_floor":["M","?","?","M","?","E","M","R","T","E","$","M","R","?","R","B",null,"M","?","M","?","$","R","E","R","T","M","M"],"character_chosen":"DEFECT","items_purchased":["Cables","Molten Egg 2","Sweeping Beam+1"],"campfire_rested":1,"item_purchase_floors":[11,22,22],"current_hp_per_floor":[64,64,64,64,64,64,63,63,63,40,40,36,36,29,29,12,56,38,38,19,19,19,40,32,32,32,20,0],"gold":171,"neow_bonus":"THREE_ENEMY_KILL","is_prod":false,"is_daily":false,"chose_seed":false,"campfire_upgraded":3,"win_rate":0,"timestamp":1541390196,"path_taken":["M","?","?","?","?","E","M","R","T","E","$","M","R","?","R","BOSS","M","?","?","?","?","R","E","R","T","M","M"],"build_version":"2018-11-02","purchased_purges":1,"victory":false,"max_hp_per_floor":[71,71,71,71,71,71,71,71,71,71,71,71,71,71,71,71,71,71,71,71,71,71,71,71,71,71,71,71],"card_choices":[{"not_picked":["Rebound","BootSequence"],"picked":"Sweeping Beam","floor":1.0},{"not_picked":["Stack","Turbo"],"picked":"Capacitor","floor":4.0},{"not_picked":["Redo","Leap"],"picked":"Conserve Battery","floor":6.0},{"not_picked":["Force Field","Storm"],"picked":"Cold Snap","floor":7.0},{"not_picked":["Darkness","Recycle"],"picked":"Hyperbeam","floor":10.0},{"not_picked":["Compile Driver","Rebound"],"picked":"Barrage","floor":12.0},{"not_picked":["Buffer","Reboot"],"picked":"Biased Cognition","floor":16.0},{"not_picked":["Rebound","Hologram"],"picked":"Ball Lightning","floor":18.0},{"not_picked":["Leap","Rebound"],"picked":"Static Discharge+1","floor":20.0},{"not_picked":["Storm","Consume"],"picked":"Rainbow","floor":24.0},{"not_picked":["Chaos","Turbo"],"picked":"Consume","floor":27}],"player_experience":1153480,"relics_obtained":[{"floor":6.0,"key":"Ice Cream"},{"floor":9.0,"key":"Shovel"},{"floor":15.0,"key":"Orichalcum"},{"floor":24.0,"key":"Regal Pillow"},{"floor":26.0,"key":"Ancient Tea Set"}],"event_choices":[{"damage_healed":0.0,"max_hp_gain":0.0,"max_hp_loss":0.0,"gold_gain":150.0,"event_name":"Liars Game","player_choice":"AGREE","floor":2.0,"gold_loss":0.0,"damage_taken":0.0,"cards_obtained":["Doubt"]},{"damage_healed":0.0,"max_hp_gain":0.0,"max_hp_loss":0.0,"gold_gain":0.0,"event_name":"Accursed Blacksmith","player_choice":"Rummage","floor":3.0,"gold_loss":0.0,"damage_taken":0.0,"relics_obtained":["WarpedTongs"],"cards_obtained":["Pain"]},{"cards_removed":["Pain"],"damage_healed":0.0,"max_hp_gain":0.0,"max_hp_loss":0.0,"gold_gain":0.0,"event_name":"The Cleric","player_choice":"Card Removal","floor":5.0,"gold_loss":75.0,"damage_taken":0.0},{"cards_removed":["Doubt"],"damage_healed":0.0,"max_hp_gain":0.0,"max_hp_loss":0.0,"gold_gain":0.0,"event_name":"Golden Wing","player_choice":"Card Removal","floor":14.0,"gold_loss":0.0,"damage_taken":7.0},{"damage_healed":0.0,"max_hp_gain":0.0,"max_hp_loss":0.0,"gold_gain":275.0,"event_name":"Golden Shrine","player_choice":"Desecrate","floor":19.0,"gold_loss":0.0,"damage_taken":0.0,"cards_obtained":["Regret"]},{"damage_healed":0.0,"max_hp_gain":0.0,"max_hp_loss":0.0,"gold_gain":100.0,"event_name":"The Joust","player_choice":"Bet on Murderer","floor":21.0,"gold_loss":50.0,"damage_taken":0.0}],"is_beta":true,"boss_relics":[{"not_picked":["Busted Crown","Astrolabe"],"picked":"Sozu"}],"items_purged_floors":[22],"is_endless":false,"potions_floor_spawned":[4,10,18,24],"killed_by":"Centurion and Healer","ascension_level":20}