{"gold_per_floor":[111,186,202,60,77,133,133,163,190,200,212,212,3,15,15,112,162,172,95,20,0,11,11,11],"floor_reached":24,"playtime":631,"items_purged":[],"score":278,"play_id":"64f25c23-0c92-4c7d-9b12-79f1f58f37f4","local_time":"20180806213147","is_ascension_mode":true,"campfire_choices":[{"floor":7,"key":"REST"},{"floor":12,"key":"REST"},{"floor":15,"key":"REST"},{"floor":23,"key":"REST"}],"neow_cost":"NONE","seed_source_timestamp":1829807680790455,"circlet_count":0,"master_deck":["Strike_B","Strike_B","Strike_B","Defend_B","Defend_B","Defend_B","Defend_B+1","Zap","Dualcast","Darkness","Loop","Hologram","Defragment","Ball Lightning","Skim","Rebound","Sweeping Beam","Double Energy","Tempest","Steam","Machine Learning","Undo","Redo","J.A.X.","Stack","Conserve Battery+1"],"relics":["Cracked Core","NeowsBlessing","Tiny Chest","DataDisk","Bronze Scales","Sling","Tiny House"],"potions_floor_usage":[6,8,21],"damage_taken":[{"damage":0,"enemies":"Small Slimes","floor":1,"turns":1},{"damage":0,"enemies":"Cultist","floor":3,"turns":1},{"damage":0,"enemies":"2 Louse","floor":5,"turns":1},{"damage":35,"enemies":"Lagavulin","floor":6,"turns":4},{"damage":10,"enemies":"Gremlin Nob","floor":8,"turns":3},{"damage":8,"enemies":"2 Fungi Beasts","floor":10,"turns":3},{"damage":5,"enemies":"3 Louse","floor":11,"turns":3},{"damage":11,"enemies":"Blue Slaver","floor":14,"turns":4},{"damage":6,"enemies":"Slime Boss","floor":16,"turns":6},{"damage":16,"enemies":"Spheric Guardian","floor":18,"turns":4},{"damage":19,"enemies":"2 Thieves","floor":21,"turns":4},{"damage":26,"enemies":"Centurion and Healer","floor":22,"turns":7},{"damage":37,"enemies":"Slaver and Parasite","floor":24,"turns":3}],"seed_played":"-3134125949744529432","potions_obtained":[{"floor":3,"key":"Swift Potion"},{"floor":5,"key":"SkillPotion"},{"floor":11,"key":"Block Potion"},{"floor":16,"key":"Dexterity Potion"},{"floor":17,"key":"Poison Potion"}],"is_trial":false,"path_per_floor":["M","?","M","$","M","E","R","E","T","M","M","R","$","M","R","B",null,"M","?","?","M","M","R"],"character_chosen":"DEFECT","items_purchased":["Hologram","Defragment","Ball Lightning","Sling"],"campfire_rested":4,"item_purchase_floors":[4,4,4,13],"current_hp_per_floor":[68,57,57,57,57,22,44,34,34,26,21,43,43,32,54,48,73,57,57,57,38,12,36,0],"gold":11,"neow_bonus":"THREE_ENEMY_KILL","is_prod":false,"is_daily":false,"chose_seed":false,"campfire_upgraded":0,"win_rate":0,"timestamp":1533583907,"path_taken":["M","?","?","$","M","E","R","E","T","M","?","R","$","M","R","BOSS","M","?","?","M","?","R","M"],"build_version":"2018-08-02","purchased_purges":0,"victory":false,"max_hp_per_floor":[75,75,75,75,75,75,75,75,75,75,75,75,75,75,75,75,80,80,80,80,80,80,80,80],"card_choices":[{"not_picked":["Leap","Redo"],"picked":"Darkness","floor":1},{"not_picked":["Compile Driver","Ball Lightning"],"picked":"Loop","floor":3},{"not_picked":["Beam Cell","All For One"],"picked":"Skim","floor":5},{"not_picked":["Reprogram","Rip and Tear"],"picked":"Rebound","floor":6},{"not_picked":["Gash","Rebound"],"picked":"Sweeping Beam","floor":8},{"not_picked":["Redo","Rebound"],"picked":"Double Energy","floor":10},{"not_picked":["Force Field","Ball Lightning"],"picked":"Tempest","floor":11},{"not_picked":["Hello World","Skim"],"picked":"Steam","floor":14},{"not_picked":["Multi-Cast","Hyperbeam"],"picked":"Machine Learning","floor":16},{"not_picked":["Melter","Barrage"],"picked":"Undo","floor":17},{"not_picked":["Gash","Compile Driver"],"picked":"Redo","floor":18},{"not_picked":["Skim","Beam Cell+1"],"picked":"Stack","floor":21},{"not_picked":["BootSequence+1","Leap"],"picked":"Conserve Battery+1","floor":22}],"player_experience":869034,"relics_obtained":[{"floor":6,"key":"Tiny Chest"},{"floor":8,"key":"DataDisk"},{"floor":9,"key":"Bronze Scales"}],"event_choices":[{"event_name":"World of Goop","player_choice":"Gather Gold","floor":2,"damage_taken":0},{"event_name":"Drug Dealer","player_choice":"Got JAXXED","floor":19,"damage_taken":0},{"event_name":"Beggar","player_choice":"Gave Gold","floor":20,"damage_taken":0}],"is_beta":false,"boss_relics":[{"not_picked":["Coffee Dripper","Philosopher\u0027s Stone"],"picked":"Tiny House"}],"items_purged_floors":[],"is_endless":false,"potions_floor_spawned":[3,5,11,16],"killed_by":"Slaver and Parasite","ascension_level":7}