{"gold_per_floor":[114,127,144,158,158,158,178,208,208,208,208,219,237,42,42,42],"floor_reached":16,"playtime":3062,"items_purged":[],"score":104,"play_id":"5d5ac736-398d-482d-8ced-010ce19a4d8c","local_time":"20190213010302","is_ascension_mode":false,"campfire_choices":[{"data":"Outmaneuver","floor":6,"key":"SMITH"},{"floor":10,"key":"REST"},{"floor":15,"key":"REST"}],"neow_cost":"NONE","seed_source_timestamp":1830682026980127,"circlet_count":0,"master_deck":["Defend_G","Defend_G","Defend_G","Defend_G","Defend_G","Strike_G","Strike_G","Strike_G","Strike_G","Survivor","Neutralize","Outmaneuver+1","Heel Hook","Blur","Eviscerate","Skewer","Terror","Acrobatics","Blade Dance","Slice","Blade Dance"],"relics":["Ring of the Snake","NeowsBlessing","Orichalcum","Unceasing Top"],"potions_floor_usage":[13,13,13,16,16,16],"damage_taken":[{"damage":0,"enemies":"Cultist","floor":1,"turns":1},{"damage":0,"enemies":"Jaw Worm","floor":2,"turns":1},{"damage":0,"enemies":"2 Louse","floor":3,"turns":1},{"damage":2,"enemies":"Gremlin Gang","floor":4,"turns":9},{"damage":0,"enemies":"Looter","floor":7,"turns":4},{"damage":65,"enemies":"Lagavulin","floor":8,"turns":15},{"damage":20,"enemies":"Exordium Wildlife","floor":12,"turns":8},{"damage":0,"enemies":"3 Louse","floor":13,"turns":5},{"damage":40,"enemies":"Slime Boss","floor":16,"turns":6}],"seed_played":"-2534509138018258562","potions_obtained":[{"floor":1,"key":"EssenceOfSteel"},{"floor":3,"key":"SneckoOil"},{"floor":8,"key":"Poison Potion"},{"floor":13,"key":"GamblersBrew"}],"is_trial":false,"path_per_floor":["M","M","M","M","?","R","M","E","T","R","?","M","M","$","R","B"],"character_chosen":"THE_SILENT","items_purchased":["Regen Potion","Poison Potion","Slice","Blade Dance"],"campfire_rested":2,"item_purchase_floors":[14,14,14,14],"current_hp_per_floor":[70,70,70,68,68,68,68,3,3,24,24,4,4,4,25,0],"gold":42,"neow_bonus":"THREE_ENEMY_KILL","is_prod":false,"is_daily":false,"chose_seed":false,"campfire_upgraded":1,"win_rate":0.0,"timestamp":1549987382,"path_taken":["M","M","M","M","?","R","M","E","T","R","?","?","M","$","R","BOSS"],"build_version":"2019-01-23","purchased_purges":0,"victory":false,"max_hp_per_floor":[70,70,70,70,70,70,70,70,70,70,70,70,70,70,70,70],"card_choices":[{"not_picked":["Sucker Punch","Reflex"],"picked":"Outmaneuver","floor":1},{"not_picked":["Expertise","PiercingWail"],"picked":"Heel Hook","floor":2},{"not_picked":["Finisher","Flying Knee"],"picked":"Blur","floor":3},{"not_picked":["Heel Hook","Flechettes"],"picked":"Eviscerate","floor":4},{"not_picked":["Backflip","Underhanded Strike"],"picked":"Skewer","floor":7},{"not_picked":["Bouncing Flask","Backflip"],"picked":"Terror","floor":8},{"not_picked":["Prepared","Dagger Spray"],"picked":"Acrobatics","floor":12},{"not_picked":["Quick Slash","Outmaneuver"],"picked":"Blade Dance","floor":13}],"player_experience":17061,"relics_obtained":[{"floor":8,"key":"Orichalcum"},{"floor":9,"key":"Unceasing Top"}],"event_choices":[{"damage_healed":0,"gold_gain":0,"player_choice":"Ignored","damage_taken":0,"max_hp_gain":0,"max_hp_loss":0,"event_name":"Golden Wing","floor":5,"gold_loss":0},{"cards_removed":["Strike_G"],"damage_healed":0,"gold_gain":0,"player_choice":"Offered Basic","damage_taken":0,"max_hp_gain":0,"max_hp_loss":0,"event_name":"Bonfire Elementals","floor":11,"gold_loss":0}],"is_beta":false,"boss_relics":[],"items_purged_floors":[],"is_endless":false,"potions_floor_spawned":[1,3,8,13],"killed_by":"Slime Boss","ascension_level":0}