{"gold_per_floor":[117,132,150,168,183,183,199,234,234,234,267,295,295,325,325,325],"floor_reached":16,"playtime":614,"items_purged":[],"score":213,"play_id":"925f0931-f010-430a-aa50-46297bd546f8","local_time":"20180822130916","is_ascension_mode":true,"campfire_choices":[{"data":"Armaments","floor":6,"key":"SMITH"},{"data":"Flex","floor":10,"key":"SMITH"},{"data":"Infernal Blade","floor":13,"key":"SMITH"},{"data":"Bash","floor":15,"key":"SMITH"}],"neow_cost":"NONE","seed_source_timestamp":69620676543679,"circlet_count":0,"master_deck":["Strike_R","Strike_R","Strike_R","Strike_R","Strike_R","Defend_R","Defend_R","Defend_R","Defend_R","Bash+1","Flex+1","Sword Boomerang","Armaments+1","Sword Boomerang","Wild Strike","Wild Strike","Carnage","Infernal Blade+1","True Grit","Shrug It Off"],"relics":["Burning Blood","Pen Nib","Sundial","Bottled Lightning","Bag of Preparation","Odd Mushroom","Dodecahedron"],"potions_floor_usage":[8,14,16],"damage_taken":[{"damage":7,"enemies":"2 Louse","floor":1,"turns":4},{"damage":2,"enemies":"Jaw Worm","floor":2,"turns":3},{"damage":0,"enemies":"Cultist","floor":3,"turns":3},{"damage":6,"enemies":"Blue Slaver","floor":4,"turns":4},{"damage":1,"enemies":"2 Fungi Beasts","floor":5,"turns":4},{"damage":9,"enemies":"3 Louse","floor":7,"turns":4},{"damage":16,"enemies":"Gremlin Nob","floor":8,"turns":3},{"damage":30,"enemies":"Lagavulin","floor":11,"turns":5},{"damage":9,"floor":12,"turns":3},{"damage":0,"enemies":"Gremlin Nob","floor":14,"turns":3},{"damage":73,"enemies":"The Guardian","floor":16,"turns":11}],"seed_played":"-3120484499386041044","potions_obtained":[{"floor":3,"key":"SteroidPotion"},{"floor":4,"key":"GamblersBrew"},{"floor":12,"key":"AttackPotion"}],"is_trial":false,"path_per_floor":["M","M","M","M","M","R","M","E","T","R","E","?","R","E","R"],"character_chosen":"IRONCLAD","items_purchased":[],"campfire_rested":0,"item_purchase_floors":[],"current_hp_per_floor":[71,75,80,80,80,80,77,67,67,67,43,40,40,46,46,0],"gold":325,"neow_bonus":"RANDOM_COMMON_RELIC","is_prod":false,"is_daily":false,"chose_seed":false,"campfire_upgraded":4,"win_rate":0,"timestamp":1534936156,"path_taken":["M","M","M","M","M","R","M","E","T","R","E","?","R","E","R","BOSS"],"build_version":"2018-08-16","purchased_purges":0,"victory":false,"max_hp_per_floor":[80,80,80,80,80,80,80,80,80,80,80,80,80,80,80,80],"card_choices":[{"not_picked":["True Grit","Uppercut"],"picked":"Flex","floor":1},{"not_picked":["Perfected Strike","Uppercut"],"picked":"Sword Boomerang","floor":2},{"not_picked":["Thunderclap","Entrench"],"picked":"Armaments","floor":3},{"not_picked":["Warcry","Clothesline"],"picked":"Sword Boomerang","floor":4},{"not_picked":["Sever Soul","Demon Form"],"picked":"Wild Strike","floor":5},{"not_picked":["Anger","Reckless Charge"],"picked":"Wild Strike","floor":7},{"not_picked":["Havoc","Twin Strike"],"picked":"Carnage","floor":8},{"not_picked":["Clothesline","Clash"],"picked":"Infernal Blade","floor":11},{"not_picked":["Heavy Blade","Havoc"],"picked":"True Grit","floor":12},{"not_picked":["Bloodletting","Dual Wield"],"picked":"Shrug It Off","floor":14}],"player_experience":917416,"relics_obtained":[{"floor":8,"key":"Sundial"},{"floor":9,"key":"Bottled Lightning"},{"floor":11,"key":"Bag of Preparation"},{"floor":12,"key":"Odd Mushroom"},{"floor":14,"key":"Dodecahedron"}],"event_choices":[{"event_name":"Mushrooms","player_choice":"Fought Mushrooms","floor":12,"damage_taken":0}],"is_beta":false,"boss_relics":[],"items_purged_floors":[],"is_endless":false,"potions_floor_spawned":[3,4,12],"killed_by":"The Guardian","ascension_level":9}