{"gold_per_floor":[109,59,74,86,86,86,118,118,118,129,129],"floor_reached":11,"playtime":894,"items_purged":[],"score":91,"play_id":"5c5985e1-ce43-4ae8-9723-2e1e0d0aeac2","local_time":"20181228235013","is_ascension_mode":true,"campfire_choices":[{"data":"Survivor","floor":6,"key":"SMITH"},{"data":"Dodge and Roll","floor":8,"key":"SMITH"}],"neow_cost":"NONE","seed_source_timestamp":273730885243560,"circlet_count":0,"master_deck":["Defend_G","Defend_G","Defend_G","Defend_G","Strike_G","Strike_G","Strike_G","Strike_G","Strike_G","Survivor+1","Neutralize","Flying Knee","Underhanded Strike","Underhanded Strike","Dodge and Roll+1","Deflect"],"special_seed":0,"relics":["Black Star","Letter Opener","Oddly Smooth Stone","Question Card"],"potions_floor_usage":[],"damage_taken":[{"damage":5.0,"enemies":"Small Slimes","floor":1.0,"turns":7.0},{"damage":2.0,"enemies":"Jaw Worm","floor":3.0,"turns":4.0},{"damage":5,"enemies":"2 Louse","floor":4,"turns":3},{"damage":44,"enemies":"3 Sentries","floor":7,"turns":11},{"damage":5,"enemies":"Red Slaver","floor":10,"turns":6},{"damage":17,"enemies":"Lagavulin","floor":11,"turns":5}],"seed_played":"544988295468462194","potions_obtained":[{"floor":3.0,"key":"SneckoOil"},{"floor":7,"key":"GamblersBrew"}],"is_trial":false,"path_per_floor":["M","?","M","M","?","R","E","R","T","M","E"],"character_chosen":"THE_SILENT","items_purchased":[],"campfire_rested":0,"item_purchase_floors":[],"current_hp_per_floor":[65,65,63,58,58,58,14,14,14,9,0],"gold":129,"neow_bonus":"BOSS_RELIC","is_prod":false,"is_daily":false,"chose_seed":false,"campfire_upgraded":2,"win_rate":0,"timestamp":1546008613,"path_taken":["M","?","M","M","?","R","E","R","T","M","E"],"build_version":"2018-12-20","purchased_purges":0,"victory":false,"max_hp_per_floor":[70,70,70,70,70,70,70,70,70,70,70],"card_choices":[{"not_picked":["Quick Slash","Poisoned Stab"],"picked":"Flying Knee","floor":1.0},{"not_picked":["Setup","Concentrate"],"picked":"Underhanded Strike","floor":3.0},{"not_picked":["Dagger Spray","Sucker Punch"],"picked":"Underhanded Strike","floor":4},{"not_picked":["Bane","Poisoned Stab"],"picked":"Dodge and Roll","floor":7},{"not_picked":["PiercingWail","Heel Hook","Terror"],"picked":"Deflect","floor":10}],"player_experience":241753,"relics_obtained":[{"floor":7,"key":"Letter Opener"},{"floor":7,"key":"Oddly Smooth Stone"},{"floor":9,"key":"Question Card"}],"event_choices":[{"cards_removed":["Defend_G"],"damage_healed":0.0,"max_hp_gain":0.0,"max_hp_loss":0.0,"gold_gain":0.0,"event_name":"The Cleric","player_choice":"Card Removal","floor":2.0,"gold_loss":50.0,"damage_taken":0.0},{"damage_healed":0,"gold_gain":0,"player_choice":"Ignored","damage_taken":0,"max_hp_gain":0,"max_hp_loss":0,"event_name":"Liars Game","floor":5,"gold_loss":0}],"is_beta":false,"boss_relics":[],"items_purged_floors":[],"is_endless":false,"potions_floor_spawned":[3,7],"killed_by":"Lagavulin","ascension_level":5}