{"gold_per_floor":[114,126,201,376,175,206,206,238,261,261,287,306,321,338,338,338],"floor_reached":16,"playtime":5101,"items_purged":["Doubt"],"score":232,"play_id":"14d18e39-e21d-4fc4-ad12-f5078a702ec0","local_time":"20190129034219","is_ascension_mode":true,"campfire_choices":[{"data":"Crippling Poison","floor":7,"key":"SMITH"},{"floor":10,"key":"REST"},{"floor":15,"key":"REST"}],"neow_cost":"NONE","seed_source_timestamp":220952364019748,"circlet_count":0,"master_deck":["AscendersBane","Defend_G","Defend_G","Defend_G","Defend_G","Defend_G","Strike_G","Strike_G","Strike_G","Strike_G","Strike_G","Survivor","Neutralize","Dash","Crippling Poison+1","Noxious Fumes","Footwork","Poisoned Stab","Prepared","PiercingWail","Dodge and Roll","Malaise"],"relics":["Ring of the Snake","NeowsBlessing","Omamori","Ornamental Fan","Pen Nib","Mango"],"potions_floor_usage":[8,11],"damage_taken":[{"damage":0,"enemies":"Cultist","floor":1,"turns":1},{"damage":0,"enemies":"Small Slimes","floor":2,"turns":1},{"damage":0,"enemies":"Gremlin Nob","floor":6,"turns":1},{"damage":27,"enemies":"3 Sentries","floor":8,"turns":6},{"damage":22,"enemies":"Gremlin Nob","floor":11,"turns":5},{"damage":0,"enemies":"2 Louse","floor":12,"turns":3},{"damage":0,"enemies":"Looter","floor":13,"turns":4},{"damage":1,"enemies":"2 Fungi Beasts","floor":14,"turns":4},{"damage":0,"enemies":"Slime Boss","floor":16,"turns":3}],"seed_played":"-1010485139280386443","potions_obtained":[{"floor":1,"key":"PowerPotion"},{"floor":11,"key":"SneckoOil"},{"floor":13,"key":"SteroidPotion"}],"is_trial":false,"path_per_floor":["M","M","?","?","$","E","R","E","T","R","E","M","M","M","R","B"],"character_chosen":"THE_SILENT","items_purchased":["Noxious Fumes","FearPotion"],"campfire_rested":2,"item_purchase_floors":[5,5],"current_hp_per_floor":[63,63,52,52,52,52,52,25,25,46,38,38,38,37,62,62],"gold":338,"neow_bonus":"THREE_ENEMY_KILL","is_prod":false,"is_daily":false,"chose_seed":false,"campfire_upgraded":1,"win_rate":0,"timestamp":1548729739,"path_taken":["M","?","?","?","$","E","R","E","T","R","E","M","M","M","R","BOSS"],"build_version":"2019-01-23","purchased_purges":1,"victory":false,"max_hp_per_floor":[70,70,70,70,70,70,70,70,70,70,84,84,84,84,84,84],"card_choices":[{"not_picked":["Catalyst","Blur"],"picked":"Dash","floor":1},{"not_picked":["Deflect","Catalyst"],"picked":"Crippling Poison","floor":2},{"not_picked":["Escape Plan","Dash"],"picked":"Footwork","floor":6},{"not_picked":["Blade Dance","Acrobatics"],"picked":"Poisoned Stab","floor":8},{"not_picked":["Acrobatics","Underhanded Strike"],"picked":"Prepared","floor":11},{"not_picked":["Dagger Spray","Crippling Poison"],"picked":"PiercingWail","floor":12},{"not_picked":["Flying Knee","Deadly Poison"],"picked":"Dodge and Roll","floor":13},{"not_picked":["Prepared","Deflect"],"picked":"Malaise","floor":14}],"player_experience":2078146,"relics_obtained":[{"floor":6,"key":"Omamori"},{"floor":8,"key":"Ornamental Fan"},{"floor":9,"key":"Pen Nib"},{"floor":11,"key":"Mango"}],"event_choices":[{"damage_healed":0,"gold_gain":75,"player_choice":"Gather Gold","damage_taken":11,"max_hp_gain":0,"max_hp_loss":0,"event_name":"World of Goop","floor":3,"gold_loss":0},{"damage_healed":0,"gold_gain":175,"player_choice":"AGREE","damage_taken":0,"max_hp_gain":0,"max_hp_loss":0,"event_name":"Liars Game","floor":4,"gold_loss":0,"cards_obtained":["Doubt"]}],"is_beta":false,"boss_relics":[],"items_purged_floors":[5],"is_endless":false,"potions_floor_spawned":[1,6,11,13,14],"killed_by":"Slime Boss","ascension_level":12}