{"path_per_floor":["M","M","?","M","$","R","M","E","T","$","E","?","E","?","R","B",null,"M","?","M","$","M","R","M","M","T"],"character_chosen":"THE_SILENT","items_purchased":["Noxious Fumes","Energy Potion","AttackPotion","Noxious Fumes","Cloak And Dagger"],"gold_per_floor":[116,133,83,95,57,57,72,104,104,3,38,38,63,138,138,235,235,247,247,267,61,78,78,98,115,115,115],"floor_reached":27,"campfire_rested":1,"playtime":1393,"current_hp_per_floor":[70,70,70,70,70,70,70,63,63,63,55,48,58,47,47,61,68,55,55,44,44,11,32,10,2,2,2],"items_purged":["Strike_G"],"gold":115,"score":291,"play_id":"9fbe607d-4a3e-4631-9f17-628d5d666999","local_time":"20180517130625","is_prod":false,"is_daily":false,"chose_seed":false,"is_ascension_mode":true,"campfire_upgraded":2,"timestamp":1526555185,"path_taken":["M","M","?","M","?","R","M","E","T","$","E","?","E","?","R","BOSS","M","?","M","?","M","R","M","?","T","E"],"build_version":"2018-05-10","seed_source_timestamp":272130696951544,"purchased_purges":1,"victory":false,"master_deck":["Defend_G","Defend_G","Defend_G","Defend_G","Strike_G","Strike_G","Survivor","Neutralize","Adrenaline","Cloak And Dagger","Well Laid Plans","Endless Agony+1","Noxious Fumes","Footwork","Caltrops","Envenom+1","Blur+1","Envenom+1","Poisoned Stab","Dagger Spray","Calculated Gamble","Cloak And Dagger","Bane","Sucker Punch","Infinite Blades+1","Noxious Fumes+1","Cloak And Dagger","PiercingWail+1","Burst","Escape Plan"],"max_hp_per_floor":[70,70,70,70,70,70,70,70,70,70,70,70,70,70,70,70,70,70,70,70,70,70,70,70,70,70,70],"relics":["Ring of the Snake","Mummified Hand","Pantograph","Frozen Egg 2","Calipers","Orrery","Girya"],"card_choices":[{"not_picked":["Malaise","Acrobatics"],"picked":"Cloak And Dagger","floor":1},{"not_picked":["Outmaneuver","Deflect"],"picked":"Well Laid Plans","floor":2},{"not_picked":["Distraction","Flying Knee"],"picked":"Endless Agony","floor":4},{"not_picked":["Sucker Punch","After Image"],"picked":"Footwork","floor":7},{"not_picked":["Endless Agony","Eviscerate"],"picked":"Caltrops","floor":8},{"not_picked":["Infinite Blades","Flying Knee"],"picked":"Envenom","floor":11},{"not_picked":["Reflex","Well Laid Plans"],"picked":"Blur","floor":13},{"not_picked":["Storm of Steel","Grand Finale"],"picked":"Envenom","floor":16},{"not_picked":["Slice","Acrobatics"],"picked":"Poisoned Stab","floor":17},{"not_picked":["Quick Slash","Sucker Punch"],"picked":"Dagger Spray","floor":17},{"not_picked":["Dagger Spray","Cloak And Dagger"],"picked":"Calculated Gamble","floor":17},{"not_picked":["Flying Knee","Malaise"],"picked":"Cloak And Dagger","floor":17},{"not_picked":["Dagger Throw","Flechettes"],"picked":"Bane","floor":17},{"not_picked":["Underhanded Strike","Flechettes"],"picked":"Sucker Punch","floor":18},{"not_picked":["Masterful Stab","Acrobatics"],"picked":"Infinite Blades","floor":20},{"not_picked":["Skewer","Riddle With Holes"],"picked":"PiercingWail","floor":22},{"not_picked":["Dagger Throw","Riddle With Holes"],"picked":"Burst","floor":24},{"not_picked":["Prepared","Poisoned Stab"],"picked":"Escape Plan","floor":25}],"player_experience":479988,"potions_floor_usage":[8,11,13,16,22,22,24],"damage_taken":[{"damage":0,"enemies":"2 Louse","floor":1,"turns":2},{"damage":0,"enemies":"Jaw Worm","floor":2,"turns":5},{"damage":0,"enemies":"Cultist","floor":4,"turns":4},{"damage":0,"enemies":"Large Slime","floor":7,"turns":4},{"damage":7,"enemies":"3 Sentries","floor":8,"turns":8},{"damage":8,"enemies":"Lagavulin","floor":11,"turns":8},{"damage":5,"enemies":"3 Sentries","floor":13,"turns":7},{"damage":9,"enemies":"The Guardian","floor":16,"turns":10},{"damage":13,"enemies":"3 Byrds","floor":18,"turns":4},{"damage":11,"enemies":"Shell Parasite","floor":20,"turns":5},{"damage":33,"enemies":"Cultist and Chosen","floor":22,"turns":6},{"damage":22,"enemies":"Centurion and Healer","floor":24,"turns":5},{"damage":8,"enemies":"Slaver and Parasite","floor":25,"turns":7},{"damage":0,"enemies":"Slavers","floor":27,"turns":1}],"event_choices":[{"event_name":"The Cleric","player_choice":"Card Removal","floor":3,"damage_taken":0},{"event_name":"Golden Wing","player_choice":"Card Removal","floor":12,"damage_taken":0},{"event_name":"World of Goop","player_choice":"Gather Gold","floor":14,"damage_taken":0},{"event_name":"Ghosts","player_choice":"Ignored","floor":19,"damage_taken":0}],"boss_relics":[{"not_picked":["Calling Bell","Philosopher\u0027s Stone"],"picked":"Orrery"}],"potions_floor_spawned":[1,7,11,16,18,22],"seed_played":"3615663981449749251","killed_by":"Slavers","ascension_level":5,"is_trial":false}