{"gold_per_floor":[109,184,184,184,359,359,387,169,169,184,199,229,229,241,241,241],"floor_reached":16,"playtime":362,"items_purged":["Doubt"],"score":177,"play_id":"ccc309d6-3302-4ea7-9036-271509c8d1c1","local_time":"20190116185850","is_ascension_mode":true,"campfire_choices":[{"data":"Rampage","floor":6,"key":"SMITH"},{"floor":13,"key":"REST"},{"data":"Infernal Blade","floor":15,"key":"SMITH"}],"neow_cost":"CURSE","seed_source_timestamp":578968737547747,"circlet_count":0,"master_deck":["AscendersBane","Strike_R+1","Strike_R","Strike_R","Strike_R","Strike_R","Defend_R","Defend_R","Defend_R","Defend_R","Bash+1","Rampage+1","Flame Barrier","Dropkick","Power Through","Infernal Blade+1","True Grit","Uppercut"],"relics":["Burning Blood","Dream Catcher","Odd Mushroom","Whetstone","Strawberry","Omamori"],"potions_floor_usage":[12,16,16],"damage_taken":[{"damage":4,"enemies":"Small Slimes","floor":1,"turns":4},{"damage":43,"enemies":"The Mushroom Lair","floor":7,"turns":5},{"damage":11,"enemies":"Jaw Worm","floor":10,"turns":4},{"damage":0,"enemies":"2 Louse","floor":11,"turns":3},{"damage":21,"enemies":"Gremlin Nob","floor":12,"turns":4},{"damage":6,"enemies":"Looter","floor":14,"turns":4},{"damage":46,"enemies":"Hexaghost","floor":16,"turns":11}],"seed_played":"5969536119149775435","potions_obtained":[{"floor":1,"key":"Dexterity Potion"},{"floor":7,"key":"GamblersBrew"},{"floor":10,"key":"Fire Potion"},{"floor":14,"key":"Block Potion"}],"is_trial":false,"path_per_floor":["M","?","?","?","?","R","?","$","T","M","M","E","R","M","R","B"],"character_chosen":"IRONCLAD","items_purchased":["Whetstone"],"campfire_rested":1,"item_purchase_floors":[8],"current_hp_per_floor":[90,79,72,60,60,60,23,23,30,25,31,16,46,46,46,0],"gold":241,"neow_bonus":"TWENTY_PERCENT_HP_BONUS","is_prod":false,"is_daily":false,"chose_seed":false,"campfire_upgraded":2,"win_rate":0,"timestamp":1547661530,"path_taken":["M","?","?","?","?","R","?","$","T","?","M","E","R","M","R","BOSS"],"build_version":"2019-01-10","purchased_purges":1,"victory":false,"max_hp_per_floor":[96,96,96,96,96,96,96,96,103,103,103,103,103,103,103,103],"card_choices":[{"not_picked":["Rage","Burning Pact"],"picked":"Rampage","floor":1},{"not_picked":["Blood for Blood","Iron Wave"],"picked":"Flame Barrier","floor":7},{"not_picked":["Wild Strike","Twin Strike"],"picked":"Dropkick","floor":10},{"not_picked":["Feel No Pain","Corruption"],"picked":"Power Through","floor":11},{"not_picked":["Rampage","Evolve"],"picked":"Infernal Blade","floor":12},{"not_picked":["Thunderclap","Perfected Strike"],"picked":"True Grit","floor":13},{"not_picked":["Bloodletting","True Grit"],"picked":"Uppercut","floor":14}],"player_experience":1948760,"relics_obtained":[{"floor":7,"key":"Odd Mushroom"},{"floor":9,"key":"Strawberry"},{"floor":12,"key":"Omamori"}],"event_choices":[{"damage_healed":0,"gold_gain":75,"player_choice":"Gather Gold","damage_taken":11,"max_hp_gain":0,"max_hp_loss":0,"event_name":"World of Goop","floor":2,"gold_loss":0},{"cards_removed":["Injury"],"damage_healed":0,"gold_gain":0,"player_choice":"Card Removal","damage_taken":7,"max_hp_gain":0,"max_hp_loss":0,"event_name":"Golden Wing","floor":3,"gold_loss":0},{"damage_healed":0,"gold_gain":0,"player_choice":"Success","damage_taken":12,"relics_obtained":["Dream Catcher"],"max_hp_gain":0,"max_hp_loss":0,"event_name":"Scrap Ooze","floor":4,"gold_loss":0},{"damage_healed":0,"gold_gain":175,"player_choice":"AGREE","damage_taken":0,"max_hp_gain":0,"max_hp_loss":0,"event_name":"Liars Game","floor":5,"gold_loss":0,"cards_obtained":["Doubt"]},{"damage_healed":0,"gold_gain":0,"player_choice":"Fought Mushrooms","damage_taken":0,"max_hp_gain":0,"max_hp_loss":0,"event_name":"Mushrooms","floor":7,"gold_loss":0}],"is_beta":false,"boss_relics":[],"items_purged_floors":[8],"is_endless":false,"potions_floor_spawned":[1,7,10,14],"killed_by":"Hexaghost","ascension_level":11}