{"gold_per_floor":[18,31,31,106,5,5,30,46,71,71,71,71,94,94,94,94],"floor_reached":16,"playtime":479,"items_purged":["Regret"],"score":192,"play_id":"e911da74-aea7-4e30-be9b-588799a45675","local_time":"20181211203525","is_ascension_mode":true,"campfire_choices":[{"data":"Mayhem","floor":6,"key":"SMITH"},{"floor":10,"key":"REST"},{"floor":12,"key":"REST"},{"data":"Neutralize","floor":15,"key":"SMITH"}],"neow_cost":"NO_GOLD","seed_source_timestamp":347159086479102,"circlet_count":0,"master_deck":["AscendersBane","Defend_G","Defend_G","Defend_G","Defend_G","Defend_G","Strike_G","Strike_G","Strike_G","Strike_G","Strike_G","Survivor","Neutralize+1","Mayhem+1","Panacea","Flechettes","Sucker Punch","Quick Slash","Calculated Gamble","Infinite Blades","Cloak And Dagger","Die Die Die"],"relics":["Ring of the Snake","Dream Catcher","The Specimen","Snake Skull","Centennial Puzzle","Omamori"],"potions_floor_usage":[16],"damage_taken":[{"damage":0,"enemies":"Cultist","floor":1,"turns":5},{"damage":7,"enemies":"Jaw Worm","floor":2,"turns":4},{"damage":31,"enemies":"Lagavulin","floor":7,"turns":9},{"damage":1,"enemies":"Small Slimes","floor":8,"turns":4},{"damage":48,"enemies":"Slime Boss","floor":16,"turns":13}],"seed_played":"-7217070089653864701","potions_obtained":[{"floor":1,"key":"SpeedPotion"},{"floor":7,"key":"Ancient Potion"}],"is_trial":false,"path_per_floor":["M","M","?","?","$","R","E","M","T","R","$","R","T","?","R","B"],"character_chosen":"THE_SILENT","items_purchased":["Quick Slash"],"campfire_rested":2,"item_purchase_floors":[5],"current_hp_per_floor":[59,52,52,41,41,41,10,9,9,28,28,47,47,47,47,0],"gold":94,"neow_bonus":"RANDOM_COLORLESS_2","is_prod":false,"is_daily":false,"chose_seed":false,"campfire_upgraded":2,"win_rate":0,"timestamp":1544578525,"path_taken":["M","M","?","?","?","R","E","M","T","R","$","R","?","?","R","BOSS"],"build_version":"2018-12-10","purchased_purges":1,"victory":false,"max_hp_per_floor":[66,66,66,66,66,66,66,66,66,66,66,66,66,66,66,66],"card_choices":[{"not_picked":["Concentrate","Acrobatics"],"picked":"Flechettes","floor":1},{"not_picked":["Underhanded Strike","Distraction"],"picked":"Sucker Punch","floor":2},{"not_picked":["Reflex","Sucker Punch"],"picked":"Calculated Gamble","floor":7},{"not_picked":["Bane","Backflip"],"picked":"Infinite Blades","floor":8},{"not_picked":["Distraction","Well Laid Plans"],"picked":"Cloak And Dagger","floor":10},{"not_picked":["Flying Knee","Dagger Throw"],"picked":"Die Die Die","floor":12}],"player_experience":1207125,"relics_obtained":[{"floor":7,"key":"The Specimen"},{"floor":9,"key":"Snake Skull"},{"floor":13,"key":"Centennial Puzzle"}],"event_choices":[{"damage_healed":0,"gold_gain":0,"player_choice":"Box","damage_taken":0,"relics_obtained":["Dream Catcher"],"max_hp_gain":0,"max_hp_loss":0,"event_name":"Big Fish","floor":3,"gold_loss":0,"cards_obtained":["Regret"]},{"damage_healed":0,"gold_gain":75,"player_choice":"Gather Gold","damage_taken":11,"max_hp_gain":0,"max_hp_loss":0,"event_name":"World of Goop","floor":4,"gold_loss":0},{"damage_healed":0,"gold_gain":0,"player_choice":"Searched \u00271\u0027 times","damage_taken":0,"relics_obtained":["Omamori"],"max_hp_gain":0,"max_hp_loss":0,"event_name":"Dead Adventurer","floor":14,"gold_loss":0}],"is_beta":true,"boss_relics":[],"items_purged_floors":[5],"is_endless":false,"potions_floor_spawned":[1,7],"killed_by":"Slime Boss","ascension_level":20}