{"gold_per_floor":[109,127,205,480,499,554,554,589,589,589],"floor_reached":10,"playtime":162,"items_purged":[],"score":122,"play_id":"94536a43-cd96-4f8b-aec6-213515222dd5","local_time":"20190121133902","is_ascension_mode":true,"campfire_choices":[{"floor":7,"key":"REST"}],"neow_cost":"NONE","seed_source_timestamp":991982339674378,"circlet_count":0,"master_deck":["AscendersBane","Defend_G","Defend_G","Defend_G","Defend_G","Defend_G","Strike_G","Strike_G","Strike_G","Strike_G","Strike_G","Survivor","Neutralize","Distraction","Dagger Throw","Regret","Predator","Underhanded Strike","Underhanded Strike"],"relics":["Ring of the Snake","NeowsBlessing","Ornamental Fan","Tiny Chest","Singing Bowl","Pear"],"potions_floor_usage":[6,6],"damage_taken":[{"damage":0,"enemies":"Cultist","floor":1,"turns":1},{"damage":0,"enemies":"2 Louse","floor":2,"turns":1},{"damage":0,"enemies":"Jaw Worm","floor":5,"turns":1},{"damage":30,"enemies":"Lagavulin","floor":6,"turns":4},{"damage":22,"enemies":"Gremlin Nob","floor":8,"turns":4},{"damage":19,"enemies":"Lagavulin","floor":10,"turns":4}],"seed_played":"5181158823680460861","potions_obtained":[{"floor":1,"key":"SteroidPotion"},{"floor":2,"key":"SkillPotion"},{"floor":5,"key":"SteroidPotion"}],"is_trial":false,"path_per_floor":["M","M","T","?","M","E","R","E","T","E"],"character_chosen":"THE_SILENT","items_purchased":[],"campfire_rested":1,"item_purchase_floors":[],"current_hp_per_floor":[63,63,63,63,63,33,54,32,42,23],"gold":589,"neow_bonus":"THREE_ENEMY_KILL","is_prod":false,"is_daily":false,"chose_seed":false,"campfire_upgraded":0,"win_rate":0,"timestamp":1548074342,"path_taken":["M","?","?","?","M","E","R","E","T","E"],"build_version":"2019-01-17v2","purchased_purges":0,"victory":false,"max_hp_per_floor":[70,70,70,70,70,70,70,70,80,80],"card_choices":[{"not_picked":["Backflip","Reflex"],"picked":"Distraction","floor":1},{"not_picked":["Quick Slash","Deflect"],"picked":"Dagger Throw","floor":2},{"not_picked":["Backflip","Flying Knee"],"picked":"Predator","floor":5},{"not_picked":["Cloak And Dagger","PiercingWail"],"picked":"Underhanded Strike","floor":6},{"not_picked":["Deflect","Acrobatics"],"picked":"Underhanded Strike","floor":8}],"player_experience":2011416,"relics_obtained":[{"floor":3,"key":"Ornamental Fan"},{"floor":6,"key":"Tiny Chest"},{"floor":8,"key":"Singing Bowl"},{"floor":9,"key":"Pear"}],"event_choices":[{"damage_healed":0,"gold_gain":275,"player_choice":"Desecrate","damage_taken":0,"max_hp_gain":0,"max_hp_loss":0,"event_name":"Golden Shrine","floor":4,"gold_loss":0,"cards_obtained":["Regret"]}],"is_beta":false,"boss_relics":[],"items_purged_floors":[],"is_endless":false,"potions_floor_spawned":[1,2,5],"killed_by":"Lagavulin","ascension_level":12}