{"gold_per_floor":[168,184,85,85,85,103,141,43,66,141,141,180,155,203,203,327,327,301,301,328,328,347,347],"floor_reached":23,"playtime":1145,"items_purged":["Regret"],"score":273,"play_id":"71e59fb2-7ad7-41bb-9263-1e075692ad59","local_time":"20180815145137","is_ascension_mode":true,"campfire_choices":[{"floor":11,"key":"REST"},{"data":"Zap","floor":15,"key":"SMITH"}],"neow_cost":"NONE","seed_source_timestamp":0,"circlet_count":0,"master_deck":["Zap+1","Dualcast","Glacier","Chaos","Conserve Battery","Cold Snap","Capacitor","Genetic Algorithm","Beam Cell","FTL","Chill","Steam","Hyperbeam","Redo","Conserve Battery","Heatsinks+1","Defragment+1","Chaos","Steam","Gash","Steam Power","Storm+1","Necronomicurse","Ball Lightning"],"special_seed":0,"relics":["Tiny House","Dream Catcher","Golden Idol","StoneCalendar","Anchor","Frozen Egg 2","Strawberry","Pandora\u0027s Box","Necronomicon","Vajra"],"potions_floor_usage":[7,7,7,23],"damage_taken":[{"damage":2,"enemies":"Cultist","floor":1,"turns":4},{"damage":1,"enemies":"Small Slimes","floor":2,"turns":4},{"damage":14,"enemies":"Jaw Worm","floor":6,"turns":4},{"damage":10,"enemies":"3 Sentries","floor":7,"turns":8},{"damage":7,"enemies":"Lagavulin","floor":12,"turns":8},{"damage":23,"enemies":"Hexaghost","floor":16,"turns":11},{"damage":0,"enemies":"2 Thieves","floor":18,"turns":5},{"damage":15,"enemies":"Shell Parasite","floor":22,"turns":6},{"damage":63,"enemies":"Book of Stabbing","floor":23,"turns":6}],"seed_played":"-6689145679240556306","potions_obtained":[{"floor":0.0,"key":"PowerPotion"},{"floor":1,"key":"PowerPotion"},{"floor":6,"key":"GamblersBrew"},{"floor":16,"key":"Swift Potion"},{"floor":18,"key":"Poison Potion"},{"floor":22,"key":"Strength Potion"}],"is_trial":false,"path_per_floor":["M","M","$","?","?","M","E","$","T","?","R","E","$","T","R","B",null,"M","?","T","?","M"],"character_chosen":"DEFECT","items_purchased":["Cold Snap","Capacitor","Beam Cell","Steam"],"campfire_rested":1,"item_purchase_floors":[3,3,8,13],"current_hp_per_floor":[71,70,70,70,70,56,46,46,46,35,57,50,50,57,57,34,69,69,53,53,58,43,0],"gold":347,"neow_bonus":"BOSS_RELIC","is_prod":false,"is_daily":false,"chose_seed":false,"campfire_upgraded":1,"win_rate":0,"timestamp":1534337497,"path_taken":["M","M","$","?","?","?","E","$","T","?","R","E","?","?","R","BOSS","M","?","?","?","M","E"],"build_version":"2018-08-09","purchased_purges":1,"victory":false,"max_hp_per_floor":[80,80,80,80,74,74,74,74,74,74,74,74,74,81,81,81,81,81,81,81,81,81,81],"card_choices":[{"not_picked":["Rebound","Redo"],"picked":"Glacier","floor":0.0},{"not_picked":["Doom and Gloom","Reprogram"],"picked":"Chaos","floor":1},{"not_picked":["Glacier","Beam Cell"],"picked":"Conserve Battery","floor":2},{"not_picked":["Capacitor","Scrape"],"picked":"Conserve Battery","floor":6},{"not_picked":["Scrape","Lockon"],"picked":"Genetic Algorithm","floor":7},{"not_picked":["Barrage","Heatsinks"],"picked":"FTL","floor":11},{"not_picked":["Reprogram","Steam Power"],"picked":"Chill","floor":12},{"not_picked":["Amplify","Meteor Strike"],"picked":"Hyperbeam","floor":16},{"not_picked":["Stack","Compile Driver+1"],"picked":"Storm+1","floor":18},{"not_picked":["Go for the Eyes","Stack"],"picked":"Ball Lightning","floor":22}],"player_experience":884790,"relics_obtained":[{"floor":7,"key":"StoneCalendar"},{"floor":9,"key":"Anchor"},{"floor":12,"key":"Frozen Egg 2"},{"floor":14,"key":"Strawberry"},{"floor":19,"key":"Necronomicon"},{"floor":20,"key":"Vajra"}],"event_choices":[{"event_name":"Big Fish","player_choice":"Box","floor":4,"damage_taken":0},{"event_name":"Golden Idol","player_choice":"Lose Max HP","floor":5,"damage_taken":0},{"event_name":"World of Goop","player_choice":"Gather Gold","floor":10,"damage_taken":0},{"event_name":"Cursed Tome","player_choice":"Obtained Book","floor":19,"damage_taken":0},{"event_name":"Bonfire Elementals","player_choice":"COMMON","floor":21,"damage_taken":0}],"is_beta":false,"boss_relics":[{"not_picked":["Inserter","Eternal Feather"],"picked":"Pandora\u0027s Box"}],"items_purged_floors":[8],"is_endless":false,"potions_floor_spawned":[1,6,16,18,22],"killed_by":"Book of Stabbing","ascension_level":8}