{"gold_per_floor":[109,109,170,220,285,312,362,77,102,130,42,57,107,142,142,142],"floor_reached":16,"playtime":530,"items_purged":["Strike_R"],"score":236,"play_id":"2491391d-5621-4565-a369-aef23e58f518","local_time":"20190204233016","is_ascension_mode":true,"campfire_choices":[{"data":"Uppercut","floor":15,"key":"SMITH"}],"neow_cost":"NONE","seed_source_timestamp":151714879243344,"circlet_count":0,"master_deck":["AscendersBane","Strike_R","Strike_R","Strike_R+1","Strike_R","Defend_R","Defend_R","Defend_R","Defend_R","Bash+1","Reckless Charge","Carnage","Battle Trance","Rampage","Whirlwind+1","Feel No Pain","Combust","Uppercut+1","Shockwave"],"relics":["Burning Blood","NeowsBlessing","SsserpentHead","Sundial","Blood Vial","Boot","Mercury Hourglass","Whetstone"],"potions_floor_usage":[6,6,10,16],"damage_taken":[{"damage":0,"enemies":"Cultist","floor":1,"turns":1},{"damage":0,"enemies":"Jaw Worm","floor":3,"turns":1},{"damage":0,"enemies":"Small Slimes","floor":5,"turns":1},{"damage":15,"enemies":"Lagavulin","floor":6,"turns":5},{"damage":8,"enemies":"Gremlin Nob","floor":10,"turns":3},{"damage":23,"enemies":"Exordium Thugs","floor":12,"turns":4},{"damage":36,"enemies":"3 Sentries","floor":14,"turns":6},{"damage":28,"enemies":"The Guardian","floor":16,"turns":9}],"seed_played":"5746735657836467075","potions_obtained":[{"floor":1,"key":"Poison Potion"},{"floor":3,"key":"Poison Potion"},{"floor":14,"key":"Block Potion"}],"is_trial":false,"path_per_floor":["M","?","M","?","M","E","T","$","T","E","$","M","T","E","R","B"],"character_chosen":"IRONCLAD","items_purchased":["Whirlwind","Feel No Pain","FearPotion","Combust"],"campfire_rested":0,"item_purchase_floors":[8,8,8,11],"current_hp_per_floor":[74,74,75,75,75,66,66,66,66,66,66,51,51,23,23,0],"gold":142,"neow_bonus":"THREE_ENEMY_KILL","is_prod":false,"is_daily":false,"chose_seed":false,"campfire_upgraded":1,"win_rate":0,"timestamp":1549341016,"path_taken":["M","?","?","?","?","E","?","$","T","E","$","M","?","E","R","BOSS"],"build_version":"2019-01-23","purchased_purges":1,"victory":false,"max_hp_per_floor":[75,75,75,75,75,75,75,75,75,75,75,75,75,75,75,75],"card_choices":[{"not_picked":["Havoc","Perfected Strike"],"picked":"Reckless Charge","floor":1},{"not_picked":["Feel No Pain","Clothesline"],"picked":"Carnage","floor":3},{"not_picked":["Clothesline","Wild Strike"],"picked":"Battle Trance","floor":5},{"not_picked":["Body Slam","Rupture"],"picked":"Rampage","floor":6},{"not_picked":["Bloodletting","Anger","Sword Boomerang"],"picked":"SKIP","floor":10},{"not_picked":["Havoc","Clash"],"picked":"Uppercut","floor":12},{"not_picked":["Iron Wave","Cleave"],"picked":"Shockwave","floor":14}],"player_experience":1126748,"relics_obtained":[{"floor":6,"key":"Sundial"},{"floor":9,"key":"Blood Vial"},{"floor":10,"key":"Boot"},{"floor":13,"key":"Mercury Hourglass"},{"floor":14,"key":"Whetstone"}],"event_choices":[{"damage_healed":0,"gold_gain":0,"player_choice":"Trade","damage_taken":0,"relics_obtained":["SsserpentHead"],"max_hp_gain":0,"max_hp_loss":0,"event_name":"FaceTrader","floor":2,"gold_loss":0},{"damage_healed":0,"gold_gain":0,"player_choice":"Upgraded","damage_taken":0,"max_hp_gain":0,"max_hp_loss":0,"event_name":"Upgrade Shrine","floor":4,"gold_loss":0,"cards_upgraded":["Bash"]}],"is_beta":false,"boss_relics":[],"items_purged_floors":[8],"is_endless":false,"potions_floor_spawned":[1,3,5,14],"killed_by":"The Guardian","ascension_level":20}