{"gold_per_floor":[118,134,154,174,185,185,199,214,214,229,264,282,307,307,307,407,407,427,427,303,303,303,314,346,346,346,377,377,404,416,428,440,551,563,586,620,14,14,34,67,67,100,124,136,136,170,190,209,209,209,209,209,10,37,37],"floor_reached":56,"playtime":2411,"items_purged":["Writhe","Strike_R"],"score":1139,"play_id":"f628e171-c01f-4589-bda7-59e80b44dd4e","local_time":"20181031144654","is_ascension_mode":false,"campfire_choices":[{"floor":6.0,"key":"RECALL"},{"floor":15.0,"key":"REST"},{"data":"Barricade","floor":25.0,"key":"SMITH"},{"floor":28.0,"key":"REST"},{"data":"Flame Barrier","floor":30.0,"key":"SMITH"},{"floor":32.0,"key":"REST"},{"data":"Mayhem","floor":41.0,"key":"SMITH"},{"data":"Pommel Strike","floor":49.0,"key":"SMITH"},{"data":"Sword Boomerang","floor":52.0,"key":"SMITH"}],"neow_cost":"NONE","seed_source_timestamp":38949655905383,"circlet_count":0,"master_deck":["Strike_R","Strike_R","Strike_R+1","Strike_R","Defend_R+1","Defend_R+1","Defend_R","Defend_R","Bash","Anger","Wild Strike","Spot Weakness","Pommel Strike+1","Flame Barrier+1","Whirlwind+1","Armaments+1","Infernal Blade+1","Entrench+1","Offering+1","Barricade+1","Warcry+1","Burning Pact+1","Power Through+1","Headbutt","Heavy Blade+1","RitualDagger","Limit Break+1","Havoc+1","Havoc+1","Sword Boomerang+1","Enlightenment+1","Double Tap+1","Shrug It Off+1","Havoc+1","Shrug It Off+1","Mayhem+1","Disarm+1","Shockwave+1","Inflame+1","Violence+1","Finesse+1","Blind+1","Evolve+1","Impervious+1"],"special_seed":0,"relics":["Burning Blood","Vajra","Toxic Egg 2","Unceasing Top","Juzu Bracelet","Orrery","Orichalcum","Ornamental Fan","Sundial","MawBank","Mark of Pain","Strawberry","PreservedInsect","Potion Belt","Champion Belt","Omamori","War Paint","Pocketwatch","Bag of Preparation","Bronze Scales"],"potions_floor_usage":[55,55,55],"damage_taken":[{"damage":5.0,"enemies":"2 Louse","floor":1.0,"turns":2.0},{"damage":6.0,"enemies":"Cultist","floor":2.0,"turns":3.0},{"damage":0.0,"enemies":"Small Slimes","floor":3.0,"turns":2.0},{"damage":12.0,"enemies":"3 Louse","floor":4.0,"turns":2.0},{"damage":15.0,"enemies":"Exordium Thugs","floor":5.0,"turns":4.0},{"damage":0.0,"enemies":"2 Fungi Beasts","floor":7.0,"turns":2.0},{"damage":7.0,"enemies":"Blue Slaver","floor":8.0,"turns":3.0},{"damage":13.0,"enemies":"Large Slime","floor":10.0,"turns":4.0},{"damage":19.0,"enemies":"Lagavulin","floor":11.0,"turns":5.0},{"damage":11.0,"enemies":"Exordium Wildlife","floor":12.0,"turns":3.0},{"damage":28.0,"enemies":"Gremlin Nob","floor":13.0,"turns":5.0},{"damage":19.0,"enemies":"Slime Boss","floor":16.0,"turns":6.0},{"damage":17.0,"enemies":"3 Byrds","floor":18.0,"turns":2.0},{"damage":4.0,"enemies":"2 Thieves","floor":23.0,"turns":4.0},{"damage":27.0,"enemies":"Slavers","floor":24.0,"turns":3.0},{"damage":28.0,"enemies":"Book of Stabbing","floor":27.0,"turns":4.0},{"damage":22.0,"enemies":"Slavers","floor":29.0,"turns":4.0},{"damage":18.0,"enemies":"Collector","floor":33.0,"turns":7.0},{"damage":0.0,"enemies":"Orb Walker","floor":35.0,"turns":1.0},{"damage":8.0,"enemies":"3 Shapes","floor":36.0,"turns":5.0},{"damage":10.0,"enemies":"Sphere and 2 Shapes","floor":39.0,"turns":3.0},{"damage":6.0,"enemies":"Nemesis","floor":40.0,"turns":1.0},{"damage":9.0,"enemies":"Giant Head","floor":42.0,"turns":6.0},{"damage":1.0,"enemies":"Maw","floor":44.0,"turns":5.0},{"damage":22.0,"enemies":"Nemesis","floor":46.0,"turns":7.0},{"damage":11.0,"enemies":"Spire Growth","floor":47.0,"turns":4.0},{"damage":6.0,"enemies":"Sphere and 2 Shapes","floor":48.0,"turns":3.0},{"damage":20.0,"enemies":"Time Eater","floor":50.0,"turns":8.0},{"damage":8.0,"enemies":"Shield and Spear","floor":54.0,"turns":3.0},{"damage":77,"enemies":"The Heart","floor":55,"turns":6}],"seed_played":"4583781880930777254","potions_obtained":[{"floor":3.0,"key":"EssenceOfSteel"},{"floor":4.0,"key":"LiquidBronze"},{"floor":5.0,"key":"AttackPotion"},{"floor":8.0,"key":"Strength Potion"},{"floor":11.0,"key":"Weak Potion"},{"floor":13.0,"key":"Energy Potion"},{"floor":22.0,"key":"GamblersBrew"},{"floor":22.0,"key":"GamblersBrew"},{"floor":24.0,"key":"Explosive Potion"},{"floor":33.0,"key":"Energy Potion"},{"floor":35.0,"key":"SteroidPotion"},{"floor":36.0,"key":"SteroidPotion"},{"floor":46.0,"key":"Block Potion"},{"floor":47.0,"key":"Block Potion"},{"floor":48.0,"key":"LiquidBronze"}],"is_trial":false,"path_per_floor":["M","M","M","M","M","R","M","M","T","M","E","M","E","?","R","B",null,"M","?","$","?","?","M","E","R","T","E","R","E","R","?","R","B",null,"M","M","M","$","?","M","E","R","E","T","M","?","E","M","M","R","B",null,"R","$","E","B",null],"character_chosen":"IRONCLAD","items_purchased":["AttackPotion","Shrug It Off+1","Mayhem","Strawberry","PreservedInsect","Bag of Preparation","Energy Potion"],"campfire_rested":3,"item_purchase_floors":[20,37,37,37,37,53,53],"current_hp_per_floor":[80,80,80,74,65,65,71,70,70,63,50,45,23,7,31,18,80,69,69,69,63,63,65,44,44,44,22,46,30,30,30,54,42,80,80,78,85,85,81,81,81,78,78,83,73,57,52,52,52,38,87,87,87,85,14],"gold":37,"neow_bonus":"RANDOM_COMMON_RELIC","is_prod":false,"is_daily":false,"chose_seed":false,"campfire_upgraded":5,"win_rate":0,"timestamp":1541011614,"path_taken":["M","M","M","M","M","R","M","M","T","M","E","M","E","?","R","BOSS","M","?","$","?","?","M","E","R","T","E","R","E","R","?","R","BOSS","M","M","$","?","M","E","R","E","T","M","?","E","M","M","R","BOSS","R","$","E","BOSS"],"build_version":"2018-10-30","purchased_purges":2,"victory":true,"max_hp_per_floor":[80,80,80,80,80,80,80,80,80,80,80,80,80,80,80,80,80,80,80,80,80,80,80,80,80,80,80,80,80,80,80,80,80,80,80,80,87,87,87,87,87,87,87,87,87,87,87,87,87,87,87,87,87,87,87],"card_choices":[{"not_picked":["Twin Strike","Wild Strike"],"picked":"Anger","floor":1.0},{"not_picked":["Body Slam","Evolve"],"picked":"Dropkick","floor":2.0},{"not_picked":["Juggernaut","Body Slam"],"picked":"Wild Strike","floor":3.0},{"not_picked":["Entrench","Twin Strike"],"picked":"Spot Weakness","floor":4.0},{"not_picked":["Heavy Blade","Twin Strike"],"picked":"Pommel Strike","floor":5.0},{"not_picked":["Body Slam","Clash"],"picked":"Flame Barrier","floor":7.0},{"not_picked":["Power Through","Warcry"],"picked":"Whirlwind","floor":8.0},{"not_picked":["Anger","Flex+1"],"picked":"Armaments+1","floor":10.0},{"not_picked":["Bloodletting+1","Iron Wave"],"picked":"Infernal Blade+1","floor":11.0},{"not_picked":["Twin Strike","Clothesline"],"picked":"Entrench+1","floor":12.0},{"not_picked":["Pommel Strike","Clash","Anger"],"picked":"SKIP","floor":13.0},{"not_picked":["Brutality","Bludgeon"],"picked":"Offering+1","floor":16.0},{"not_picked":["Warcry+1","Heavy Blade"],"picked":"Barricade","floor":17.0},{"not_picked":["Wild Strike","Headbutt"],"picked":"Warcry+1","floor":17.0},{"not_picked":["Dual Wield+1","Body Slam"],"picked":"Burning Pact+1","floor":17.0},{"not_picked":["Sword Boomerang","Corruption"],"picked":"Power Through+1","floor":17.0},{"not_picked":["Thunderclap","Pommel Strike"],"picked":"Headbutt","floor":17.0},{"not_picked":["Clothesline","Flex+1"],"picked":"Heavy Blade+1","floor":18.0},{"not_picked":["Flex+1","Clash"],"picked":"Limit Break+1","floor":23.0},{"not_picked":["Clothesline","Headbutt"],"picked":"Havoc+1","floor":24.0},{"not_picked":["Fire Breathing","Thunderclap","Cleave"],"picked":"SKIP","floor":27.0},{"not_picked":["Anger","Twin Strike"],"picked":"Havoc+1","floor":29.0},{"not_picked":["Dark Embrace","Juggernaut"],"picked":"Double Tap+1","floor":33.0},{"not_picked":["Power Through+1","True Grit+1"],"picked":"Shrug It Off+1","floor":35.0},{"not_picked":["Rampage","Thunderclap"],"picked":"Havoc+1","floor":36.0},{"not_picked":["Sentinel+1","Wild Strike+1"],"picked":"Disarm+1","floor":39.0},{"not_picked":["Ghostly Armor+1","Havoc+1"],"picked":"Shockwave+1","floor":40.0},{"not_picked":["Sever Soul+1","Spot Weakness+1"],"picked":"Inflame+1","floor":42.0},{"not_picked":["Carnage+1","Thunderclap+1","Sword Boomerang"],"picked":"SKIP","floor":44.0},{"not_picked":["Dramatic Entrance","Blind+1"],"picked":"Violence+1","floor":45.0},{"not_picked":["Flash of Steel","Bandage Up+1"],"picked":"Finesse+1","floor":45.0},{"not_picked":["Trip+1","Good Instincts+1"],"picked":"Blind+1","floor":45.0},{"not_picked":["Armaments+1","Pommel Strike","Feel No Pain+1"],"picked":"SKIP","floor":46.0},{"not_picked":["Warcry+1","Body Slam"],"picked":"Evolve+1","floor":47.0},{"not_picked":["Headbutt","Armaments+1","Rage+1"],"picked":"SKIP","floor":48.0},{"not_picked":["Dark Embrace","True Grit+1"],"picked":"Impervious+1","floor":54.0}],"player_experience":1122534,"relics_obtained":[{"floor":9.0,"key":"Toxic Egg 2"},{"floor":11.0,"key":"Unceasing Top"},{"floor":13.0,"key":"Juzu Bracelet"},{"floor":24.0,"key":"Ornamental Fan"},{"floor":27.0,"key":"Sundial"},{"floor":29.0,"key":"MawBank"},{"floor":40.0,"key":"Champion Belt"},{"floor":42.0,"key":"Omamori"},{"floor":43.0,"key":"War Paint"},{"floor":46.0,"key":"Pocketwatch"},{"floor":54.0,"key":"Bronze Scales"}],"event_choices":[{"damage_healed":0.0,"max_hp_gain":0.0,"max_hp_loss":0.0,"gold_gain":0.0,"event_name":"Shining Light","player_choice":"Entered Light","floor":14.0,"gold_loss":0.0,"damage_taken":16.0,"cards_upgraded":["Whirlwind","Strike_R"]},{"damage_healed":0.0,"max_hp_gain":0.0,"max_hp_loss":0.0,"gold_gain":0.0,"event_name":"The Mausoleum","player_choice":"Opened","floor":19.0,"gold_loss":0.0,"damage_taken":0.0,"relics_obtained":["Orichalcum"],"cards_obtained":["Writhe"]},{"damage_healed":0.0,"max_hp_gain":0.0,"max_hp_loss":0.0,"gold_gain":0.0,"event_name":"Nest","player_choice":"Joined the Cult","floor":21.0,"gold_loss":0.0,"damage_taken":6.0,"cards_obtained":["RitualDagger"]},{"damage_healed":0.0,"max_hp_gain":0.0,"max_hp_loss":0.0,"gold_gain":0.0,"event_name":"Lab","player_choice":"Got Potions","floor":22.0,"gold_loss":0.0,"damage_taken":0.0},{"damage_healed":0.0,"max_hp_gain":0.0,"max_hp_loss":0.0,"gold_gain":0.0,"event_name":"Match and Keep!","player_choice":"2 cards matched","floor":31.0,"gold_loss":0.0,"damage_taken":0.0,"cards_obtained":["Sword Boomerang","Enlightenment"]},{"cards_removed":["Dropkick"],"damage_healed":0.0,"max_hp_gain":0.0,"max_hp_loss":0.0,"gold_gain":0.0,"event_name":"WeMeetAgain","player_choice":"Gave Card","floor":38.0,"gold_loss":0.0,"damage_taken":0.0,"relics_obtained":["Potion Belt"]},{"damage_healed":0.0,"max_hp_gain":0.0,"max_hp_loss":0.0,"gold_gain":0.0,"event_name":"SensoryStone","player_choice":"Memory 3","floor":45.0,"gold_loss":0.0,"damage_taken":10.0}],"is_beta":true,"boss_relics":[{"not_picked":["White Beast Statue","Pandora\u0027s Box"],"picked":"Orrery"},{"not_picked":["Lizard Tail","Eternal Feather"],"picked":"Mark of Pain"}],"items_purged_floors":[20,37],"is_endless":false,"potions_floor_spawned":[3,4,5,8,11,13,24,33,35,36,46,47,48],"ascension_level":0}