{"gold_per_floor":[20,20,31,31,31,59,59,75,148,174,199,211,223,25,25,100,100,118,153,164,14,114,144,144,171,171,191,191,191,207,232,232,232],"floor_reached":33,"playtime":3555,"items_purged":["Strike_R"],"score":532,"play_id":"d45b0d36-1b83-4097-8838-a3ed307cbe53","local_time":"20190221202238","is_ascension_mode":true,"campfire_choices":[{"data":"Bludgeon","floor":7,"key":"SMITH"},{"data":"Demon Form","floor":15,"key":"SMITH"},{"floor":24,"key":"REST"},{"floor":29,"key":"REST"},{"floor":32,"key":"REST"}],"neow_cost":"NO_GOLD","seed_source_timestamp":0,"circlet_count":0,"master_deck":["AscendersBane","Strike_R+1","Strike_R","Defend_R","Defend_R","Defend_R","Defend_R","Bash","Demon Form+1","Pummel+1","Armaments","Bludgeon+1","Whirlwind","Carnage","Spot Weakness","Inflame","Battle Trance","Impervious","Iron Wave+1","Anger+1","Corruption","Metallicize","Metallicize","Pommel Strike+1","Uppercut+1","Immolate+1","Ghostly Armor"],"special_seed":0,"relics":["Burning Blood","Red Skull","The Courier","MawBank","Molten Egg 2","Happy Flower","Fusion Hammer","Red Mask","Champion Belt","Question Card","Whetstone","Juzu Bracelet","Self Forming Clay","Nunchaku"],"potions_floor_usage":[10,12,16,18,23,27,33,33],"damage_taken":[{"damage":5.0,"enemies":"Small Slimes","floor":1.0,"turns":3.0},{"damage":1.0,"enemies":"Cultist","floor":3.0,"turns":4.0},{"damage":25.0,"enemies":"Lagavulin","floor":6.0,"turns":7.0},{"damage":7,"enemies":"Jaw Worm","floor":8,"turns":2},{"damage":8,"enemies":"Gremlin Nob","floor":10,"turns":3},{"damage":8,"enemies":"Blue Slaver","floor":11,"turns":2},{"damage":1,"enemies":"3 Louse","floor":12,"turns":2},{"damage":21,"enemies":"Hexaghost","floor":16,"turns":6},{"damage":16,"enemies":"Shell Parasite","floor":18,"turns":3},{"damage":24,"enemies":"Masked Bandits","floor":19,"turns":4},{"damage":3,"enemies":"Chosen","floor":20,"turns":3},{"damage":4,"enemies":"Colosseum Slavers","floor":22,"turns":3},{"damage":0,"enemies":"Colosseum Nobs","floor":22,"turns":4},{"damage":18,"enemies":"Slavers","floor":23,"turns":3},{"damage":47,"enemies":"Gremlin Leader","floor":25,"turns":6},{"damage":4,"enemies":"Snecko","floor":27,"turns":3},{"damage":6,"enemies":"Centurion and Healer","floor":30,"turns":3},{"damage":29,"enemies":"Book of Stabbing","floor":31,"turns":5},{"damage":60,"enemies":"Collector","floor":33,"turns":6}],"seed_played":"4976029772941966452","potions_obtained":[{"floor":3.0,"key":"FearPotion"},{"floor":8,"key":"SmokeBomb"},{"floor":10,"key":"Weak Potion"},{"floor":16,"key":"Energy Potion"},{"floor":22,"key":"SkillPotion"},{"floor":25,"key":"Energy Potion"},{"floor":30,"key":"Ancient Potion"},{"floor":31,"key":"Fire Potion"}],"is_trial":false,"path_per_floor":["M","?","M","$","?","E","R","M","T","E","M","M","?","$","R","B",null,"M","?","M","$","?","E","R","E","T","M","?","R","M","E","R","B"],"character_chosen":"IRONCLAD","items_purchased":["Happy Flower","Inflame","Battle Trance","Metallicize","Metallicize"],"campfire_rested":3,"item_purchase_floors":[14,14,14,21,21],"current_hp_per_floor":[69,69,74,74,67,48,48,47,47,45,43,48,36,36,36,21,62,52,34,37,37,45,33,55,14,14,16,16,38,38,15,37,0],"gold":232,"neow_bonus":"THREE_RARE_CARDS","is_prod":false,"is_daily":false,"chose_seed":false,"campfire_upgraded":2,"win_rate":0,"timestamp":1550809358,"path_taken":["M","?","M","?","?","E","R","M","T","E","?","M","?","$","R","BOSS","M","?","M","$","?","E","R","E","T","M","?","R","M","E","R","BOSS"],"build_version":"2019-01-23","purchased_purges":1,"victory":false,"max_hp_per_floor":[75,75,75,75,75,75,75,75,75,75,75,75,75,75,75,75,75,75,75,75,75,75,75,75,75,75,75,75,75,75,75,75,75],"card_choices":[{"not_picked":["Double Tap","Dark Embrace"],"picked":"Demon Form","floor":0.0},{"not_picked":["Clash","Perfected Strike"],"picked":"Pummel","floor":1.0},{"not_picked":["Thunderclap","Clash"],"picked":"Armaments","floor":3.0},{"not_picked":["Dual Wield","Clothesline"],"picked":"Bludgeon","floor":6.0},{"not_picked":["Anger","Armaments"],"picked":"Whirlwind","floor":8},{"not_picked":["Searing Blow","Headbutt"],"picked":"Carnage","floor":10},{"not_picked":["Sword Boomerang","Burning Pact"],"picked":"Spot Weakness","floor":11},{"not_picked":["Berserk","Immolate+1"],"picked":"Impervious","floor":16},{"not_picked":["Feel No Pain","Pummel+1"],"picked":"Iron Wave+1","floor":18},{"not_picked":["Entrench","Heavy Blade+1"],"picked":"Anger+1","floor":19},{"not_picked":["Warcry","Havoc"],"picked":"Corruption","floor":20},{"not_picked":["Heavy Blade+1","Sentinel"],"picked":"Pommel Strike+1","floor":22},{"not_picked":["Burning Pact","Rampage+1","Perfected Strike+1"],"picked":"Uppercut+1","floor":23},{"not_picked":["Cleave+1","Clash+1","Flex+1"],"picked":"Immolate+1","floor":25},{"not_picked":["Pommel Strike+1","Headbutt+1","Carnage+1","Fire Breathing"],"picked":"SKIP","floor":27},{"not_picked":["Wild Strike+1","Pommel Strike+1","Anger+1","Heavy Blade+1"],"picked":"SKIP","floor":30},{"not_picked":["Iron Wave+1","Infernal Blade+1","Anger+1"],"picked":"Ghostly Armor","floor":31}],"player_experience":658464,"relics_obtained":[{"floor":6.0,"key":"Red Skull"},{"floor":9,"key":"The Courier"},{"floor":10,"key":"MawBank"},{"floor":19,"key":"Red Mask"},{"floor":22,"key":"Champion Belt"},{"floor":22,"key":"Question Card"},{"floor":23,"key":"Whetstone"},{"floor":25,"key":"Juzu Bracelet"},{"floor":26,"key":"Self Forming Clay"},{"floor":31,"key":"Nunchaku"}],"event_choices":[{"cards_removed":["Strike_R"],"damage_healed":0.0,"max_hp_gain":0.0,"max_hp_loss":0.0,"gold_gain":0.0,"event_name":"Purifier","player_choice":"Purged","floor":2.0,"gold_loss":0.0,"damage_taken":0.0},{"cards_removed":["Strike_R"],"damage_healed":0.0,"max_hp_gain":0.0,"max_hp_loss":0.0,"gold_gain":0.0,"event_name":"Golden Wing","player_choice":"Card Removal","floor":5.0,"gold_loss":0.0,"damage_taken":7.0},{"damage_healed":0,"gold_gain":0,"player_choice":"Success","damage_taken":12,"relics_obtained":["Molten Egg 2"],"max_hp_gain":0,"max_hp_loss":0,"event_name":"Scrap Ooze","floor":13,"gold_loss":0},{"damage_healed":0,"gold_gain":0,"player_choice":"Fought Bandits","damage_taken":0,"max_hp_gain":0,"max_hp_loss":0,"event_name":"Masked Bandits","floor":19,"gold_loss":0},{"damage_healed":0,"gold_gain":0,"player_choice":"Fight","damage_taken":0,"max_hp_gain":0,"max_hp_loss":0,"event_name":"Colosseum","floor":22,"gold_loss":0},{"damage_healed":0,"gold_gain":0,"player_choice":"Fought Nobs","damage_taken":0,"max_hp_gain":0,"max_hp_loss":0,"event_name":"Colosseum","floor":22,"gold_loss":0},{"damage_healed":0,"gold_gain":0,"player_choice":"Ignored","damage_taken":0,"max_hp_gain":0,"max_hp_loss":0,"event_name":"The Mausoleum","floor":28,"gold_loss":0}],"is_beta":false,"boss_relics":[{"not_picked":["Tiny House","Orrery"],"picked":"Fusion Hammer"}],"items_purged_floors":[21],"is_endless":false,"potions_floor_spawned":[3,8,10,16,22,22,25,30,31],"killed_by":"Collector","ascension_level":14}