{"gold_per_floor":[118,118,118,393,410,444,369,384,384,384,404,433,82,114,114,210,210,222,321,321,144,163,163,190,209,257,284,284,317,242,268,280,292],"floor_reached":33,"playtime":16811,"items_purged":["Regret","Regret"],"score":564,"play_id":"211454b9-e928-4edb-90dd-f5b989e3ee00","local_time":"20181203185543","is_ascension_mode":true,"campfire_choices":[{"data":"Bouncing Flask","floor":10,"key":"SMITH"},{"floor":15,"key":"REST"},{"floor":23,"key":"REST"},{"floor":28,"key":"REST"},{"floor":32,"key":"REST"}],"neow_cost":"NONE","seed_source_timestamp":8813258604783,"circlet_count":0,"master_deck":["AscendersBane","Defend_G","Defend_G","Defend_G","Defend_G+1","Defend_G","Strike_G","Strike_G","Strike_G+1","Strike_G","Survivor","Neutralize","Sucker Punch","All Out Attack","PiercingWail","Bouncing Flask+1","Dash","Footwork","After Image","Venomology","Well Laid Plans","Flash of Steel","Noxious Fumes","Deflect+1","PiercingWail+1","Slice","Tactician","Poisoned Stab","Terror"],"relics":["Ring of the Serpent","NeowsBlessing","Dodecahedron","Snake Skull","Pen Nib","Mercury Hourglass","Orichalcum","Shuriken","Ancient Tea Set","Art of War","Regal Pillow","Darkstone Periapt","MawBank"],"potions_floor_usage":[12,14,14,18,22,24,25,27,29,31],"damage_taken":[{"damage":0,"enemies":"2 Louse","floor":1,"turns":1},{"damage":0,"enemies":"Jaw Worm","floor":5,"turns":1},{"damage":0,"enemies":"Gremlin Nob","floor":6,"turns":1},{"damage":8,"enemies":"Small Slimes","floor":8,"turns":4},{"damage":11,"enemies":"Red Slaver","floor":11,"turns":3},{"damage":19,"enemies":"3 Sentries","floor":12,"turns":7},{"damage":2,"enemies":"Gremlin Nob","floor":14,"turns":3},{"damage":1,"enemies":"The Guardian","floor":16,"turns":9},{"damage":1,"enemies":"2 Thieves","floor":18,"turns":4},{"damage":21,"enemies":"Colosseum Slavers","floor":20,"turns":5},{"damage":1,"enemies":"Spheric Guardian","floor":22,"turns":4},{"damage":18,"enemies":"Book of Stabbing","floor":24,"turns":7},{"damage":0,"enemies":"Centurion and Healer","floor":25,"turns":6},{"damage":9,"enemies":"Gremlin Leader","floor":27,"turns":5},{"damage":25,"enemies":"Slavers","floor":29,"turns":6},{"damage":40,"enemies":"Gremlin Leader","floor":31,"turns":7},{"damage":28,"enemies":"Collector","floor":33,"turns":3}],"seed_played":"5713546872902291650","potions_obtained":[{"floor":6,"key":"Block Potion"},{"floor":14,"key":"Swift Potion"},{"floor":16,"key":"Fire Potion"}],"is_trial":false,"path_per_floor":["M","?","?","?","M","E","$","M","T","R","M","E","$","E","R","B",null,"M","?","?","$","M","R","E","M","T","E","R","E","?","E","R","B"],"character_chosen":"THE_SILENT","items_purchased":["Explosive Potion","FearPotion","Orichalcum","Flash of Steel","Noxious Fumes"],"campfire_rested":4,"item_purchase_floors":[13,13,13,21,21],"current_hp_per_floor":[63,49,49,49,49,49,49,41,41,41,30,11,11,9,30,29,60,59,59,38,38,37,58,40,40,40,31,67,42,42,2,38,10],"gold":292,"neow_bonus":"THREE_ENEMY_KILL","is_prod":false,"is_daily":false,"chose_seed":false,"campfire_upgraded":1,"win_rate":0,"timestamp":1543859743,"path_taken":["M","?","?","?","?","E","$","M","T","R","M","E","?","E","R","BOSS","M","?","?","$","M","R","E","M","T","E","R","E","?","E","R","BOSS"],"build_version":"2018-11-15","purchased_purges":2,"victory":false,"max_hp_per_floor":[70,70,70,70,70,70,70,70,70,70,70,70,70,70,70,70,70,70,70,70,70,70,70,70,70,70,70,70,70,70,70,70,70],"card_choices":[{"not_picked":["Outmaneuver","Predator"],"picked":"Sucker Punch","floor":1},{"not_picked":["Dodge and Roll","Blade Dance"],"picked":"All Out Attack","floor":5},{"not_picked":["Acrobatics","Underhanded Strike"],"picked":"PiercingWail","floor":6},{"not_picked":["Footwork","Dodge and Roll"],"picked":"Bouncing Flask","floor":8},{"not_picked":["Eviscerate","All Out Attack"],"picked":"Dash","floor":11},{"not_picked":["Dodge and Roll","Quick Slash"],"picked":"Footwork","floor":12},{"not_picked":["Slice","Cloak And Dagger"],"picked":"After Image","floor":14},{"not_picked":["Grand Finale","Glass Knife"],"picked":"Venomology","floor":16},{"not_picked":["Dagger Throw","Sucker Punch"],"picked":"Well Laid Plans","floor":18},{"not_picked":["Blade Dance","Masterful Stab+1"],"picked":"Deflect+1","floor":22},{"not_picked":["Acrobatics","Wraith Form v2"],"picked":"PiercingWail+1","floor":24},{"not_picked":["Dodge and Roll","Backflip"],"picked":"Slice","floor":25},{"not_picked":["Skewer","Dash"],"picked":"Tactician","floor":27},{"not_picked":["Dagger Spray+1","Finisher"],"picked":"Poisoned Stab","floor":29},{"not_picked":["Backflip","Expertise"],"picked":"Terror","floor":31}],"player_experience":1572487,"relics_obtained":[{"floor":6,"key":"Snake Skull"},{"floor":9,"key":"Pen Nib"},{"floor":12,"key":"Mercury Hourglass"},{"floor":14,"key":"Shuriken"},{"floor":24,"key":"Ancient Tea Set"},{"floor":26,"key":"Art of War"},{"floor":27,"key":"Regal Pillow"},{"floor":29,"key":"Darkstone Periapt"},{"floor":31,"key":"MawBank"}],"event_choices":[{"damage_healed":0,"gold_gain":0,"player_choice":"Entered Light","damage_taken":14,"max_hp_gain":0,"max_hp_loss":0,"event_name":"Shining Light","floor":2,"gold_loss":0,"cards_upgraded":["Strike_G","Defend_G"]},{"damage_healed":0,"gold_gain":0,"player_choice":"Box","damage_taken":0,"relics_obtained":["Dodecahedron"],"max_hp_gain":0,"max_hp_loss":0,"event_name":"Big Fish","floor":3,"gold_loss":0,"cards_obtained":["Regret"]},{"damage_healed":0,"gold_gain":275,"player_choice":"Desecrate","damage_taken":0,"max_hp_gain":0,"max_hp_loss":0,"event_name":"Golden Shrine","floor":4,"gold_loss":0,"cards_obtained":["Regret"]},{"damage_healed":0,"gold_gain":99,"player_choice":"Stole From Cult","damage_taken":0,"max_hp_gain":0,"max_hp_loss":0,"event_name":"Nest","floor":19,"gold_loss":0},{"damage_healed":0,"gold_gain":0,"player_choice":"Fight","damage_taken":0,"max_hp_gain":0,"max_hp_loss":0,"event_name":"Colosseum","floor":20,"gold_loss":0},{"damage_healed":0,"gold_gain":0,"player_choice":"Fled From Nobs","damage_taken":0,"max_hp_gain":0,"max_hp_loss":0,"event_name":"Colosseum","floor":20,"gold_loss":0},{"cards_removed":["Strike_G"],"damage_healed":0,"gold_gain":0,"player_choice":"Gave Gold","damage_taken":0,"max_hp_gain":0,"max_hp_loss":0,"event_name":"Beggar","floor":30,"gold_loss":75}],"is_beta":false,"boss_relics":[{"not_picked":["Fusion Hammer","Runic Pyramid"],"picked":"Ring of the Serpent"}],"items_purged_floors":[7,13],"is_endless":false,"potions_floor_spawned":[6,14,16,24,25,27],"killed_by":"Collector","ascension_level":11}