{"gold_per_floor":[110,127,177,193,204,204,215,232,259,299,328,340,352,390,402,490,502,526,271,283,558,574,574,603,653,679,17,17,49,49,60,60,137,137,149,161,175,228,239,267,267,294,349,360,377,377,388,407,407,407],"floor_reached":50,"playtime":3109,"items_purged":["Strike_R","Regret"],"score":1216,"play_id":"f05b24a3-7142-410d-83c0-2e510567e684","local_time":"20190208182406","is_ascension_mode":true,"campfire_choices":[{"data":"Uppercut","floor":6.0,"key":"SMITH"},{"data":"Shockwave","floor":12.0,"key":"SMITH"},{"data":"Inflame","floor":15.0,"key":"SMITH"},{"floor":23.0,"key":"REST"},{"floor":28.0,"key":"RECALL"},{"floor":32.0,"key":"REST"},{"floor":41.0,"key":"REST"},{"floor":46,"key":"REST"},{"floor":49,"key":"REST"}],"neow_cost":"NONE","seed_source_timestamp":15831957773383,"circlet_count":0,"master_deck":["AscendersBane","Strike_R","Strike_R","Strike_R","Strike_R","Defend_R","Defend_R","Defend_R","Defend_R","Bash+1","Iron Wave+1","Shockwave+1","Uppercut+1","Armaments","Power Through+1","Inflame+1","Juggernaut","Flame Barrier","Corruption+1","Shrug It Off+1","Spot Weakness+1","Shrug It Off+1","Offering+1","Disarm+1","Feel No Pain","Battle Trance+1","Entrench+1","Headbutt","Body Slam+1","Havoc+1","True Grit+1","Disarm+1","Warcry+1","Fiend Fire","Dual Wield+1","Metallicize","Evolve+1"],"special_seed":0,"relics":["Burning Blood","NeowsBlessing","MawBank","Smiling Mask","Potion Belt","Fusion Hammer","Regal Pillow","Lantern","Toxic Egg 2","Mummified Hand","Anchor","Orrery","Bird Faced Urn","Whetstone","Pear","Art of War"],"potions_floor_usage":[48],"damage_taken":[{"damage":0.0,"enemies":"Small Slimes","floor":1.0,"turns":1.0},{"damage":0.0,"enemies":"Cultist","floor":2.0,"turns":1.0},{"damage":0.0,"enemies":"Jaw Worm","floor":4.0,"turns":1.0},{"damage":18.0,"enemies":"Lots of Slimes","floor":5.0,"turns":5.0},{"damage":23.0,"enemies":"Exordium Wildlife","floor":7.0,"turns":6.0},{"damage":7.0,"enemies":"3 Louse","floor":8.0,"turns":6.0},{"damage":21.0,"enemies":"Gremlin Nob","floor":10.0,"turns":4.0},{"damage":5.0,"enemies":"2 Fungi Beasts","floor":11.0,"turns":5.0},{"damage":14.0,"enemies":"Lagavulin","floor":14.0,"turns":9.0},{"damage":20.0,"enemies":"The Guardian","floor":16.0,"turns":15.0},{"damage":18.0,"enemies":"Chosen","floor":18.0,"turns":5.0},{"damage":11.0,"enemies":"Shell Parasite","floor":20.0,"turns":7.0},{"damage":11.0,"enemies":"Centurion and Healer","floor":22.0,"turns":9.0},{"damage":21.0,"enemies":"Gremlin Leader","floor":24.0,"turns":5.0},{"damage":36.0,"enemies":"Slavers","floor":29.0,"turns":6.0},{"damage":7.0,"enemies":"Shelled Parasite and Fungi","floor":31.0,"turns":5.0},{"damage":52.0,"enemies":"Collector","floor":33.0,"turns":10.0},{"damage":8.0,"enemies":"3 Shapes","floor":35.0,"turns":5.0},{"damage":0.0,"enemies":"3 Darklings","floor":36.0,"turns":5.0},{"damage":19.0,"enemies":"Maw","floor":37.0,"turns":5.0},{"damage":18.0,"enemies":"2 Orb Walkers","floor":38.0,"turns":4.0},{"damage":0.0,"enemies":"4 Shapes","floor":39.0,"turns":6.0},{"damage":23.0,"enemies":"Reptomancer","floor":40.0,"turns":7.0},{"damage":24,"enemies":"Nemesis","floor":42,"turns":9},{"damage":6,"enemies":"Spire Growth","floor":44,"turns":4},{"damage":0,"enemies":"Sphere and 2 Shapes","floor":45,"turns":6},{"damage":6,"enemies":"Maw","floor":47,"turns":5},{"damage":11,"enemies":"Writhing Mass","floor":48,"turns":5},{"damage":96,"enemies":"Awakened One","floor":50,"turns":11}],"seed_played":"-3685250498830223884","potions_obtained":[{"floor":4.0,"key":"Strength Potion"},{"floor":5.0,"key":"Weak Potion"},{"floor":11.0,"key":"FearPotion"},{"floor":16.0,"key":"Strength Potion"},{"floor":18.0,"key":"SteroidPotion"},{"floor":22.0,"key":"AttackPotion"},{"floor":29.0,"key":"Energy Potion"},{"floor":31.0,"key":"Strength Potion"},{"floor":35.0,"key":"SpeedPotion"},{"floor":36.0,"key":"Strength Potion"},{"floor":38.0,"key":"Fire Potion"},{"floor":42,"key":"Fire Potion"},{"floor":45,"key":"Swift Potion"},{"floor":47,"key":"Weak Potion"}],"is_trial":false,"path_per_floor":["M","M","?","M","M","R","M","M","T","E","M","R","?","E","R","B",null,"M","$","M","?","M","R","E","?","T","$","R","E","$","M","R","B",null,"M","M","M","?","M","E","R","E","T","M","M","R","M","M","R","B"],"character_chosen":"IRONCLAD","items_purchased":["Regal Pillow","Fire Potion","Toxic Egg 2","Shrug It Off+1","Mummified Hand"],"campfire_rested":5,"item_purchase_floors":[19,19,27,27,27],"current_hp_per_floor":[74,75,68,74,62,62,45,44,44,29,30,30,30,22,22,8,58,46,46,41,41,36,73,58,58,58,58,58,28,28,27,64,18,61,59,65,52,40,52,43,75,67,67,75,85,85,85,84,85,0],"gold":407,"neow_bonus":"THREE_ENEMY_KILL","is_prod":false,"is_daily":false,"chose_seed":false,"campfire_upgraded":3,"win_rate":0,"timestamp":1549668246,"path_taken":["M","M","?","?","?","R","M","M","T","E","M","R","?","E","R","BOSS","M","$","M","?","?","R","E","?","T","$","R","E","$","M","R","BOSS","M","M","M","?","M","E","R","E","T","M","M","R","M","M","R","BOSS"],"build_version":"2019-01-23","purchased_purges":2,"victory":false,"max_hp_per_floor":[75,75,75,75,75,75,75,75,75,75,75,75,75,75,75,75,75,75,75,75,75,75,75,75,75,75,75,75,75,75,75,75,75,75,75,75,75,75,75,75,75,85,85,85,85,85,85,85,85,85],"card_choices":[{"not_picked":["Twin Strike","Rupture"],"picked":"Iron Wave","floor":1.0},{"not_picked":["Wild Strike","Second Wind"],"picked":"Shockwave","floor":2.0},{"not_picked":["Thunderclap","Cleave"],"picked":"Uppercut","floor":4.0},{"not_picked":["Warcry","Heavy Blade"],"picked":"Armaments","floor":5.0},{"not_picked":["Thunderclap","Sword Boomerang"],"picked":"Power Through","floor":7.0},{"not_picked":["Pommel Strike","Fire Breathing"],"picked":"Inflame","floor":8.0},{"not_picked":["Warcry","Thunderclap","Reckless Charge"],"picked":"SKIP","floor":10.0},{"not_picked":["Searing Blow","Sever Soul","Clash"],"picked":"SKIP","floor":11.0},{"not_picked":["Brutality","Thunderclap","Warcry"],"picked":"SKIP","floor":14.0},{"not_picked":["Berserk","Brutality"],"picked":"Juggernaut","floor":16.0},{"not_picked":["Reckless Charge","Fire Breathing","Headbutt"],"picked":"SKIP","floor":18.0},{"not_picked":["Body Slam","Warcry"],"picked":"Flame Barrier","floor":20.0},{"not_picked":["Pommel Strike","Armaments"],"picked":"Corruption+1","floor":22.0},{"not_picked":["Sword Boomerang","Burning Pact","Pummel"],"picked":"SKIP","floor":24.0},{"not_picked":["Body Slam+1","Perfected Strike"],"picked":"Spot Weakness+1","floor":29.0},{"not_picked":["Thunderclap+1","Pummel"],"picked":"Shrug It Off+1","floor":31.0},{"not_picked":["Exhume+1","Immolate"],"picked":"Offering+1","floor":33.0},{"not_picked":["Power Through+1","Headbutt"],"picked":"Disarm+1","floor":34.0},{"not_picked":["Heavy Blade","Reckless Charge"],"picked":"Feel No Pain","floor":34.0},{"not_picked":["Infernal Blade+1","Perfected Strike"],"picked":"Battle Trance+1","floor":34.0},{"not_picked":["Heavy Blade+1","Hemokinesis"],"picked":"Entrench+1","floor":34.0},{"not_picked":["Wild Strike","Perfected Strike+1"],"picked":"Headbutt","floor":34.0},{"not_picked":["Infernal Blade+1","Iron Wave","Feed"],"picked":"SKIP","floor":35.0},{"not_picked":["Sword Boomerang+1","Pummel"],"picked":"Body Slam+1","floor":36.0},{"not_picked":["Clothesline","Body Slam"],"picked":"Havoc+1","floor":37.0},{"not_picked":["Warcry+1","Fire Breathing"],"picked":"True Grit+1","floor":38.0},{"not_picked":["Anger","Immolate","Clothesline"],"picked":"SKIP","floor":39.0},{"not_picked":["Anger","Immolate","Clothesline"],"picked":"SKIP","floor":39.0},{"not_picked":["Hemokinesis","Body Slam"],"picked":"Disarm+1","floor":40.0},{"not_picked":["Perfected Strike","Pommel Strike"],"picked":"Warcry+1","floor":42},{"not_picked":["Perfected Strike","Sever Soul+1"],"picked":"Fiend Fire","floor":44},{"not_picked":["Havoc+1","Combust"],"picked":"Dual Wield+1","floor":45},{"not_picked":["Flex+1","Pommel Strike"],"picked":"Metallicize","floor":47},{"not_picked":["Heavy Blade","Flex+1"],"picked":"Evolve+1","floor":48}],"player_experience":1171238,"relics_obtained":[{"floor":9.0,"key":"MawBank"},{"floor":10.0,"key":"Smiling Mask"},{"floor":14.0,"key":"Potion Belt"},{"floor":24.0,"key":"Lantern"},{"floor":29.0,"key":"Anchor"},{"floor":38.0,"key":"Bird Faced Urn"},{"floor":40.0,"key":"Whetstone"},{"floor":42,"key":"Pear"},{"floor":43,"key":"Art of War"}],"event_choices":[{"damage_healed":0.0,"max_hp_gain":0.0,"max_hp_loss":0.0,"gold_gain":50.0,"event_name":"FaceTrader","player_choice":"Touch","floor":3.0,"gold_loss":0.0,"damage_taken":7.0},{"damage_healed":0.0,"max_hp_gain":0.0,"max_hp_loss":0.0,"gold_gain":0.0,"event_name":"Living Wall","player_choice":"Grow","floor":13.0,"gold_loss":0.0,"damage_taken":0.0,"cards_upgraded":["Power Through"]},{"damage_healed":0.0,"max_hp_gain":0.0,"max_hp_loss":0.0,"gold_gain":275.0,"event_name":"Golden Shrine","player_choice":"Desecrate","floor":21.0,"gold_loss":0.0,"damage_taken":0.0,"cards_obtained":["Regret"]},{"damage_healed":0.0,"max_hp_gain":0.0,"max_hp_loss":0.0,"gold_gain":50.0,"event_name":"Nest","player_choice":"Stole From Cult","floor":25.0,"gold_loss":0.0,"damage_taken":0.0},{"damage_healed":0.0,"max_hp_gain":0.0,"max_hp_loss":0.0,"gold_gain":0.0,"event_name":"Mysterious Sphere","player_choice":"Fight","floor":38.0,"gold_loss":0.0,"damage_taken":0.0}],"is_beta":false,"boss_relics":[{"not_picked":["Runic Pyramid","Pandora\u0027s Box"],"picked":"Fusion Hammer"},{"not_picked":["Lizard Tail","Empty Cage"],"picked":"Orrery"}],"items_purged_floors":[19,27],"is_endless":false,"potions_floor_spawned":[4,5,7,11,16,18,22,29,31,35,36,38,42,45,47],"killed_by":"Awakened One","ascension_level":20}