{"gold_per_floor":[117,64,75,50,50,84,104,104,104,120,154,154,166,89,89,184,184,204,221,221,232,248,248,248],"floor_reached":24,"playtime":5177,"items_purged":[],"score":208,"play_id":"5ea50fe6-fda5-4646-813e-83922ace6680","local_time":"20180707193535","is_ascension_mode":false,"campfire_choices":[{"floor":12.0,"key":"REST"},{"floor":15.0,"key":"REST"},{"floor":23,"key":"REST"}],"neow_cost":"","seed_source_timestamp":0,"circlet_count":0,"master_deck":["Strike_R","Strike_R","Strike_R","Strike_R","Defend_R","Defend_R","Defend_R","Defend_R","Bash","Burning Pact","Twin Strike","Headbutt","Sword Boomerang","Cleave","Bludgeon","Battle Trance","Rampage","Rampage","Metallicize","Double Tap","Anger","Pommel Strike","Reaper","Flash of Steel","Flex","Shockwave"],"special_seed":0,"relics":["Black Blood","Mango","Peace Pipe","Incense Burner"],"potions_floor_usage":[21,24,24],"damage_taken":[{"damage":7.0,"enemies":"Small Slimes","floor":1.0,"turns":3.0},{"damage":8.0,"enemies":"2 Louse","floor":3.0,"turns":2.0},{"damage":32.0,"enemies":"Gremlin Nob","floor":6.0,"turns":4.0},{"damage":0.0,"enemies":"Cultist","floor":7.0,"turns":3.0},{"damage":12.0,"enemies":"Blue Slaver","floor":10.0,"turns":2.0},{"damage":22.0,"enemies":"3 Sentries","floor":11.0,"turns":5.0},{"damage":13.0,"enemies":"Lots of Slimes","floor":13.0,"turns":2.0},{"damage":56.0,"enemies":"The Guardian","floor":16.0,"turns":10.0},{"damage":11,"enemies":"Chosen","floor":18,"turns":5},{"damage":30,"enemies":"2 Thieves","floor":19,"turns":4},{"damage":36,"enemies":"Snake Plant","floor":21,"turns":5},{"damage":58,"enemies":"Centurion and Healer","floor":22,"turns":9},{"damage":53,"enemies":"Slavers","floor":24,"turns":3}],"seed_played":"8358502215054005268","potions_obtained":[{"floor":1.0,"key":"SkillPotion"},{"floor":10.0,"key":"BloodPotion"},{"floor":11.0,"key":"AttackPotion"},{"floor":18,"key":"BloodPotion"},{"floor":19,"key":"AttackPotion"}],"is_trial":false,"path_per_floor":["M","$","M","$","?","E","M","?","T","M","E","R","M","$","R","B",null,"M","M","?","M","M","R"],"character_chosen":"IRONCLAD","items_purchased":["Twin Strike","Sword Boomerang","Metallicize"],"campfire_rested":3,"item_purchase_floors":[2,4,14],"current_hp_per_floor":[79,79,77,77,77,65,71,71,71,65,49,77,70,70,94,44,94,93,73,73,56,16,44,0],"gold":248,"neow_bonus":"","is_prod":false,"is_daily":false,"chose_seed":false,"campfire_upgraded":0,"win_rate":0.0,"timestamp":1530959735,"path_taken":["M","$","M","$","?","E","M","?","T","M","E","R","M","$","R","BOSS","M","M","?","M","M","R","E"],"build_version":"2018-07-05","purchased_purges":0,"victory":false,"max_hp_per_floor":[80,80,80,80,80,94,94,94,94,94,94,94,94,94,94,94,94,94,94,94,94,94,94,94],"card_choices":[{"not_picked":["Shrug It Off","Clothesline"],"picked":"Burning Pact","floor":1.0},{"not_picked":["Ghostly Armor","Second Wind"],"picked":"Headbutt","floor":3.0},{"not_picked":["Thunderclap","True Grit"],"picked":"Cleave","floor":6.0},{"not_picked":["Armaments","Inflame"],"picked":"Bludgeon","floor":7.0},{"not_picked":["Warcry","Perfected Strike"],"picked":"Battle Trance","floor":10.0},{"not_picked":["Body Slam","Entrench"],"picked":"Rampage","floor":11.0},{"not_picked":["Sword Boomerang","Warcry"],"picked":"Rampage","floor":13.0},{"not_picked":["Fiend Fire","Dark Embrace"],"picked":"Double Tap","floor":16.0},{"not_picked":["Warcry","Sword Boomerang+1"],"picked":"Anger","floor":18},{"not_picked":["Rupture","Clash"],"picked":"Pommel Strike","floor":19},{"not_picked":["Cleave","Clothesline+1"],"picked":"Flex","floor":21},{"not_picked":["Sword Boomerang","Barricade"],"picked":"Shockwave","floor":22}],"player_experience":0,"relics_obtained":[{"floor":6.0,"key":"Mango"},{"floor":9.0,"key":"Peace Pipe"},{"floor":11.0,"key":"Incense Burner"}],"event_choices":[{"event_name":"Liars Game","player_choice":"disagreed","floor":5.0,"damage_taken":0.0},{"event_name":"Purifier","player_choice":"One Purge","floor":8.0,"damage_taken":0.0},{"event_name":"Match and Keep!","player_choice":"2 cards matched","floor":20,"damage_taken":0},{"event_name":"Match and Keep!","player_choice":"2 cards matched","floor":20,"damage_taken":0}],"boss_relics":[{"not_picked":["Runic Pyramid","Calling Bell"],"picked":"Black Blood"}],"items_purged_floors":[],"is_endless":false,"potions_floor_spawned":[1,10,11,18,19],"killed_by":"Slavers","ascension_level":0}