{"gold_per_floor":[117,132,142,67,67,67,129,139,139,139,155,155,230,230,230,303,303,303,303,303,243,193,193,193,193,193,193,193,193,193,193,193,193],"floor_reached":33,"playtime":1180,"items_purged":["Defend_R","Strike_R"],"score":470,"play_id":"c7309f6c-5d8d-4e34-b214-965ede055a70","local_time":"20190209132101","is_ascension_mode":true,"campfire_choices":[{"data":"Seeing Red","floor":6,"key":"SMITH"},{"floor":10,"key":"REST"},{"data":"Iron Wave","floor":15,"key":"SMITH"},{"floor":23,"key":"REST"},{"floor":28,"key":"REST"},{"floor":30,"key":"REST"},{"floor":32,"key":"REST"}],"neow_cost":"NONE","seed_source_timestamp":14403698419448393,"circlet_count":0,"master_deck":["AscendersBane","Strike_R","Strike_R","Strike_R","Defend_R","Defend_R","Defend_R","Bash","Iron Wave+1","Iron Wave","Seeing Red+1","Demon Form","Shrug It Off","Feed","Iron Wave+1","Iron Wave"],"relics":["Burning Blood","Happy Flower","Tiny Chest","Smiling Mask","Ectoplasm","MawBank","Toxic Egg 2"],"potions_floor_usage":[7,14,16,27],"damage_taken":[{"damage":0,"enemies":"2 Louse","floor":1,"turns":4},{"damage":1,"enemies":"Cultist","floor":2,"turns":3},{"damage":0,"enemies":"Small Slimes","floor":3,"turns":4},{"damage":27,"enemies":"Gremlin Nob","floor":7,"turns":4},{"damage":22,"enemies":"Looter","floor":8,"turns":3},{"damage":0,"enemies":"Large Slime","floor":11,"turns":5},{"damage":0,"enemies":"Exordium Thugs","floor":14,"turns":1},{"damage":55,"enemies":"The Guardian","floor":16,"turns":11},{"damage":33,"enemies":"Spheric Guardian","floor":18,"turns":7},{"damage":9,"enemies":"2 Thieves","floor":21,"turns":4},{"damage":36,"enemies":"Sentry and Sphere","floor":27,"turns":6},{"damage":37,"enemies":"3 Cultists","floor":29,"turns":6},{"damage":36,"enemies":"Centurion and Healer","floor":31,"turns":7},{"damage":70,"enemies":"Collector","floor":33,"turns":6}],"seed_played":"6520771918150487280","potions_obtained":[{"floor":2,"key":"PowerPotion"},{"floor":8,"key":"SmokeBomb"},{"floor":11,"key":"LiquidBronze"},{"floor":21,"key":"PowerPotion"}],"is_trial":false,"path_per_floor":["M","M","M","$","?","R","E","M","T","R","M","?","?","M","R","B",null,"M","?","T","M","$","R","?","?","T","M","R","M","R","M","R","B"],"character_chosen":"IRONCLAD","items_purchased":[],"campfire_rested":5,"item_purchase_floors":[],"current_hp_per_floor":[74,75,75,75,75,75,54,38,38,60,66,71,60,66,66,17,64,37,53,53,53,53,77,77,77,77,47,71,40,64,34,58,0],"gold":193,"neow_bonus":"RANDOM_COMMON_RELIC","is_prod":false,"is_daily":false,"chose_seed":false,"campfire_upgraded":2,"win_rate":0,"timestamp":1549714861,"path_taken":["M","M","M","$","?","R","E","M","T","R","?","?","?","M","R","BOSS","M","?","?","?","$","R","?","?","T","M","R","M","R","M","R","BOSS"],"build_version":"2019-01-23","purchased_purges":2,"victory":false,"max_hp_per_floor":[75,75,75,75,75,75,75,75,75,75,75,80,80,80,80,80,80,80,80,80,83,83,83,83,83,83,83,83,83,83,83,83,83],"card_choices":[{"not_picked":["True Grit","Combust"],"picked":"Iron Wave","floor":1},{"not_picked":["Entrench","Anger","Twin Strike"],"picked":"SKIP","floor":2},{"not_picked":["Body Slam","Warcry"],"picked":"Iron Wave","floor":3},{"not_picked":["Pommel Strike","Flex"],"picked":"Demon Form","floor":7},{"not_picked":["Pummel","Searing Blow"],"picked":"Shrug It Off","floor":8},{"not_picked":["Wild Strike","Heavy Blade","Pommel Strike"],"picked":"SKIP","floor":11},{"not_picked":["Reaper","Fiend Fire"],"picked":"Feed","floor":16},{"not_picked":["Anger","Disarm","Twin Strike+1"],"picked":"SKIP","floor":18},{"not_picked":["Perfected Strike","Armaments"],"picked":"Iron Wave+1","floor":21},{"not_picked":["Clothesline","Anger"],"picked":"Iron Wave","floor":27},{"not_picked":["Anger","Warcry+1","Body Slam"],"picked":"SKIP","floor":29},{"not_picked":["Bloodletting+1","Iron Wave","Hemokinesis"],"picked":"SKIP","floor":31}],"player_experience":357240,"relics_obtained":[{"floor":7,"key":"Tiny Chest"},{"floor":9,"key":"Smiling Mask"},{"floor":20,"key":"MawBank"},{"floor":26,"key":"Toxic Egg 2"}],"event_choices":[{"damage_healed":0,"gold_gain":0,"cards_transformed":["Strike_R"],"player_choice":"Transformed","damage_taken":0,"max_hp_gain":0,"max_hp_loss":0,"event_name":"Transmorgrifier","floor":5,"gold_loss":0,"cards_obtained":["Seeing Red"]},{"damage_healed":0,"gold_gain":0,"player_choice":"Donut","damage_taken":0,"max_hp_gain":5,"max_hp_loss":0,"event_name":"Big Fish","floor":12,"gold_loss":0},{"damage_healed":0,"gold_gain":75,"player_choice":"Gather Gold","damage_taken":11,"max_hp_gain":0,"max_hp_loss":0,"event_name":"World of Goop","floor":13,"gold_loss":0},{"damage_healed":16,"gold_gain":0,"player_choice":"Heal","damage_taken":0,"max_hp_gain":0,"max_hp_loss":0,"event_name":"The Library","floor":19,"gold_loss":0},{"damage_healed":0,"gold_gain":0,"player_choice":"Ignored","damage_taken":0,"max_hp_gain":0,"max_hp_loss":0,"event_name":"Ghosts","floor":24,"gold_loss":0},{"damage_healed":0,"gold_gain":50,"player_choice":"Stole From Cult","damage_taken":0,"max_hp_gain":0,"max_hp_loss":0,"event_name":"Nest","floor":25,"gold_loss":0}],"is_beta":false,"boss_relics":[{"not_picked":["Runic Pyramid","Cursed Key"],"picked":"Ectoplasm"}],"items_purged_floors":[4,22],"is_endless":false,"potions_floor_spawned":[2,8,11,21],"killed_by":"Collector","ascension_level":16}