{"path_per_floor":["M","?","M","$","M","E","R","?","T","R","M","R","M","T","R","B",null,"M","?","$","?","?","E","R","M","T"],"character_chosen":"IRONCLAD","items_purchased":[],"gold_per_floor":[113,113,125,50,62,91,91,91,91,91,110,110,128,128,128,229,229,241,241,141,66,66,94,94,111,137,137],"floor_reached":27,"campfire_rested":2,"playtime":880,"current_hp_per_floor":[80,73,64,64,70,40,40,47,47,47,40,40,32,46,76,12,101,87,67,67,67,67,24,55,42,42,0],"items_purged":["Defend_R","Normality"],"gold":137,"score":254,"play_id":"f5b8af5d-96ee-4036-85ca-09a7148e81c6","local_time":"20180405023154","is_prod":false,"is_daily":false,"is_ascension_mode":false,"campfire_upgraded":3,"timestamp":1522888314,"path_taken":["M","?","M","$","M","E","R","?","T","R","M","R","M","?","R","BOSS","M","?","$","?","?","E","R","M","T","M"],"build_version":"2018-03-29v2","purchased_purges":2,"victory":false,"master_deck":["Strike_R","Strike_R","Strike_R","Strike_R","Strike_R","Defend_R","Bash+1","Perfected Strike","Perfected Strike+1","True Grit+1","Clash","Shrug It Off","Pommel Strike","Infernal Blade","Seeing Red","Impervious","Wild Strike+1"],"max_hp_per_floor":[80,80,80,80,80,80,80,87,87,87,87,87,87,101,101,101,101,101,106,106,106,106,106,106,106,106,106],"relics":["Burning Blood","Blood Vial","Strawberry","Ginger","Mango","Orrery","Sundial","Juzu Bracelet"],"card_choices":[{"not_picked":["Intimidate","Clothesline"],"picked":"Perfected Strike","floor":3.0},{"not_picked":["Infernal Blade","Iron Wave"],"picked":"Perfected Strike","floor":6.0},{"not_picked":["Body Slam","Heavy Blade"],"picked":"True Grit","floor":11.0},{"not_picked":["Headbutt","Reckless Charge"],"picked":"Clash","floor":13.0},{"not_picked":["Evolve","Body Slam"],"picked":"Shrug It Off","floor":17.0},{"not_picked":["Thunderclap","Pummel"],"picked":"Pommel Strike","floor":17.0},{"not_picked":["Evolve","Armaments"],"picked":"Infernal Blade","floor":17.0},{"not_picked":["Wild Strike","Evolve"],"picked":"Seeing Red","floor":17.0},{"not_picked":["Havoc","Corruption"],"picked":"Impervious","floor":17.0},{"not_picked":["Heavy Blade","Cleave"],"picked":"Wild Strike","floor":23}],"player_experience":167851,"potions_floor_usage":[23],"damage_taken":[{"damage":5.0,"enemies":"Cultist","floor":1.0,"turns":4.0},{"damage":15.0,"enemies":"Jaw Worm","floor":3.0,"turns":5.0},{"damage":0.0,"enemies":"2 Louse","floor":5.0,"turns":2.0},{"damage":36.0,"enemies":"Lagavulin","floor":6.0,"turns":5.0},{"damage":15.0,"enemies":"Looter","floor":11.0,"turns":3.0},{"damage":16.0,"enemies":"3 Louse","floor":13.0,"turns":3.0},{"damage":72.0,"enemies":"Hexaghost","floor":16.0,"turns":10.0},{"damage":20.0,"enemies":"2 Thieves","floor":18.0,"turns":3.0},{"damage":51,"enemies":"Book of Stabbing","floor":23,"turns":4},{"damage":21,"enemies":"Spheric Guardian","floor":25,"turns":4},{"damage":51,"enemies":"Slaver and Parasite","floor":27,"turns":6}],"event_choices":[{"event_name":"Golden Wing","player_choice":"Card Removal","floor":2.0,"damage_taken":0.0},{"event_name":"Accursed Blacksmith","player_choice":"Rummage","floor":8.0,"damage_taken":0.0},{"event_name":"Forgotten Altar","player_choice":"Shed Blood","floor":19.0,"damage_taken":0.0},{"event_name":"Beggar","player_choice":"Gave Gold","floor":21.0,"damage_taken":0.0},{"event_name":"Addict","player_choice":"Ignored","floor":22.0,"damage_taken":0.0}],"boss_relics":[],"potions_floor_spawned":[1,11,13,16,23],"seed_played":"5846413961593813038","killed_by":"Slaver and Parasite","ascension_level":0,"is_trial":false}