{"gold_per_floor":[118,134,150,150,150,185,197,240,277,308,320,347,394,421,433,516,528,555,587,611,623,647,659,15,50,50,24,24,24,50,61,61,135,135,154,166,166,185,185,185,185,185,185,185,13,31,42,56,56,56,56,56,56,1,1],"floor_reached":55,"playtime":2255,"items_purged":[],"score":1908,"play_id":"4fb790dc-dcff-4617-a403-4386c170dd8b","local_time":"20181211195111","is_ascension_mode":true,"campfire_choices":[{"data":"Iron Wave","floor":7.0,"key":"SMITH"},{"floor":11.0,"key":"REST"},{"data":"Demon Form","floor":15.0,"key":"SMITH"},{"floor":23.0,"key":"REST"},{"floor":28.0,"key":"REST"},{"floor":32.0,"key":"REST"},{"floor":40.0,"key":"RECALL"},{"floor":44.0,"key":"REST"},{"floor":49.0,"key":"REST"},{"floor":53,"key":"REST"}],"neow_cost":"NONE","seed_source_timestamp":342046304144172,"circlet_count":0,"master_deck":["AscendersBane","Strike_R","Strike_R","Strike_R","Strike_R","Strike_R","Defend_R","Defend_R","Defend_R","Defend_R","Bash+1","Demon Form+1","Iron Wave+1","Cleave","Limit Break","Pommel Strike","Shrug It Off","Sword Boomerang","Offering+1","Armaments","Shockwave+1","Battle Trance+1","Havoc+1","Flame Barrier+1","Reaper+1","Shrug It Off+1","Seeing Red+1","Apotheosis+1","Violence+1","Heavy Blade+1","Pommel Strike+1"],"special_seed":0,"relics":["Burning Blood","MawBank","Oddly Smooth Stone","Bag of Marbles","Red Skull","Fusion Hammer","Toxic Egg 2","Lee\u0027s Waffle","Mercury Hourglass","Darkstone Periapt","Molten Egg 2","Lizard Tail","Strawberry","Bronze Scales"],"potions_floor_usage":[51,55],"damage_taken":[{"damage":2.0,"enemies":"2 Louse","floor":1.0,"turns":3.0},{"damage":5.0,"enemies":"Small Slimes","floor":2.0,"turns":3.0},{"damage":1.0,"enemies":"Cultist","floor":3.0,"turns":3.0},{"damage":34.0,"enemies":"Gremlin Nob","floor":6.0,"turns":5.0},{"damage":35.0,"enemies":"3 Sentries","floor":8.0,"turns":7.0},{"damage":17.0,"enemies":"Gremlin Gang","floor":10.0,"turns":3.0},{"damage":2.0,"enemies":"3 Louse","floor":12.0,"turns":4.0},{"damage":22.0,"enemies":"Gremlin Nob","floor":13.0,"turns":4.0},{"damage":0.0,"enemies":"Red Slaver","floor":14.0,"turns":3.0},{"damage":0.0,"enemies":"Slime Boss","floor":16.0,"turns":5.0},{"damage":16.0,"enemies":"Spheric Guardian","floor":18.0,"turns":5.0},{"damage":16.0,"enemies":"2 Thieves","floor":19.0,"turns":3.0},{"damage":6.0,"enemies":"Snecko","floor":20.0,"turns":4.0},{"damage":29.0,"enemies":"3 Cultists","floor":22.0,"turns":5.0},{"damage":40.0,"enemies":"Book of Stabbing","floor":25.0,"turns":5.0},{"damage":46.0,"enemies":"Gremlin Leader","floor":30.0,"turns":5.0},{"damage":0.0,"enemies":"Cultist and Chosen","floor":31.0,"turns":5.0},{"damage":61.0,"enemies":"Collector","floor":33.0,"turns":6.0},{"damage":8.0,"enemies":"Orb Walker","floor":35.0,"turns":3.0},{"damage":45.0,"enemies":"3 Shapes","floor":36.0,"turns":5.0},{"damage":26.0,"enemies":"Maw","floor":38.0,"turns":7.0},{"damage":62.0,"enemies":"Transient","floor":46.0,"turns":6.0},{"damage":23.0,"enemies":"3 Darklings","floor":47.0,"turns":5.0},{"damage":26.0,"enemies":"Maw","floor":48.0,"turns":6.0},{"damage":92.0,"enemies":"Time Eater","floor":50.0,"turns":8.0},{"damage":60,"enemies":"Donu and Deca","floor":51,"turns":8},{"damage":130,"enemies":"Shield and Spear","floor":55,"turns":5}],"seed_played":"6567932293423155219","potions_obtained":[{"floor":2.0,"key":"Ancient Potion"},{"floor":3.0,"key":"PowerPotion"},{"floor":12.0,"key":"Dexterity Potion"},{"floor":14.0,"key":"Swift Potion"},{"floor":18.0,"key":"SpeedPotion"},{"floor":25.0,"key":"LiquidBronze"},{"floor":33.0,"key":"Swift Potion"},{"floor":35.0,"key":"SteroidPotion"},{"floor":46.0,"key":"SteroidPotion"},{"floor":48.0,"key":"GamblersBrew"}],"is_trial":false,"path_per_floor":["M","M","M","?","?","E","R","E","T","M","R","M","E","M","R","B",null,"M","M","M","?","M","R","$","E","T","$","R","?","E","M","R","B",null,"M","M","?","M","?","R","?","?","T","R","$","M","M","M","R","B","B",null,"R","$","E"],"character_chosen":"IRONCLAD","items_purchased":["Toxic Egg 2","Lee\u0027s Waffle","Shockwave+1","LiquidBronze","Havoc+1","Bronze Scales","SteroidPotion"],"campfire_rested":7,"item_purchase_floors":[24,24,24,24,27,45,54],"current_hp_per_floor":[72,73,75,80,80,52,52,23,23,12,36,40,24,30,30,36,69,59,49,49,49,26,50,87,53,53,53,79,79,39,45,71,16,69,74,63,63,82,77,77,77,77,84,94,94,72,78,90,94,55,94,94,94,94,0],"gold":1,"neow_bonus":"ONE_RANDOM_RARE_CARD","is_prod":false,"is_daily":false,"chose_seed":false,"campfire_upgraded":2,"win_rate":0,"timestamp":1544575871,"path_taken":["M","M","M","?","?","E","R","E","T","M","R","?","E","M","R","BOSS","M","M","?","?","?","R","?","E","T","$","R","?","E","?","R","BOSS","M","M","?","M","?","R","?","?","T","R","$","?","M","M","R","BOSS","BOSS","R","$","E"],"build_version":"2018-12-10","purchased_purges":0,"victory":false,"max_hp_per_floor":[75,75,75,80,80,80,80,80,80,80,80,80,80,80,80,80,80,80,80,80,80,80,80,87,87,87,87,87,87,87,87,87,87,87,87,87,87,87,87,87,87,87,94,94,94,94,94,94,94,94,94,94,94,94,94],"card_choices":[{"not_picked":["Clash","Pommel Strike"],"picked":"Iron Wave","floor":1.0},{"not_picked":["Sever Soul","True Grit"],"picked":"Cleave","floor":2.0},{"not_picked":["Armaments","Power Through"],"picked":"Limit Break","floor":3.0},{"not_picked":["Clash","Rupture","Perfected Strike"],"picked":"SKIP","floor":6.0},{"not_picked":["Carnage","Flex","Corruption"],"picked":"SKIP","floor":8.0},{"not_picked":["Second Wind","Infernal Blade","Clash"],"picked":"SKIP","floor":10.0},{"not_picked":["Flex","Corruption"],"picked":"Pommel Strike","floor":12.0},{"not_picked":["Body Slam","Inflame"],"picked":"Shrug It Off","floor":13.0},{"not_picked":["Sever Soul","Combust"],"picked":"Sword Boomerang","floor":14.0},{"not_picked":["Bludgeon","Brutality"],"picked":"Offering","floor":16.0},{"not_picked":["Anger","Dropkick"],"picked":"Armaments","floor":18.0},{"not_picked":["Heavy Blade","Body Slam"],"picked":"Iron Wave","floor":19.0},{"not_picked":["Fire Breathing+1","Thunderclap","Clash+1"],"picked":"SKIP","floor":20.0},{"not_picked":["Thunderclap","Flex","Cleave"],"picked":"SKIP","floor":22.0},{"not_picked":["Armaments+1","Berserk"],"picked":"Battle Trance+1","floor":25.0},{"not_picked":["Thunderclap","Hemokinesis","Wild Strike"],"picked":"SKIP","floor":30.0},{"not_picked":["Blood for Blood+1","Feel No Pain"],"picked":"Flame Barrier+1","floor":31.0},{"not_picked":["Double Tap+1","Offering+1"],"picked":"Reaper+1","floor":33.0},{"not_picked":["Anger+1","Iron Wave+1"],"picked":"Shrug It Off+1","floor":35.0},{"not_picked":["Warcry+1","Armaments+1","Spot Weakness+1"],"picked":"SKIP","floor":36.0},{"not_picked":["Entrench+1","Warcry+1"],"picked":"Seeing Red+1","floor":38.0},{"not_picked":["Transmutation+1","Enlightenment+1"],"picked":"Apotheosis+1","floor":39.0},{"not_picked":["Mind Blast+1","Flash of Steel+1"],"picked":"Violence+1","floor":39.0},{"not_picked":["Perfected Strike+1","Armaments+1"],"picked":"Heavy Blade+1","floor":46.0},{"not_picked":["Carnage+1","Clothesline+1"],"picked":"Pommel Strike+1","floor":47.0},{"not_picked":["Pummel+1","Twin Strike+1","Iron Wave+1"],"picked":"SKIP","floor":48.0}],"player_experience":1204870,"relics_obtained":[{"floor":6.0,"key":"MawBank"},{"floor":8.0,"key":"Oddly Smooth Stone"},{"floor":9.0,"key":"Bag of Marbles"},{"floor":13.0,"key":"Red Skull"},{"floor":25.0,"key":"Mercury Hourglass"},{"floor":30.0,"key":"Molten Egg 2"},{"floor":43.0,"key":"Strawberry"}],"event_choices":[{"damage_healed":0.0,"max_hp_gain":5.0,"max_hp_loss":0.0,"gold_gain":0.0,"event_name":"Big Fish","player_choice":"Donut","floor":4.0,"gold_loss":0.0,"damage_taken":0.0},{"damage_healed":0.0,"max_hp_gain":0.0,"max_hp_loss":0.0,"gold_gain":0.0,"event_name":"Upgrade Shrine","player_choice":"Upgraded","floor":5.0,"gold_loss":0.0,"damage_taken":0.0,"cards_upgraded":["Bash"]},{"damage_healed":0.0,"max_hp_gain":0.0,"max_hp_loss":0.0,"gold_gain":0.0,"event_name":"N\u0027loth","player_choice":"Ignored","floor":21.0,"gold_loss":0.0,"damage_taken":0.0},{"damage_healed":0.0,"max_hp_gain":0.0,"max_hp_loss":0.0,"gold_gain":0.0,"event_name":"WeMeetAgain","player_choice":"Gave Potion","floor":29.0,"gold_loss":0.0,"damage_taken":0.0,"relics_obtained":["Darkstone Periapt"]},{"damage_healed":0.0,"max_hp_gain":0.0,"max_hp_loss":0.0,"gold_gain":0.0,"event_name":"Mysterious Sphere","player_choice":"Ignored","floor":37.0,"gold_loss":0.0,"damage_taken":0.0},{"damage_healed":0.0,"max_hp_gain":0.0,"max_hp_loss":0.0,"gold_gain":0.0,"event_name":"SensoryStone","player_choice":"Memory 2","floor":39.0,"gold_loss":0.0,"damage_taken":5.0},{"cards_removed":["Iron Wave"],"damage_healed":0.0,"max_hp_gain":0.0,"max_hp_loss":0.0,"gold_gain":0.0,"event_name":"Falling","player_choice":"Removed Attack","floor":41.0,"gold_loss":0.0,"damage_taken":0.0},{"damage_healed":0.0,"max_hp_gain":0.0,"max_hp_loss":0.0,"gold_gain":0.0,"event_name":"Accursed Blacksmith","player_choice":"Forge","floor":42.0,"gold_loss":0.0,"damage_taken":0.0,"cards_upgraded":["Offering"]}],"is_beta":true,"boss_relics":[{"not_picked":["Runic Dome","Mark of Pain"],"picked":"Fusion Hammer"},{"not_picked":["Black Blood","Black Star"],"picked":"Lizard Tail"}],"items_purged_floors":[],"is_endless":false,"potions_floor_spawned":[2,3,12,14,18,25,33,35,46,48],"killed_by":"Shield and Spear","ascension_level":20}