{"gold_per_floor":[109,120,45,64,64,64,98,98,98,50,50,65,82,109,109,185,185,202,53,53,53,77,77,94,94,94,94,108,123,133,167,167,241,241,258,258,268,286,296,328,328,345,345,218,230,246,257,114,114,114],"floor_reached":51,"playtime":11920,"items_purged":["Strike_R","Strike_R","Strike_R+1","Strike_R+1"],"score":1147,"play_id":"85ee46b2-4b62-430f-b1ae-fcf66ea9eadf","local_time":"20190219005446","is_ascension_mode":true,"campfire_choices":[{"data":"Clothesline","floor":6.0,"key":"SMITH"},{"data":"Juggernaut","floor":8.0,"key":"SMITH"},{"data":"Bash","floor":11.0,"key":"SMITH"},{"data":"Metallicize","floor":15.0,"key":"SMITH"},{"data":"True Grit","floor":23.0,"key":"SMITH"},{"data":"Demon Form","floor":25.0,"key":"SMITH"},{"data":"Ghostly Armor","floor":27.0,"key":"SMITH"},{"data":"Whirlwind","floor":32.0,"key":"SMITH"},{"floor":41.0,"key":"REST"},{"floor":49.0,"key":"REST"}],"neow_cost":"NONE","seed_source_timestamp":0,"circlet_count":0,"master_deck":["AscendersBane","Strike_R+1","Defend_R+1","Defend_R+1","Defend_R+1","Defend_R+1","Bash+1","Clothesline+1","Ghostly Armor+1","Juggernaut+1","Cleave","Metallicize+1","Demon Form+1","Whirlwind+1","True Grit+1","Feel No Pain","Barricade","Shockwave+1","Flame Barrier+1","Battle Trance","Flame Barrier+1","Rage+1","Flash of Steel"],"special_seed":0,"relics":["Burning Blood","Singing Bowl","Sundial","Pantograph","Centennial Puzzle","Runic Dome","Ancient Tea Set","Smiling Mask","Red Mask","Fusion Hammer","Pen Nib","War Paint"],"potions_floor_usage":[50],"damage_taken":[{"damage":4.0,"enemies":"Small Slimes","floor":1.0,"turns":5.0},{"damage":0.0,"enemies":"Cultist","floor":2.0,"turns":4.0},{"damage":7.0,"enemies":"2 Louse","floor":4.0,"turns":4.0},{"damage":38.0,"enemies":"Lagavulin","floor":7.0,"turns":12.0},{"damage":6.0,"enemies":"Blue Slaver","floor":12.0,"turns":6.0},{"damage":0.0,"enemies":"Large Slime","floor":13.0,"turns":4.0},{"damage":27.0,"enemies":"Gremlin Nob","floor":14.0,"turns":5.0},{"damage":26.0,"enemies":"The Guardian","floor":16.0,"turns":12.0},{"damage":15.0,"enemies":"Spheric Guardian","floor":18.0,"turns":4.0},{"damage":12.0,"enemies":"Shell Parasite","floor":24.0,"turns":6.0},{"damage":16.0,"enemies":"Snecko","floor":28.0,"turns":4.0},{"damage":6.0,"enemies":"Sentry and Sphere","floor":29.0,"turns":5.0},{"damage":8.0,"enemies":"Cultist and Chosen","floor":30.0,"turns":5.0},{"damage":12.0,"enemies":"Masked Bandits","floor":31.0,"turns":3.0},{"damage":25.0,"enemies":"Champ","floor":33.0,"turns":11.0},{"damage":0.0,"enemies":"3 Shapes","floor":35.0,"turns":1.0},{"damage":26.0,"enemies":"3 Darklings","floor":37.0,"turns":4.0},{"damage":20.0,"enemies":"Spire Growth","floor":38.0,"turns":6.0},{"damage":15.0,"enemies":"Jaw Worm Horde","floor":39.0,"turns":5.0},{"damage":27.0,"enemies":"Nemesis","floor":40.0,"turns":9.0},{"damage":6.0,"enemies":"Writhing Mass","floor":42.0,"turns":6.0},{"damage":21.0,"enemies":"4 Shapes","floor":45.0,"turns":3.0},{"damage":17.0,"enemies":"Transient","floor":46.0,"turns":5.0},{"damage":7.0,"enemies":"Jaw Worm Horde","floor":47.0,"turns":2.0},{"damage":55,"enemies":"Awakened One","floor":50,"turns":13}],"seed_played":"-5553412045303551850","potions_obtained":[{"floor":7.0,"key":"PowerPotion"},{"floor":12.0,"key":"Explosive Potion"},{"floor":31.0,"key":"LiquidBronze"},{"floor":39.0,"key":"FearPotion"},{"floor":45.0,"key":"Explosive Potion"},{"floor":46.0,"key":"FearPotion"},{"floor":47.0,"key":"Ancient Potion"}],"is_trial":false,"path_per_floor":["M","M","$","M","?","R","E","R","T","$","R","M","M","E","R","B",null,"M","$","?","?","T","R","M","R","T","R","M","M","M","?","R","B",null,"M","?","M","M","M","E","R","M","T","$","M","M","M","$","R","B",null],"character_chosen":"IRONCLAD","items_purchased":["Cleave","True Grit","Battle Trance","Flash of Steel"],"campfire_rested":2,"item_purchase_floors":[10,19,44,48],"current_hp_per_floor":[77,82,82,81,81,81,49,49,49,49,49,49,57,38,38,43,75,66,66,66,66,66,66,62,62,62,62,54,56,56,52,52,58,87,95,95,77,65,56,35,65,67,67,67,52,41,42,42,73,49],"gold":114,"neow_bonus":"TEN_PERCENT_HP_BONUS","is_prod":false,"is_daily":false,"chose_seed":false,"campfire_upgraded":8,"win_rate":0,"timestamp":1550505286,"path_taken":["M","M","$","M","?","R","E","R","T","$","R","M","?","E","R","BOSS","M","$","?","?","?","R","M","R","T","R","M","M","M","?","R","BOSS","M","?","?","M","M","E","R","M","T","$","M","M","M","$","R","BOSS"],"build_version":"2019-01-23","purchased_purges":4,"victory":true,"max_hp_per_floor":[82,82,82,82,82,82,82,82,82,82,82,82,84,86,86,86,86,86,86,86,86,86,86,88,88,88,88,90,92,94,96,96,96,96,98,98,100,102,102,102,102,104,104,104,104,104,106,106,106,106],"card_choices":[{"not_picked":["Perfected Strike","Body Slam"],"picked":"Clothesline","floor":1.0},{"not_picked":["Havoc","Armaments"],"picked":"Evolve","floor":2.0},{"not_picked":["Flex","Hemokinesis"],"picked":"Ghostly Armor","floor":4.0},{"not_picked":["Cleave","Body Slam"],"picked":"Juggernaut","floor":7.0},{"not_picked":["Hemokinesis","Rampage"],"picked":"Metallicize","floor":12.0},{"not_picked":["Pommel Strike","Warcry","Twin Strike"],"picked":"Singing Bowl","floor":13.0},{"not_picked":["Thunderclap","Fiend Fire","Pommel Strike"],"picked":"Singing Bowl","floor":14.0},{"not_picked":["Double Tap","Offering"],"picked":"Demon Form","floor":16.0},{"not_picked":["Warcry","Thunderclap"],"picked":"Whirlwind","floor":18.0},{"not_picked":["Armaments","Headbutt+1","Corruption"],"picked":"Singing Bowl","floor":24.0},{"not_picked":["Cleave","Perfected Strike","Body Slam"],"picked":"Singing Bowl","floor":28.0},{"not_picked":["Armaments+1","Reckless Charge","Sever Soul"],"picked":"Singing Bowl","floor":29.0},{"not_picked":["Cleave","Uppercut","Flex"],"picked":"Singing Bowl","floor":30.0},{"not_picked":["Dual Wield","Havoc","Uppercut"],"picked":"Singing Bowl","floor":31.0},{"not_picked":["Feed","Reaper"],"picked":"Barricade","floor":33.0},{"not_picked":["Clash","Feel No Pain","Dropkick"],"picked":"Singing Bowl","floor":35.0},{"not_picked":["Havoc","Reckless Charge","Headbutt"],"picked":"Singing Bowl","floor":37.0},{"not_picked":["Clash","Iron Wave","Flex"],"picked":"Singing Bowl","floor":38.0},{"not_picked":["Rampage","Shrug It Off+1"],"picked":"Shockwave","floor":39.0},{"not_picked":["Headbutt","Sever Soul"],"picked":"Flame Barrier","floor":40.0},{"not_picked":["Shrug It Off","Feel No Pain","Ghostly Armor"],"picked":"Singing Bowl","floor":42.0},{"not_picked":["Reaper","Rampage"],"picked":"Flame Barrier+1","floor":45.0},{"not_picked":["Inflame","Sword Boomerang"],"picked":"Rage+1","floor":46.0},{"not_picked":["Carnage","Combust","Flex+1"],"picked":"Singing Bowl","floor":47.0}],"player_experience":596645,"relics_obtained":[{"floor":7.0,"key":"Sundial"},{"floor":9.0,"key":"Pantograph"},{"floor":14.0,"key":"Centennial Puzzle"},{"floor":22.0,"key":"Ancient Tea Set"},{"floor":26.0,"key":"Smiling Mask"},{"floor":31.0,"key":"Red Mask"},{"floor":40.0,"key":"Pen Nib"},{"floor":43.0,"key":"War Paint"}],"event_choices":[{"cards_removed":["Evolve"],"damage_healed":0.0,"max_hp_gain":0.0,"max_hp_loss":0.0,"gold_gain":0.0,"event_name":"WeMeetAgain","player_choice":"Gave Card","floor":5.0,"gold_loss":0.0,"damage_taken":0.0,"relics_obtained":["Singing Bowl"]},{"damage_healed":0.0,"max_hp_gain":0.0,"max_hp_loss":0.0,"gold_gain":0.0,"event_name":"The Library","player_choice":"Read","floor":20.0,"gold_loss":0.0,"damage_taken":0.0,"cards_obtained":["Feel No Pain"]},{"damage_healed":0.0,"max_hp_gain":0.0,"max_hp_loss":0.0,"gold_gain":0.0,"event_name":"Back to Basics","player_choice":"Simplicity","floor":21.0,"gold_loss":0.0,"damage_taken":0.0,"cards_upgraded":["Strike_R","Strike_R","Strike_R","Defend_R","Defend_R","Defend_R","Defend_R"]},{"damage_healed":0.0,"max_hp_gain":0.0,"max_hp_loss":0.0,"gold_gain":0.0,"event_name":"Masked Bandits","player_choice":"Fought Bandits","floor":31.0,"gold_loss":0.0,"damage_taken":0.0},{"damage_healed":0.0,"max_hp_gain":0.0,"max_hp_loss":0.0,"gold_gain":0.0,"event_name":"SecretPortal","player_choice":"Ignored","floor":36.0,"gold_loss":0.0,"damage_taken":0.0}],"is_beta":false,"boss_relics":[{"not_picked":["Sozu","Calling Bell"],"picked":"Runic Dome"},{"not_picked":["Eternal Feather","Runic Cube"],"picked":"Fusion Hammer"}],"items_purged_floors":[3,19,44,48],"is_endless":false,"potions_floor_spawned":[7,12,16,18,28,31,39,42,45,46,47],"ascension_level":15}