{"gold_per_floor":[17,28,28,28,46,76,76,111,111,111,185,203,221,221],"floor_reached":14,"playtime":305,"items_purged":[],"score":145,"play_id":"ff994021-9521-43c7-87a6-a0f176df3b33","local_time":"20180823151719","is_ascension_mode":true,"campfire_choices":[{"data":"Flex","floor":7,"key":"SMITH"}],"neow_cost":"NO_GOLD","seed_source_timestamp":164012961359780,"circlet_count":0,"master_deck":["Strike_R","Strike_R","Strike_R","Strike_R","Defend_R+1","Defend_R","Defend_R","Defend_R","Bash","Bludgeon","Pommel Strike","Cleave","Dropkick","Flex+1","Flame Barrier+1","Headbutt"],"relics":["Burning Blood","Art of War","Paper Frog","War Paint","Du-Vu Doll","Matryoshka"],"potions_floor_usage":[],"damage_taken":[{"damage":7,"enemies":"2 Louse","floor":1,"turns":3},{"damage":11,"enemies":"Small Slimes","floor":2,"turns":4},{"damage":12,"enemies":"Jaw Worm","floor":5,"turns":2},{"damage":8,"enemies":"Gremlin Nob","floor":6,"turns":3},{"damage":35,"enemies":"Lagavulin","floor":8,"turns":4},{"damage":6,"enemies":"Exordium Thugs","floor":12,"turns":3},{"damage":0,"enemies":"Large Slime","floor":13,"turns":6},{"damage":23,"enemies":"Exordium Wildlife","floor":14,"turns":3}],"seed_played":"-4654059572028903103","potions_obtained":[{"floor":2,"key":"LiquidBronze"},{"floor":8,"key":"SkillPotion"}],"is_trial":false,"path_per_floor":["M","M","?","$","M","E","R","E","T","?","T","M","M"],"character_chosen":"IRONCLAD","items_purchased":[],"campfire_rested":0,"item_purchase_floors":[],"current_hp_per_floor":[71,66,59,59,53,51,51,22,22,15,15,15,21,0],"gold":221,"neow_bonus":"THREE_RARE_CARDS","is_prod":false,"is_daily":false,"chose_seed":false,"campfire_upgraded":1,"win_rate":0,"timestamp":1535030239,"path_taken":["M","M","?","?","M","E","R","E","T","?","?","M","?","M"],"build_version":"2018-08-16","purchased_purges":0,"victory":false,"max_hp_per_floor":[80,80,80,80,80,80,80,80,80,80,80,80,80,80],"card_choices":[{"not_picked":["Brutality","Immolate"],"picked":"Bludgeon","floor":0},{"not_picked":["Headbutt","Heavy Blade"],"picked":"Pommel Strike","floor":1},{"not_picked":["Clash","True Grit"],"picked":"Cleave","floor":2},{"not_picked":["Clash","Entrench"],"picked":"Dropkick","floor":5},{"not_picked":["Clash","Thunderclap"],"picked":"Flex","floor":6},{"not_picked":["Rage","Anger"],"picked":"Flame Barrier","floor":8},{"not_picked":["Reckless Charge","Dark Embrace","Perfected Strike"],"picked":"SKIP","floor":12},{"not_picked":["Evolve","Hemokinesis"],"picked":"Headbutt","floor":13}],"player_experience":923575,"relics_obtained":[{"floor":6,"key":"Art of War"},{"floor":8,"key":"Paper Frog"},{"floor":9,"key":"War Paint"},{"floor":11,"key":"Matryoshka"}],"event_choices":[{"event_name":"Golden Wing","player_choice":"Card Removal","floor":3,"damage_taken":0},{"event_name":"Scrap Ooze","player_choice":"success","floor":10,"damage_taken":7}],"is_beta":false,"boss_relics":[],"items_purged_floors":[],"is_endless":false,"potions_floor_spawned":[2,8],"killed_by":"Exordium Wildlife","ascension_level":9}