{"path_per_floor":["M","?","?","M","$","R","$","R","T","M","?","M","M","$","R"],"character_chosen":"THE_SILENT","items_purchased":["Explosive Potion","Deadly Poison"],"gold_per_floor":[148,148,148,160,108,108,54,54,54,74,74,88,101,26,26,26],"floor_reached":16,"campfire_rested":1,"playtime":8557,"current_hp_per_floor":[75,60,53,53,53,53,53,53,53,53,41,30,29,29,51,9],"items_purged":["Strike_G"],"gold":26,"score":104,"play_id":"4e919af4-7466-4e2f-9cbf-127e6bd5b947","local_time":"20180510121641","is_prod":false,"is_daily":false,"chose_seed":false,"is_ascension_mode":true,"campfire_upgraded":2,"timestamp":1525947401,"path_taken":["M","?","?","M","?","R","$","R","T","M","?","M","?","?","R","BOSS"],"build_version":"2018-05-03","seed_source_timestamp":0,"purchased_purges":2,"victory":false,"master_deck":["Defend_G","Defend_G+1","Defend_G","Defend_G+1","Defend_G","Strike_G","Strike_G","Strike_G+1","Strike_G","Survivor+1","Neutralize+1","Escape Plan+1","Corpse Explosion","Escape Plan","Deadly Poison+1","Deflect","Deadly Poison","Poisoned Stab"],"max_hp_per_floor":[75,75,75,75,75,75,75,75,75,75,75,75,75,75,75,75],"relics":["Tiny House","War Paint","Snake Skull"],"card_choices":[{"not_picked":["Slice","Backflip"],"picked":"Escape Plan","floor":0.0},{"not_picked":["Quick Slash","PiercingWail"],"picked":"Corpse Explosion","floor":1.0},{"not_picked":["Deflect","Flying Knee"],"picked":"Escape Plan","floor":4.0},{"not_picked":["Dagger Spray","Bane"],"picked":"Deflect","floor":10.0},{"not_picked":["Eviscerate","Cloak And Dagger"],"picked":"Deadly Poison","floor":12.0},{"not_picked":["Outmaneuver","Flechettes"],"picked":"Poisoned Stab","floor":13.0}],"player_experience":433026,"potions_floor_usage":[16,16,16],"damage_taken":[{"damage":0.0,"enemies":"Jaw Worm","floor":1.0,"turns":4.0},{"damage":0.0,"enemies":"Small Slimes","floor":4.0,"turns":3.0},{"damage":0.0,"enemies":"Cultist","floor":10.0,"turns":3.0},{"damage":11.0,"enemies":"Exordium Thugs","floor":12.0,"turns":6.0},{"damage":1.0,"enemies":"Large Slime","floor":13.0,"turns":6.0},{"damage":42,"enemies":"Slime Boss","floor":16,"turns":10}],"event_choices":[{"event_name":"Shining Light","player_choice":"Entered Light","floor":2.0,"damage_taken":0.0},{"event_name":"Wheel of Change","player_choice":"Damage","floor":3.0,"damage_taken":0.0},{"event_name":"Scrap Ooze","player_choice":"success","floor":11.0,"damage_taken":12.0}],"boss_relics":[],"potions_floor_spawned":[1,13],"seed_played":"-953207780889848604","killed_by":"Slime Boss","ascension_level":3,"is_trial":false}