{"path_per_floor":["M","M","M","M","$","R","E","M","T"],"character_chosen":"THE_SILENT","items_purchased":["Deflect"],"gold_per_floor":[11,22,41,59,33,33,58,77,101,101],"floor_reached":10,"campfire_rested":1,"playtime":2405,"item_purchase_floors":[5],"current_hp_per_floor":[58,58,53,25,25,46,40,37,44,0],"items_purged":[],"gold":101,"score":91,"play_id":"98b26717-af08-40e7-9330-ab84d7776e7d","local_time":"20180605134237","is_prod":false,"is_daily":false,"chose_seed":false,"is_ascension_mode":true,"campfire_upgraded":0,"win_rate":0,"timestamp":1528198957,"campfire_choices":[{"floor":6,"key":"REST"}],"path_taken":["M","M","M","M","$","R","E","M","T","E"],"build_version":"2018-05-31","seed_source_timestamp":205139518717402,"purchased_purges":0,"victory":false,"master_deck":["Defend_G","Defend_G","Defend_G","Defend_G","Strike_G","Strike_G","Strike_G","Strike_G","Survivor","Neutralize","Burst","Concentrate","Crippling Poison","Dash","Deadly Poison","All Out Attack","Deflect","Dodge and Roll","Dagger Throw"],"max_hp_per_floor":[70,70,70,70,70,70,70,70,77,77],"relics":["Ring of the Snake","Bag of Marbles","Strawberry"],"card_choices":[{"not_picked":["Dagger Throw","Distraction"],"picked":"Crippling Poison","floor":1.0},{"not_picked":["Prepared","Acrobatics"],"picked":"Dash","floor":2.0},{"not_picked":["Setup","Noxious Fumes"],"picked":"Deadly Poison","floor":3.0},{"not_picked":["Crippling Poison","Terror"],"picked":"All Out Attack","floor":4},{"not_picked":["All Out Attack","Outmaneuver"],"picked":"Dodge and Roll","floor":7},{"not_picked":["Caltrops","Finisher"],"picked":"Dagger Throw","floor":8}],"player_experience":584316,"potions_floor_usage":[4,4,7],"damage_taken":[{"damage":5.0,"enemies":"Small Slimes","floor":1.0,"turns":6.0},{"damage":0.0,"enemies":"2 Louse","floor":2.0,"turns":3.0},{"damage":5.0,"enemies":"Jaw Worm","floor":3.0,"turns":5.0},{"damage":28,"enemies":"Large Slime","floor":4,"turns":8},{"damage":6,"enemies":"Lagavulin","floor":7,"turns":5},{"damage":3,"enemies":"Blue Slaver","floor":8,"turns":5},{"damage":61,"enemies":"Gremlin Nob","floor":10,"turns":5}],"relics_obtained":[{"floor":7,"key":"Bag of Marbles"},{"floor":9,"key":"Strawberry"}],"event_choices":[],"boss_relics":[],"items_purged_floors":[],"potions_floor_spawned":[1,2,4],"seed_played":"-1805413470202661078","killed_by":"Gremlin Nob","ascension_level":6,"potions_obtained":[{"floor":1.0,"key":"Explosive Potion"},{"floor":2.0,"key":"SkillPotion"},{"floor":4,"key":"SkillPotion"}],"is_trial":false}