{"gold_per_floor":[119,119,129,129,144,144,157,171,171,211,225,244,47,82,82,207,207,231,231,231,231,6,50,50,73,98,0,0,24,24],"floor_reached":30,"playtime":820,"items_purged":["Writhe"],"score":377,"play_id":"db9cd39f-9765-49be-b6e4-2c5eb3355307","local_time":"20181002002445","is_ascension_mode":true,"campfire_choices":[{"data":"Zap","floor":6.0,"key":"SMITH"},{"floor":15.0,"key":"REST"},{"floor":28.0,"key":"REST"}],"neow_cost":"NONE","seed_source_timestamp":736313960351791,"circlet_count":0,"master_deck":["Strike_B+1","Strike_B+1","Strike_B+1","Strike_B+1","Defend_B+1","Defend_B+1","Defend_B+1","Defend_B+1","Zap+1","Dualcast","Rip and Tear","Go for the Eyes","Sweeping Beam","Leap","Ball Lightning","Ball Lightning","Sweeping Beam","Thunder Strike","Steam","White Noise","Conserve Battery","Electrodynamics","FTL+1"],"special_seed":0,"relics":["Orrery","Potion Belt","Golden Idol","Singing Bowl","Shovel","Runic Capacitor","Ancient Tea Set","Runic Dome","Omamori","Art of War","Ornamental Fan","Orichalcum"],"potions_floor_usage":[29],"damage_taken":[{"damage":0.0,"enemies":"Jaw Worm","floor":1.0,"turns":3.0},{"damage":7.0,"enemies":"2 Louse","floor":3.0,"turns":2.0},{"damage":0.0,"enemies":"Cultist","floor":5.0,"turns":2.0},{"damage":9.0,"enemies":"Red Slaver","floor":7.0,"turns":3.0},{"damage":0.0,"enemies":"Large Slime","floor":8.0,"turns":4.0},{"damage":1.0,"enemies":"3 Sentries","floor":10.0,"turns":2.0},{"damage":6.0,"enemies":"Exordium Wildlife","floor":11.0,"turns":3.0},{"damage":4.0,"enemies":"Blue Slaver","floor":12.0,"turns":2.0},{"damage":14.0,"enemies":"Lagavulin","floor":14.0,"turns":3.0},{"damage":24.0,"enemies":"Hexaghost","floor":16.0,"turns":9.0},{"damage":25.0,"enemies":"2 Thieves","floor":18.0,"turns":4.0},{"damage":61.0,"enemies":"Gremlin Leader","floor":23.0,"turns":5.0},{"damage":4.0,"enemies":"Chosen","floor":25.0,"turns":3.0},{"damage":6,"enemies":"Centurion and Healer","floor":29,"turns":6},{"damage":27,"enemies":"Snake Plant","floor":30,"turns":4}],"seed_played":"3860115430215828888","potions_obtained":[{"floor":3.0,"key":"SteroidPotion"},{"floor":5.0,"key":"PowerPotion"},{"floor":8.0,"key":"SteroidPotion"},{"floor":14.0,"key":"Weak Potion"},{"floor":23.0,"key":"GamblersBrew"}],"is_trial":false,"path_per_floor":["M","?","M","?","M","R","M","M","T","E","M","M","$","E","R","B",null,"M","?","?","?","$","E","$","M","T","?","R","M"],"character_chosen":"DEFECT","items_purchased":["Runic Capacitor","Art of War"],"campfire_rested":2,"item_purchase_floors":[13,22],"current_hp_per_floor":[68,61,54,54,54,54,45,45,45,44,40,38,38,24,45,23,62,46,46,46,71,71,10,10,8,8,8,31,27,0],"gold":24,"neow_bonus":"BOSS_RELIC","is_prod":false,"is_daily":false,"chose_seed":false,"campfire_upgraded":1,"win_rate":0,"timestamp":1538432685,"path_taken":["M","?","M","?","?","R","M","M","T","E","M","M","?","E","R","BOSS","M","?","?","?","$","E","?","?","T","?","R","M","M"],"build_version":"2018-09-27","purchased_purges":1,"victory":false,"max_hp_per_floor":[75,75,75,69,69,69,69,69,69,69,71,73,73,73,73,75,75,77,77,77,77,77,77,77,79,79,79,79,81,81],"card_choices":[{"not_picked":["Hologram","Chaos"],"picked":"Rip and Tear","floor":0.0},{"not_picked":["Static Discharge","Hologram"],"picked":"Go for the Eyes","floor":0.0},{"not_picked":["Redo","Rebound"],"picked":"Sweeping Beam","floor":0.0},{"not_picked":["Hyperbeam","Capacitor"],"picked":"Leap","floor":0.0},{"not_picked":["Go for the Eyes","Sweeping Beam"],"picked":"Ball Lightning","floor":0.0},{"not_picked":["Force Field","Rebound"],"picked":"Ball Lightning","floor":1.0},{"not_picked":["Redo","Force Field"],"picked":"Sweeping Beam","floor":3.0},{"not_picked":["Steam Power","Ball Lightning"],"picked":"Thunder Strike","floor":5.0},{"not_picked":["Static Discharge","Sweeping Beam"],"picked":"Steam","floor":7.0},{"not_picked":["Turbo","Force Field"],"picked":"White Noise","floor":8.0},{"not_picked":["Chaos","Melter"],"picked":"Conserve Battery","floor":10.0},{"not_picked":["Coolheaded","Streamline","Gash"],"picked":"Singing Bowl","floor":11.0},{"not_picked":["Compile Driver","Turbo","Skim"],"picked":"Singing Bowl","floor":12.0},{"not_picked":["Sweeping Beam","Leap"],"picked":"Electrodynamics","floor":14.0},{"not_picked":["Electrodynamics","All For One","Meteor Strike"],"picked":"Singing Bowl","floor":16.0},{"not_picked":["Hologram","Streamline","Sweeping Beam"],"picked":"Singing Bowl","floor":18.0},{"not_picked":["Gash","Heatsinks+1"],"picked":"FTL+1","floor":23.0},{"not_picked":["Conserve Battery","Go for the Eyes","Streamline"],"picked":"Singing Bowl","floor":25.0},{"not_picked":["Streamline","Cold Snap","Redo"],"picked":"Singing Bowl","floor":29}],"player_experience":1020470,"relics_obtained":[{"floor":9.0,"key":"Singing Bowl"},{"floor":10.0,"key":"Shovel"},{"floor":14.0,"key":"Ancient Tea Set"},{"floor":23.0,"key":"Ornamental Fan"},{"floor":26.0,"key":"Orichalcum"}],"event_choices":[{"event_name":"Scrap Ooze","player_choice":"success","floor":2.0,"damage_taken":7.0},{"event_name":"Golden Idol","player_choice":"Lose Max HP","floor":4.0,"damage_taken":0.0},{"event_name":"The Mausoleum","player_choice":"Yes","floor":19.0,"damage_taken":0.0},{"event_name":"Back to Basics","player_choice":"Simplicity","floor":20.0,"damage_taken":0.0},{"event_name":"The Library","player_choice":"Heal","floor":21.0,"damage_taken":0.0},{"event_name":"Masked Bandits","player_choice":"Paid Fearfully","floor":27.0,"damage_taken":0.0}],"is_beta":false,"boss_relics":[{"not_picked":["Busted Crown","Philosopher\u0027s Stone"],"picked":"Runic Dome"}],"items_purged_floors":[22],"is_endless":false,"potions_floor_spawned":[3,5,8,14,23],"killed_by":"Snake Plant","ascension_level":9}