{"gold_per_floor":[143,143,28,46,61,61,96,110,110,110,127,127,127,127,127,227,227,227,142,142,142,142,142,142,142],"floor_reached":25,"playtime":2720,"items_purged":["Strike_B"],"score":322,"play_id":"f2f798cd-54a0-4685-9e97-a67115d643e2","local_time":"20190208225923","is_ascension_mode":true,"campfire_choices":[{"data":"Zap","floor":6.0,"key":"SMITH"},{"data":"Dualcast","floor":12.0,"key":"SMITH"},{"data":"Defragment","floor":15.0,"key":"SMITH"},{"data":"Defragment","floor":23.0,"key":"SMITH"}],"neow_cost":"NONE","seed_source_timestamp":0,"circlet_count":0,"master_deck":["AscendersBane","Strike_B","Defend_B","Defend_B","Defend_B","Defend_B","Zap+1","Dualcast+1","Cold Snap","Flash of Steel","Self Repair","Defragment+1","Conserve Battery","BootSequence","Defragment+1","Echo Form","Redo+1","Capacitor","Darkness"],"special_seed":0,"relics":["Cracked Core","Tiny Chest","Smiling Mask","Oddly Smooth Stone","Ectoplasm","Pantograph","Matryoshka"],"potions_floor_usage":[25,25],"damage_taken":[{"damage":11.0,"enemies":"Jaw Worm","floor":1.0,"turns":4.0},{"damage":0.0,"enemies":"Cultist","floor":4.0,"turns":4.0},{"damage":2.0,"enemies":"Small Slimes","floor":5.0,"turns":3.0},{"damage":22.0,"enemies":"Gremlin Nob","floor":7.0,"turns":5.0},{"damage":3.0,"enemies":"3 Louse","floor":8.0,"turns":3.0},{"damage":0.0,"enemies":"Looter","floor":11.0,"turns":4.0},{"damage":18.0,"enemies":"Hexaghost","floor":16.0,"turns":14.0},{"damage":0.0,"enemies":"3 Byrds","floor":18.0,"turns":6.0},{"damage":6.0,"enemies":"Shell Parasite","floor":20.0,"turns":6.0},{"damage":26.0,"enemies":"Colosseum Slavers","floor":22.0,"turns":5.0},{"damage":37.0,"enemies":"Shelled Parasite and Fungi","floor":24.0,"turns":7.0},{"damage":40,"enemies":"Slavers","floor":25,"turns":3}],"seed_played":"698155996643982104","potions_obtained":[{"floor":1.0,"key":"FocusPotion"},{"floor":8.0,"key":"Explosive Potion"},{"floor":11.0,"key":"Fire Potion"},{"floor":16.0,"key":"AttackPotion"},{"floor":24.0,"key":"Strength Potion"}],"is_trial":false,"path_per_floor":["M","?","$","M","M","R","E","M","T","?","M","R","?","?","R","B",null,"M","?","M","T","?","R","M","E"],"character_chosen":"DEFECT","items_purchased":["Self Repair"],"campfire_rested":0,"item_purchase_floors":[3],"current_hp_per_floor":[57,57,57,64,69,69,54,58,58,51,58,58,58,58,58,47,68,75,75,75,75,63,63,33,0],"gold":142,"neow_bonus":"RANDOM_COMMON_RELIC","is_prod":false,"is_daily":false,"chose_seed":false,"campfire_upgraded":4,"win_rate":0,"timestamp":1549634363,"path_taken":["M","?","$","M","M","R","E","?","T","?","M","R","?","?","R","BOSS","M","?","M","?","?","R","?","E"],"build_version":"2019-01-23","purchased_purges":1,"victory":false,"max_hp_per_floor":[75,75,75,75,75,75,75,75,75,75,75,75,75,75,75,75,75,75,75,75,75,75,75,75,75],"card_choices":[{"not_picked":["BootSequence","Gash"],"picked":"Cold Snap","floor":1.0},{"not_picked":["Chaos","Barrage","Defragment"],"picked":"SKIP","floor":4.0},{"not_picked":["Chaos","Barrage"],"picked":"Defragment","floor":4.0},{"not_picked":["Gash","Stack"],"picked":"Conserve Battery","floor":5.0},{"not_picked":["Storm","Redo"],"picked":"BootSequence","floor":7.0},{"not_picked":["Scrape","Cold Snap"],"picked":"Defragment","floor":8.0},{"not_picked":["Thunder Strike","Redo","Streamline"],"picked":"SKIP","floor":11.0},{"not_picked":["Amplify","Buffer"],"picked":"Echo Form","floor":16.0},{"not_picked":["Double Energy","Go for the Eyes"],"picked":"Redo+1","floor":18.0},{"not_picked":["Stack","Rip and Tear+1"],"picked":"Capacitor","floor":20.0},{"not_picked":["Fusion","Barrage"],"picked":"Darkness","floor":24.0}],"player_experience":544374,"relics_obtained":[{"floor":7.0,"key":"Smiling Mask"},{"floor":9.0,"key":"Oddly Smooth Stone"},{"floor":21.0,"key":"Matryoshka"}],"event_choices":[{"damage_healed":0.0,"max_hp_gain":0.0,"max_hp_loss":0.0,"gold_gain":0.0,"event_name":"Match and Keep!","player_choice":"1 cards matched","floor":2.0,"gold_loss":0.0,"damage_taken":0.0,"cards_obtained":["Flash of Steel"]},{"cards_removed":["Strike_B"],"damage_healed":0.0,"max_hp_gain":0.0,"max_hp_loss":0.0,"gold_gain":0.0,"event_name":"Golden Wing","player_choice":"Card Removal","floor":10.0,"gold_loss":0.0,"damage_taken":7.0},{"cards_removed":["Strike_B"],"damage_healed":0.0,"max_hp_gain":0.0,"max_hp_loss":0.0,"gold_gain":0.0,"event_name":"Living Wall","player_choice":"Forget","floor":13.0,"gold_loss":0.0,"damage_taken":0.0},{"damage_healed":0.0,"max_hp_gain":0.0,"max_hp_loss":0.0,"gold_gain":0.0,"event_name":"Liars Game","player_choice":"Ignored","floor":14.0,"gold_loss":0.0,"damage_taken":0.0},{"damage_healed":0.0,"max_hp_gain":0.0,"max_hp_loss":0.0,"gold_gain":0.0,"event_name":"Addict","player_choice":"Obtained Relic","floor":19.0,"gold_loss":85.0,"damage_taken":0.0,"relics_obtained":["Pantograph"]},{"damage_healed":0.0,"max_hp_gain":0.0,"max_hp_loss":0.0,"gold_gain":0.0,"event_name":"Colosseum","player_choice":"Fight","floor":22.0,"gold_loss":0.0,"damage_taken":0.0},{"damage_healed":0.0,"max_hp_gain":0.0,"max_hp_loss":0.0,"gold_gain":0.0,"event_name":"Colosseum","player_choice":"Fled From Nobs","floor":22.0,"gold_loss":0.0,"damage_taken":0.0}],"is_beta":false,"boss_relics":[{"not_picked":["Eternal Feather","Cursed Key"],"picked":"Ectoplasm"}],"items_purged_floors":[3],"is_endless":false,"potions_floor_spawned":[1,8,11,16,22,24],"killed_by":"Slavers","ascension_level":12}