{"gold_per_floor":[19,29,49,69,82,112,112,125,125,150,169,194,194,194,194,266,266,281,281,195,195,195,195,205,233,256,256],"floor_reached":27,"playtime":1281,"items_purged":[],"score":506,"play_id":"1aee3f0a-91e8-432b-8024-0fef8cf78ec9","local_time":"20190217204454","is_ascension_mode":true,"campfire_choices":[{"data":"Immolate","floor":7.0,"key":"SMITH"},{"data":"Demon Form","floor":13.0,"key":"SMITH"},{"data":"Bash","floor":15.0,"key":"SMITH"},{"data":"Corruption","floor":23.0,"key":"SMITH"}],"neow_cost":"NO_GOLD","seed_source_timestamp":25385402727993,"circlet_count":0,"master_deck":["AscendersBane","Strike_R","Strike_R","Strike_R","Strike_R","Strike_R","Defend_R","Defend_R","Defend_R","Defend_R","Bash+1","Immolate+1","Spot Weakness","Armaments","True Grit","Anger","Shrug It Off","Disarm+1","True Grit","Combust+1","Hemokinesis","Demon Form+1","Feed","True Grit","Corruption+1","Ghostly","Ghostly","Ghostly","Havoc+1"],"special_seed":0,"relics":["Burning Blood","Pear","Meat on the Bone","Happy Flower","Ornamental Fan","Velvet Choker","Enchiridion","Dodecahedron","Ancient Tea Set"],"potions_floor_usage":[],"damage_taken":[{"damage":7.0,"enemies":"Jaw Worm","floor":1.0,"turns":3.0},{"damage":5.0,"enemies":"Small Slimes","floor":2.0,"turns":3.0},{"damage":0.0,"enemies":"2 Louse","floor":3.0,"turns":2.0},{"damage":17.0,"enemies":"Large Slime","floor":4.0,"turns":7.0},{"damage":11.0,"enemies":"Looter","floor":5.0,"turns":2.0},{"damage":28.0,"enemies":"Lagavulin","floor":6.0,"turns":7.0},{"damage":0.0,"enemies":"Gremlin Gang","floor":8.0,"turns":3.0},{"damage":15.0,"enemies":"3 Sentries","floor":10.0,"turns":5.0},{"damage":0.0,"enemies":"3 Louse","floor":11.0,"turns":2.0},{"damage":11.0,"enemies":"Gremlin Nob","floor":12.0,"turns":3.0},{"damage":4.0,"enemies":"Hexaghost","floor":16.0,"turns":10.0},{"damage":5.0,"enemies":"3 Byrds","floor":18.0,"turns":4.0},{"damage":7,"enemies":"Chosen","floor":24,"turns":7},{"damage":15,"enemies":"Book of Stabbing","floor":25,"turns":6},{"damage":44,"enemies":"Slavers","floor":27,"turns":3}],"seed_played":"4765560979796871557","potions_obtained":[{"floor":1.0,"key":"Explosive Potion"},{"floor":4.0,"key":"SteroidPotion"},{"floor":5.0,"key":"Explosive Potion"},{"floor":11.0,"key":"SteroidPotion"}],"is_trial":false,"path_per_floor":["M","M","M","M","M","E","R","M","T","E","M","E","R","?","R","B",null,"M","?","$","?","?","R","M","E","T","E"],"character_chosen":"IRONCLAD","items_purchased":["Corruption"],"campfire_rested":0,"item_purchase_floors":[20],"current_hp_per_floor":[67,68,74,63,58,46,46,52,52,55,61,56,56,30,30,44,75,76,55,55,55,42,42,44,35,35,0],"gold":256,"neow_bonus":"THREE_RARE_CARDS","is_prod":false,"is_daily":false,"chose_seed":false,"campfire_upgraded":4,"win_rate":0,"timestamp":1550454294,"path_taken":["M","M","M","M","M","E","R","M","T","E","M","E","R","?","R","BOSS","M","?","$","?","?","R","M","E","T","E"],"build_version":"2019-01-23","purchased_purges":0,"victory":false,"max_hp_per_floor":[75,75,75,75,75,85,85,85,85,85,85,85,85,85,85,85,85,85,85,85,85,42,42,45,45,45,45],"card_choices":[{"not_picked":["Demon Form","Brutality"],"picked":"Immolate","floor":0.0},{"not_picked":["True Grit","Cleave"],"picked":"Spot Weakness","floor":1.0},{"not_picked":["Metallicize","Heavy Blade"],"picked":"Armaments","floor":2.0},{"not_picked":["Wild Strike","Flex"],"picked":"True Grit","floor":3.0},{"not_picked":["Heavy Blade","True Grit"],"picked":"Anger","floor":4.0},{"not_picked":["Twin Strike","Whirlwind"],"picked":"Shrug It Off","floor":5.0},{"not_picked":["Perfected Strike","Sword Boomerang"],"picked":"Disarm","floor":6.0},{"not_picked":["Cleave","Anger"],"picked":"True Grit","floor":8.0},{"not_picked":["Seeing Red","Blood for Blood"],"picked":"Combust","floor":10.0},{"not_picked":["Headbutt","Twin Strike"],"picked":"Hemokinesis","floor":11.0},{"not_picked":["Whirlwind","Rampage"],"picked":"Demon Form","floor":12.0},{"not_picked":["Juggernaut","Bludgeon"],"picked":"Feed","floor":16.0},{"not_picked":["Wild Strike","Power Through"],"picked":"True Grit","floor":18.0},{"not_picked":["Heavy Blade","Cleave"],"picked":"Havoc+1","floor":24},{"not_picked":["Hemokinesis","Combust","Carnage"],"picked":"SKIP","floor":25}],"player_experience":1223602,"relics_obtained":[{"floor":6.0,"key":"Pear"},{"floor":9.0,"key":"Meat on the Bone"},{"floor":10.0,"key":"Happy Flower"},{"floor":12.0,"key":"Ornamental Fan"},{"floor":19.0,"key":"Enchiridion"},{"floor":25,"key":"Dodecahedron"},{"floor":26,"key":"Ancient Tea Set"}],"event_choices":[{"damage_healed":0.0,"max_hp_gain":0.0,"max_hp_loss":0.0,"gold_gain":0.0,"event_name":"Shining Light","player_choice":"Entered Light","floor":14.0,"gold_loss":0.0,"damage_taken":26.0,"cards_upgraded":["Combust","Disarm"]},{"damage_healed":0.0,"max_hp_gain":0.0,"max_hp_loss":0.0,"gold_gain":0.0,"event_name":"Cursed Tome","player_choice":"Obtained Book","floor":19.0,"gold_loss":0.0,"damage_taken":21.0},{"damage_healed":0.0,"max_hp_gain":0.0,"max_hp_loss":43.0,"gold_gain":0.0,"event_name":"Ghosts","player_choice":"Became a Ghost","floor":22.0,"gold_loss":0.0,"damage_taken":0.0,"cards_obtained":["Ghostly","Ghostly","Ghostly"]}],"is_beta":false,"boss_relics":[{"not_picked":["Ectoplasm","Busted Crown"],"picked":"Velvet Choker"}],"items_purged_floors":[],"is_endless":false,"potions_floor_spawned":[1,4,5,11],"killed_by":"Slavers","ascension_level":20}