{"gold_per_floor":[119,131,144,164,180,213,144,177,204,204,222,222,7,24,24,24],"floor_reached":16,"playtime":5150,"items_purged":["Strike_R"],"score":228,"play_id":"d9d1b259-3911-4c47-aa97-0788e9d3bc60","local_time":"20190103200243","is_ascension_mode":true,"campfire_choices":[{"floor":10.0,"key":"REST"},{"data":"Demon Form","floor":12.0,"key":"SMITH"},{"data":"Bash","floor":15.0,"key":"SMITH"}],"neow_cost":"CURSE","seed_source_timestamp":166081597753115,"circlet_count":0,"master_deck":["AscendersBane","Strike_R","Strike_R","Strike_R","Strike_R","Defend_R","Defend_R","Defend_R","Defend_R","Bash+1","Shame","Armaments","Perfected Strike","Iron Wave","Pommel Strike","Demon Form+1","Anger","Reaper","Burning Pact"],"special_seed":0,"relics":["Burning Blood","Incense Burner","Bag of Preparation","Darkstone Periapt","Happy Flower","PreservedInsect"],"potions_floor_usage":[16],"damage_taken":[{"damage":5.0,"enemies":"Small Slimes","floor":1.0,"turns":4.0},{"damage":0.0,"enemies":"Cultist","floor":2.0,"turns":3.0},{"damage":7.0,"enemies":"Jaw Worm","floor":3.0,"turns":3.0},{"damage":7.0,"enemies":"Large Slime","floor":4.0,"turns":6.0},{"damage":26.0,"enemies":"Lots of Slimes","floor":5.0,"turns":6.0},{"damage":29.0,"enemies":"3 Sentries","floor":6.0,"turns":9.0},{"damage":20.0,"enemies":"Gremlin Nob","floor":8.0,"turns":4.0},{"damage":12.0,"enemies":"Red Slaver","floor":11.0,"turns":4.0},{"damage":19.0,"enemies":"3 Louse","floor":14.0,"turns":4.0},{"damage":34,"enemies":"The Guardian","floor":16,"turns":8}],"seed_played":"7976514700308598480","potions_obtained":[{"floor":1.0,"key":"Poison Potion"},{"floor":4.0,"key":"Weak Potion"},{"floor":8.0,"key":"AttackPotion"}],"is_trial":false,"path_per_floor":["M","M","M","M","M","E","?","E","T","R","M","R","$","M","R","B"],"character_chosen":"IRONCLAD","items_purchased":["Reaper","Fire Potion"],"campfire_rested":1,"item_purchase_floors":[13,13],"current_hp_per_floor":[69,75,74,73,53,30,30,16,16,38,32,32,32,31,31,0],"gold":24,"neow_bonus":"ONE_RARE_RELIC","is_prod":false,"is_daily":false,"chose_seed":false,"campfire_upgraded":2,"win_rate":0,"timestamp":1546516963,"path_taken":["M","M","M","M","M","E","?","E","T","R","M","R","$","M","R","BOSS"],"build_version":"2019-01-02","purchased_purges":1,"victory":false,"max_hp_per_floor":[75,75,75,75,75,75,75,75,75,75,75,75,75,75,75,75],"card_choices":[{"not_picked":["Rage","True Grit"],"picked":"Armaments","floor":1.0},{"not_picked":["Bloodletting","Rupture"],"picked":"Perfected Strike","floor":2.0},{"not_picked":["Heavy Blade","Havoc","Sentinel"],"picked":"SKIP","floor":3.0},{"not_picked":["Body Slam","Hemokinesis","Havoc"],"picked":"SKIP","floor":4.0},{"not_picked":["Berserk","Heavy Blade"],"picked":"Iron Wave","floor":5.0},{"not_picked":["Warcry","Armaments"],"picked":"Pommel Strike","floor":6.0},{"not_picked":["Rampage","Cleave"],"picked":"Demon Form","floor":8.0},{"not_picked":["Rupture","Sentinel"],"picked":"Anger","floor":11.0},{"not_picked":["Sword Boomerang","Havoc"],"picked":"Burning Pact","floor":14.0}],"player_experience":1308042,"relics_obtained":[{"floor":6.0,"key":"Bag of Preparation"},{"floor":8.0,"key":"Happy Flower"},{"floor":9.0,"key":"PreservedInsect"}],"event_choices":[{"damage_healed":0.0,"max_hp_gain":0.0,"max_hp_loss":0.0,"gold_gain":0.0,"event_name":"WeMeetAgain","player_choice":"Paid Gold","floor":7.0,"gold_loss":69.0,"damage_taken":0.0,"relics_obtained":["Darkstone Periapt"]}],"is_beta":true,"boss_relics":[],"items_purged_floors":[13],"is_endless":false,"potions_floor_spawned":[1,4,8,14],"killed_by":"The Guardian","ascension_level":20}