{"path_per_floor":["M","?","M","M","E","R","M","T","?","R","E","M","E","R","B",null,"M","M","$","M","?","E","R","M","T","M","E"],"character_chosen":"IRONCLAD","items_purchased":["Toy Ornithopter","Block Potion","Explosive Potion"],"gold_per_floor":[115,115,130,148,179,179,193,193,193,193,225,239,270,270,371,371,386,400,19,37,37,63,63,82,82,95,124,124],"floor_reached":28,"campfire_rested":3,"playtime":1572,"current_hp_per_floor":[86,79,67,60,47,47,28,28,28,54,56,62,44,70,42,88,79,84,84,88,56,10,46,49,56,37,29,27],"items_purged":["Defend_R"],"gold":124,"score":360,"play_id":"8a5b8c4f-f23b-4980-af05-589fb56d1d81","local_time":"20180508193450","is_prod":false,"is_daily":false,"chose_seed":false,"is_ascension_mode":true,"campfire_upgraded":1,"timestamp":1525800890,"path_taken":["M","?","?","M","M","E","R","M","T","?","R","E","M","E","R","BOSS","M","M","$","M","?","E","R","?","T","M","E","M"],"build_version":"2018-05-03","seed_source_timestamp":410789575627744,"purchased_purges":1,"victory":false,"master_deck":["Strike_R+1","Strike_R","Strike_R+1","Strike_R","Strike_R+1","Defend_R","Defend_R+1","Bash","Shrug It Off","Seeing Red","Pommel Strike","Perfected Strike+1","True Grit","Shrug It Off","Blind","Double Tap","Whirlwind","Flame Barrier","Pommel Strike","Reaper","Cleave+1","Armaments","Uppercut+1","Dramatic Entrance","Shrug It Off+1","Flame Barrier","True Grit+1","Pommel Strike","Pommel Strike"],"max_hp_per_floor":[88,88,88,88,88,88,88,88,88,88,88,88,88,88,88,88,88,88,88,88,88,88,88,88,95,95,95,95],"relics":["Burning Blood","Prayer Wheel","Vajra","Whetstone","Ornamental Fan","Eternal Feather","Toy Ornithopter","Matryoshka","Omamori","Strawberry","Oddly Smooth Stone"],"card_choices":[{"not_picked":["Clash","Bloodletting"],"picked":"Shrug It Off","floor":1.0},{"not_picked":["Anger","Dual Wield"],"picked":"Seeing Red","floor":3.0},{"not_picked":["Armaments","Clash"],"picked":"Pommel Strike","floor":4.0},{"not_picked":["Pommel Strike","Dark Embrace"],"picked":"Perfected Strike","floor":5.0},{"not_picked":["Shockwave","Fire Breathing"],"picked":"True Grit","floor":7.0},{"not_picked":["Evolve","Disarm"],"picked":"Shrug It Off","floor":8.0},{"not_picked":["Warcry","Infernal Blade"],"picked":"Whirlwind","floor":11.0},{"not_picked":["Battle Trance","Pommel Strike"],"picked":"Flame Barrier","floor":12.0},{"not_picked":["True Grit","Flame Barrier"],"picked":"Pommel Strike","floor":13.0},{"not_picked":["Immolate","Double Tap"],"picked":"Reaper","floor":15.0},{"not_picked":["Wild Strike","Anger"],"picked":"Cleave","floor":17.0},{"not_picked":["Wild Strike","Body Slam"],"picked":"Armaments","floor":18},{"not_picked":["Warcry","Cleave"],"picked":"Uppercut","floor":20},{"not_picked":["Inflame","Pummel"],"picked":"Shrug It Off","floor":22},{"not_picked":["Barricade","Armaments"],"picked":"Flame Barrier","floor":24},{"not_picked":["Sword Boomerang","Power Through"],"picked":"True Grit","floor":25},{"not_picked":["Sentinel","Feel No Pain"],"picked":"Pommel Strike","floor":26},{"not_picked":["Blood for Blood","Barricade"],"picked":"Pommel Strike","floor":27}],"player_experience":424617,"potions_floor_usage":[18,20,20,22,22,22],"damage_taken":[{"damage":8.0,"enemies":"Jaw Worm","floor":1.0,"turns":4.0},{"damage":6.0,"enemies":"2 Louse","floor":3.0,"turns":4.0},{"damage":0.0,"enemies":"Small Slimes","floor":3.0,"turns":5.0},{"damage":13.0,"enemies":"Blue Slaver","floor":4.0,"turns":4.0},{"damage":19.0,"enemies":"Gremlin Nob","floor":5.0,"turns":4.0},{"damage":25.0,"enemies":"Exordium Thugs","floor":7.0,"turns":5.0},{"damage":4.0,"enemies":"3 Sentries","floor":11.0,"turns":7.0},{"damage":0.0,"enemies":"Looter","floor":12.0,"turns":3.0},{"damage":24.0,"enemies":"Lagavulin","floor":13.0,"turns":6.0},{"damage":34.0,"enemies":"Hexaghost","floor":15.0,"turns":6.0},{"damage":20.0,"enemies":"Shell Parasite","floor":17.0,"turns":8.0},{"damage":1,"enemies":"Chosen","floor":18,"turns":3},{"damage":4,"enemies":"Sentry and Sphere","floor":20,"turns":3},{"damage":75,"enemies":"Slavers","floor":22,"turns":8},{"damage":18,"enemies":"3 Cultists","floor":24,"turns":5},{"damage":35,"enemies":"Cultist and Chosen","floor":26,"turns":7},{"damage":29,"enemies":"Gremlin Leader","floor":27,"turns":7},{"damage":2,"enemies":"Slaver and Parasite","floor":28,"turns":1}],"event_choices":[{"event_name":"Golden Wing","player_choice":"Card Removal","floor":2.0,"damage_taken":0.0},{"event_name":"Shining Light","player_choice":"Entered Light","floor":3.0,"damage_taken":0.0},{"event_name":"Match and Keep!","player_choice":"2 cards matched","floor":9.0,"damage_taken":0.0},{"event_name":"Knowing Skull","player_choice":"CARD POTION POTION ","floor":21,"damage_taken":0}],"boss_relics":[],"potions_floor_spawned":[1,7,11,15,17,18],"seed_played":"4783866054198940548","killed_by":"Slaver and Parasite","ascension_level":2,"is_trial":false}