{"gold_per_floor":[114,39,39,39,39,39,103,83,83,94,108,108,108,118,118,118],"floor_reached":16,"playtime":682,"items_purged":["Strike_R"],"score":142,"play_id":"d49b775d-9a4b-47c2-a75e-c0bb631ab049","local_time":"20190118185050","is_ascension_mode":true,"campfire_choices":[{"floor":6,"key":"REST"},{"floor":12,"key":"REST"},{"data":"True Grit","floor":15,"key":"SMITH"}],"neow_cost":"NONE","seed_source_timestamp":12523186876129415,"circlet_count":0,"master_deck":["Strike_R","Strike_R","Strike_R","Defend_R","Defend_R","Defend_R","Defend_R","Bash","Uppercut","Anger","Regret","True Grit+1"],"relics":["Burning Blood","Darkstone Periapt","Mummified Hand","Tiny Chest","Potion Belt"],"potions_floor_usage":[16,16],"damage_taken":[{"damage":0,"enemies":"2 Louse","floor":1,"turns":2},{"damage":53,"enemies":"3 Sentries","floor":7,"turns":9},{"damage":10,"enemies":"Jaw Worm","floor":10,"turns":3},{"damage":2,"enemies":"Small Slimes","floor":11,"turns":3},{"damage":13,"enemies":"Red Slaver","floor":14,"turns":5},{"damage":59,"enemies":"Hexaghost","floor":16,"turns":9}],"seed_played":"5850447744486767467","potions_obtained":[{"floor":7,"key":"SneckoOil"},{"floor":8,"key":"LiquidBronze"},{"floor":11,"key":"Weak Potion"}],"is_trial":false,"path_per_floor":["M","$","?","?","?","R","E","?","T","M","M","R","?","M","R","B"],"character_chosen":"IRONCLAD","items_purchased":[],"campfire_rested":2,"item_purchase_floors":[],"current_hp_per_floor":[78,78,78,60,66,86,39,39,39,35,39,64,64,57,57,0],"gold":118,"neow_bonus":"TRANSFORM_CARD","is_prod":false,"is_daily":false,"chose_seed":false,"campfire_upgraded":1,"win_rate":0,"timestamp":1547833850,"path_taken":["M","$","?","?","?","R","E","?","T","M","?","R","?","M","R","BOSS"],"build_version":"2019-01-17v2","purchased_purges":1,"victory":false,"max_hp_per_floor":[80,80,80,80,86,86,86,86,86,86,86,86,86,86,86,86],"card_choices":[{"not_picked":["Searing Blow","Heavy Blade"],"picked":"Anger","floor":1},{"not_picked":["Reckless Charge","Anger","Clash"],"picked":"SKIP","floor":7},{"not_picked":["Fire Breathing","Perfected Strike","Clash"],"picked":"SKIP","floor":10},{"not_picked":["Armaments","Perfected Strike","Pommel Strike"],"picked":"SKIP","floor":11},{"not_picked":["Demon Form","Corruption"],"picked":"True Grit","floor":14}],"player_experience":261694,"relics_obtained":[{"floor":7,"key":"Tiny Chest"},{"floor":9,"key":"Potion Belt"}],"event_choices":[{"damage_healed":0,"gold_gain":0,"player_choice":"Leave","damage_taken":0,"max_hp_gain":0,"max_hp_loss":0,"event_name":"The Cleric","floor":3,"gold_loss":0},{"damage_healed":0,"gold_gain":0,"player_choice":"Success","damage_taken":18,"relics_obtained":["Darkstone Periapt"],"max_hp_gain":0,"max_hp_loss":0,"event_name":"Scrap Ooze","floor":4,"gold_loss":0},{"damage_healed":0,"gold_gain":0,"player_choice":"Box","damage_taken":0,"relics_obtained":["Mummified Hand"],"max_hp_gain":0,"max_hp_loss":0,"event_name":"Big Fish","floor":5,"gold_loss":0,"cards_obtained":["Regret"]},{"damage_healed":0,"gold_gain":0,"player_choice":"Bought 1 Potion","damage_taken":0,"max_hp_gain":0,"max_hp_loss":0,"event_name":"The Woman in Blue","floor":8,"gold_loss":0},{"damage_healed":0,"gold_gain":0,"player_choice":"Ignored","damage_taken":0,"max_hp_gain":0,"max_hp_loss":0,"event_name":"Liars Game","floor":13,"gold_loss":0}],"is_beta":false,"boss_relics":[],"items_purged_floors":[2],"is_endless":false,"potions_floor_spawned":[7,11],"killed_by":"Hexaghost","ascension_level":9}