{"gold_per_floor":[114,114,114,128,140,140,167,179,179,196,196,196,225,200,200,301,331,341,164,193,13,30,64,64,93,117,132,132,146,165,165,165,165],"floor_reached":33,"playtime":1617,"items_purged":[],"score":523,"play_id":"be2422c3-a684-4ca2-a705-ada5d3262888","local_time":"20180716111651","is_ascension_mode":true,"campfire_choices":[{"data":"Deadly Poison","floor":6,"key":"SMITH"},{"floor":11,"key":"REST"},{"data":"Deadly Poison","floor":15,"key":"SMITH"},{"floor":24,"key":"REST"},{"data":"Apotheosis","floor":32,"key":"SMITH"}],"neow_cost":"CURSE","seed_source_timestamp":257085537218001,"circlet_count":0,"master_deck":["Defend_G+1","Defend_G","Defend_G","Defend_G","Defend_G","Strike_G","Strike_G+1","Strike_G+1","Strike_G","Strike_G","Survivor+1","Neutralize","Deadly Poison+1","Escape Plan","Deadly Poison+1","Backflip+1","Adrenaline","Dodge and Roll","Deadly Poison","Deflect","Corpse Explosion","Poisoned Stab","Calculated Gamble","Secret Technique","Noxious Fumes","Apotheosis+1","PiercingWail","Distraction","Backflip+1","Decay","Footwork","Deadly Poison","Ghostly","Ghostly","Ghostly","Ghostly","Ghostly"],"relics":["Ring of the Snake","Juzu Bracelet","Whetstone","Pantograph","Tiny House","Red Mask","Happy Flower","Pear","Orichalcum"],"potions_floor_usage":[7,13,13,16,18,18,33],"damage_taken":[{"damage":8,"enemies":"Small Slimes","floor":1,"turns":4},{"damage":5,"enemies":"Cultist","floor":4,"turns":5},{"damage":0,"enemies":"2 Louse","floor":5,"turns":3},{"damage":31,"enemies":"Gremlin Nob","floor":7,"turns":4},{"damage":0,"enemies":"Blue Slaver","floor":8,"turns":4},{"damage":15,"enemies":"Lots of Slimes","floor":10,"turns":5},{"damage":0,"enemies":"3 Sentries","floor":13,"turns":11},{"damage":13,"enemies":"Hexaghost","floor":16,"turns":8},{"damage":7,"enemies":"2 Thieves","floor":18,"turns":3},{"damage":17,"floor":20,"turns":3},{"damage":9,"enemies":"Shell Parasite","floor":22,"turns":5},{"damage":31,"enemies":"Book of Stabbing","floor":23,"turns":7},{"damage":21,"enemies":"Slavers","floor":25,"turns":3},{"damage":2,"enemies":"Snecko","floor":27,"turns":5},{"damage":22,"enemies":"Cultist and Chosen","floor":29,"turns":8},{"damage":0,"enemies":"Sentry and Sphere","floor":30,"turns":6},{"damage":52,"enemies":"Champ","floor":33,"turns":10}],"seed_played":"-1892884673899632959","potions_obtained":[{"floor":2,"key":"Ancient Potion"},{"floor":2,"key":"SmokeBomb"},{"floor":2,"key":"EssenceOfSteel"},{"floor":4,"key":"PowerPotion"},{"floor":8,"key":"SpeedPotion"},{"floor":13,"key":"Fire Potion"},{"floor":17,"key":"Energy Potion"},{"floor":27,"key":"LiquidBronze"},{"floor":29,"key":"Explosive Potion"}],"is_trial":false,"path_per_floor":["M","?","?","M","M","R","E","M","T","M","R","?","E","$","R","B",null,"M","$","?","$","M","E","R","E","T","M","?","M","M","?","R"],"character_chosen":"THE_SILENT","items_purchased":["Deflect","Secret Technique","Apotheosis"],"campfire_rested":2,"item_purchase_floors":[14,19,21],"current_hp_per_floor":[69,69,62,57,57,57,26,26,26,11,36,19,19,19,19,31,76,69,69,52,52,43,12,38,27,27,25,25,3,3,3,3,0],"gold":165,"neow_bonus":"TWENTY_PERCENT_HP_BONUS","is_prod":false,"is_daily":false,"chose_seed":false,"campfire_upgraded":3,"win_rate":0,"timestamp":1531732611,"path_taken":["M","?","?","M","M","R","E","M","T","M","R","?","E","$","R","BOSS","M","$","?","$","M","E","R","E","T","M","?","M","M","?","R","BOSS"],"build_version":"2018-07-12","purchased_purges":0,"victory":false,"max_hp_per_floor":[84,84,84,84,84,84,84,84,84,84,84,84,84,84,84,84,89,89,89,89,89,89,89,89,99,99,99,99,99,99,49,49,49],"card_choices":[{"not_picked":["PiercingWail","Heel Hook"],"picked":"Deadly Poison","floor":1},{"not_picked":["Prepared","Outmaneuver"],"picked":"Escape Plan","floor":4},{"not_picked":["Riddle With Holes","Cloak And Dagger"],"picked":"Deadly Poison","floor":5},{"not_picked":["Sucker Punch","Flying Knee"],"picked":"Backflip","floor":7},{"not_picked":["Acrobatics","Skewer"],"picked":"Adrenaline","floor":8},{"not_picked":["Outmaneuver","Quick Slash"],"picked":"Dodge and Roll","floor":10},{"not_picked":["Terror","Blade Dance"],"picked":"Deadly Poison","floor":13},{"not_picked":["Storm of Steel","Wraith Form v2"],"picked":"Corpse Explosion","floor":16},{"not_picked":["Terror","PiercingWail"],"picked":"Poisoned Stab","floor":17},{"not_picked":["Dagger Throw","Deflect"],"picked":"Calculated Gamble","floor":18},{"not_picked":["Quick Slash","Underhanded Strike+1"],"picked":"Noxious Fumes","floor":20},{"not_picked":["Dodge and Roll","Expertise"],"picked":"PiercingWail","floor":22},{"not_picked":["Bane","Phantasmal Killer"],"picked":"Distraction","floor":23},{"not_picked":["Slice+1","Quick Slash"],"picked":"Backflip+1","floor":25},{"not_picked":["Dagger Spray","Acrobatics","Prepared"],"picked":"SKIP","floor":27},{"not_picked":["Underhanded Strike","Cloak And Dagger"],"picked":"Footwork","floor":29},{"not_picked":["Slice","Dagger Throw"],"picked":"Deadly Poison","floor":30}],"player_experience":829435,"relics_obtained":[{"floor":7,"key":"Juzu Bracelet"},{"floor":9,"key":"Whetstone"},{"floor":13,"key":"Pantograph"},{"floor":20,"key":"Red Mask"},{"floor":23,"key":"Happy Flower"},{"floor":25,"key":"Pear"},{"floor":26,"key":"Orichalcum"}],"event_choices":[{"event_name":"The Lab","player_choice":"Got Potions","floor":2,"damage_taken":0},{"event_name":"Golden Wing","player_choice":"Card Removal","floor":3,"damage_taken":0},{"event_name":"Shining Light","player_choice":"Entered Light","floor":12,"damage_taken":0},{"event_name":"Masked Bandits","player_choice":"Fought over 164 gold","floor":20,"damage_taken":0},{"event_name":"Forgotten Altar","player_choice":"Smashed Altar","floor":28,"damage_taken":0},{"event_name":"Ghosts","player_choice":"Became a Ghost","floor":31,"damage_taken":0}],"boss_relics":[{"not_picked":["Eternal Feather","Runic Dome"],"picked":"Tiny House"}],"items_purged_floors":[],"is_endless":false,"potions_floor_spawned":[4,8,13,27,29],"killed_by":"Champ","ascension_level":8}