{"gold_per_floor":[119,136,7,7,82,82,115,115,115,145,145,180,15,15,15,94,94,113,132,132,91,105,105],"floor_reached":23,"playtime":1614,"items_purged":["Strike_B"],"score":368,"play_id":"65a45ff2-5cb7-4ab3-a36d-3e8dc7133181","local_time":"20190221155244","is_ascension_mode":true,"campfire_choices":[{"data":"Creative AI","floor":6.0,"key":"SMITH"},{"floor":8.0,"key":"REST"},{"floor":15.0,"key":"REST"}],"neow_cost":"NONE","seed_source_timestamp":0,"circlet_count":0,"master_deck":["AscendersBane","Strike_B","Strike_B","Defend_B+1","Defend_B","Defend_B+1","Defend_B","Zap","Dualcast","Creative AI+1","Cold Snap","Ball Lightning","Conserve Battery","Coolheaded","Biased Cognition","Ball Lightning","Hologram","Writhe","Heatsinks"],"special_seed":0,"relics":["Cracked Core","Darkstone Periapt","Blue Candle","War Paint","PreservedInsect","Bag of Marbles","Pen Nib","Spirit Poop","Sozu","Meat on the Bone"],"potions_floor_usage":[22],"damage_taken":[{"damage":0.0,"enemies":"Small Slimes","floor":1.0,"turns":3.0},{"damage":0.0,"enemies":"Jaw Worm","floor":2.0,"turns":4.0},{"damage":11.0,"enemies":"Lagavulin","floor":7.0,"turns":7.0},{"damage":31.0,"enemies":"Gremlin Nob","floor":10.0,"turns":5.0},{"damage":19.0,"enemies":"3 Sentries","floor":12.0,"turns":4.0},{"damage":26,"enemies":"Slime Boss","floor":16,"turns":13},{"damage":0,"enemies":"Chosen","floor":18,"turns":5},{"damage":10,"enemies":"Shell Parasite","floor":19,"turns":5},{"damage":20,"enemies":"Snake Plant","floor":22,"turns":5},{"damage":50,"enemies":"Gremlin Leader","floor":23,"turns":7}],"seed_played":"1122754914233498993","potions_obtained":[{"floor":7.0,"key":"Poison Potion"},{"floor":10.0,"key":"AttackPotion"},{"floor":12.0,"key":"Ancient Potion"}],"is_trial":false,"path_per_floor":["M","M","$","?","?","R","E","R","T","E","?","E","$","?","R","B",null,"M","M","?","$","M","E"],"character_chosen":"DEFECT","items_purchased":["Conserve Battery","Pen Nib","Heatsinks"],"campfire_rested":2,"item_purchase_floors":[3,13,21],"current_hp_per_floor":[64,64,64,57,46,46,35,56,56,25,31,12,12,12,35,9,60,60,50,56,56,48,0],"gold":105,"neow_bonus":"ONE_RANDOM_RARE_CARD","is_prod":false,"is_daily":false,"chose_seed":false,"campfire_upgraded":1,"win_rate":0,"timestamp":1550785964,"path_taken":["M","M","$","?","?","R","E","R","T","E","?","E","?","?","R","BOSS","M","?","?","?","?","E"],"build_version":"2019-01-23","purchased_purges":1,"victory":false,"max_hp_per_floor":[71,71,71,71,71,71,71,71,71,71,77,77,77,77,77,77,77,77,77,83,83,83,83],"card_choices":[{"not_picked":["Go for the Eyes","Ball Lightning"],"picked":"Cold Snap","floor":1.0},{"not_picked":["Chill","Leap"],"picked":"Ball Lightning","floor":2.0},{"not_picked":["Scrape","Rip and Tear","Skim"],"picked":"SKIP","floor":7.0},{"not_picked":["Conserve Battery","Scrape"],"picked":"Coolheaded","floor":10.0},{"not_picked":["Steam","Conserve Battery","Sweeping Beam"],"picked":"SKIP","floor":12.0},{"not_picked":["Hyperbeam","Meteor Strike"],"picked":"Biased Cognition","floor":16},{"not_picked":["Auto Shields","Hello World"],"picked":"Ball Lightning","floor":18},{"not_picked":["Consume","Stack"],"picked":"Hologram","floor":19},{"not_picked":["Redo+1","Gash","Sweeping Beam"],"picked":"SKIP","floor":22}],"player_experience":475560,"relics_obtained":[{"floor":7.0,"key":"Darkstone Periapt"},{"floor":9.0,"key":"Blue Candle"},{"floor":10.0,"key":"War Paint"},{"floor":12.0,"key":"Bag of Marbles"}],"event_choices":[{"cards_removed":["Strike_B"],"damage_healed":0.0,"max_hp_gain":0.0,"max_hp_loss":0.0,"gold_gain":0.0,"event_name":"Golden Wing","player_choice":"Card Removal","floor":4.0,"gold_loss":0.0,"damage_taken":7.0},{"damage_healed":0.0,"max_hp_gain":0.0,"max_hp_loss":0.0,"gold_gain":75.0,"event_name":"World of Goop","player_choice":"Gather Gold","floor":5.0,"gold_loss":0.0,"damage_taken":11.0},{"damage_healed":0.0,"max_hp_gain":0.0,"max_hp_loss":0.0,"gold_gain":0.0,"event_name":"Big Fish","player_choice":"Box","floor":11.0,"gold_loss":0.0,"damage_taken":0.0,"relics_obtained":["PreservedInsect"],"cards_obtained":["Regret"]},{"cards_removed":["Regret"],"damage_healed":0.0,"max_hp_gain":0.0,"max_hp_loss":0.0,"gold_gain":0.0,"event_name":"Bonfire Elementals","player_choice":"Offered Curse","floor":14.0,"gold_loss":0.0,"damage_taken":0.0,"relics_obtained":["Spirit Poop"]},{"damage_healed":0,"gold_gain":0,"player_choice":"Opened","damage_taken":0,"relics_obtained":["Meat on the Bone"],"max_hp_gain":0,"max_hp_loss":0,"event_name":"The Mausoleum","floor":20,"gold_loss":0,"cards_obtained":["Writhe"]}],"is_beta":false,"boss_relics":[{"not_picked":["Ectoplasm","Empty Cage"],"picked":"Sozu"}],"items_purged_floors":[3],"is_endless":false,"potions_floor_spawned":[7,10,12,22],"killed_by":"Gremlin Leader","ascension_level":16}