{"path_per_floor":["M","M","$","?","?","R","E","T","T","M","E","T","R","M","R","B",null,"M","?","M","$","M","R","M","M","T","R","?","$","M","$","R","B",null,"M","?","M","?","M","E","?","$","T","R","?","R","M","M","R"],"character_chosen":"IRONCLAD","items_purchased":["Sword Boomerang","Bludgeon","Strength Potion","Block Potion"],"gold_per_floor":[110,130,31,106,106,106,147,147,147,161,197,224,224,249,249,375,375,393,293,313,213,227,227,241,264,264,264,189,19,39,39,39,167,167,188,188,206,206,231,274,0,0,0,0,0,0,15,34,34,34],"floor_reached":50,"campfire_rested":1,"playtime":3017,"current_hp_per_floor":[80,80,80,69,49,49,20,20,34,42,33,33,61,57,57,22,94,72,72,60,60,60,60,70,68,68,68,68,68,60,60,60,41,94,94,94,93,93,94,47,47,47,47,47,47,47,45,77,77,0],"items_purged":["Defend_R","Clothesline"],"gold":34,"score":480,"play_id":"fb5c85a2-d121-4740-9189-5b5840bb80cd","local_time":"20180403115911","is_prod":false,"is_daily":false,"is_ascension_mode":false,"campfire_upgraded":8,"timestamp":1522749551,"path_taken":["M","M","$","?","?","R","E","?","T","M","E","?","R","M","R","BOSS","M","?","M","$","M","R","M","M","T","R","?","?","?","?","R","BOSS","M","?","M","?","?","E","?","$","T","R","?","R","M","M","R","BOSS"],"build_version":"2018-03-29v2","purchased_purges":4,"victory":false,"master_deck":["Strike_R","Strike_R","Strike_R","Strike_R","Strike_R","Defend_R+1","Bash","Perfected Strike+1","Clothesline+1","Reaper","Battle Trance+1","Evolve","Shockwave+1","J.A.X.","Havoc+1","Flame Barrier+1","Power Through+1","Bludgeon","Feel No Pain+1","Second Wind+1","Dropkick+1","Wild Strike+1","Flame Barrier+1","Rage+1","Pommel Strike+1","Blood for Blood"],"max_hp_per_floor":[80,80,80,80,80,80,80,80,94,94,94,94,94,94,94,94,94,94,94,94,94,94,94,94,94,94,94,94,94,94,94,94,94,94,94,94,94,94,94,94,94,94,94,94,94,94,94,94,94,94],"relics":["Burning Blood","Golden Idol","Prayer Wheel","Magic Flower","Mango","Shovel","Bronze Scales","Velvet Choker","Ornamental Fan","Astrolabe","Darkstone Periapt","Red Mask","Bird Faced Urn"],"card_choices":[{"not_picked":["Twin Strike","Body Slam"],"picked":"Perfected Strike","floor":1.0},{"not_picked":["Thunderclap","Anger"],"picked":"Clothesline","floor":2.0},{"not_picked":["Cleave","Burning Pact"],"picked":"Perfected Strike","floor":7.0},{"not_picked":["Searing Blow","Intimidate"],"picked":"Reaper","floor":8.0},{"not_picked":["Thunderclap","Sword Boomerang"],"picked":"Battle Trance","floor":9.0},{"not_picked":["Corruption","Twin Strike"],"picked":"Evolve","floor":11.0},{"not_picked":["Anger","Pommel Strike"],"picked":"Shockwave","floor":12.0},{"not_picked":["Cleave","Heavy Blade"],"picked":"Clothesline","floor":14.0},{"not_picked":["Feed","Demon Form"],"picked":"Reaper","floor":16.0},{"not_picked":["Inflame","Blood for Blood"],"picked":"Havoc","floor":20.0},{"not_picked":["Thunderclap","Bloodletting"],"picked":"Flame Barrier","floor":22.0},{"not_picked":["Fire Breathing","Perfected Strike"],"picked":"Power Through","floor":24.0},{"not_picked":["Evolve","Clash"],"picked":"Wild Strike","floor":35.0},{"not_picked":["Entrench","Hemokinesis"],"picked":"Flame Barrier","floor":37.0},{"not_picked":["Heavy Blade","Clothesline"],"picked":"Rage","floor":39.0},{"not_picked":["Perfected Strike","Heavy Blade"],"picked":"Pommel Strike","floor":40.0},{"not_picked":["Hemokinesis","Twin Strike"],"picked":"Blood for Blood","floor":48}],"player_experience":146321,"potions_floor_usage":[48,50],"damage_taken":[{"damage":0.0,"enemies":"Small Slimes","floor":1.0,"turns":3.0},{"damage":1.0,"enemies":"Jaw Worm","floor":2.0,"turns":4.0},{"damage":35.0,"enemies":"3 Sentries","floor":7.0,"turns":6.0},{"damage":1.0,"enemies":"Cultist","floor":10.0,"turns":3.0},{"damage":18.0,"enemies":"Gremlin Nob","floor":11.0,"turns":4.0},{"damage":13.0,"enemies":"Blue Slaver","floor":14.0,"turns":2.0},{"damage":50.0,"enemies":"The Guardian","floor":16.0,"turns":12.0},{"damage":31.0,"enemies":"3 Byrds","floor":18.0,"turns":4.0},{"damage":21.0,"enemies":"Shell Parasite","floor":20.0,"turns":4.0},{"damage":33.0,"enemies":"Cultist and Chosen","floor":22.0,"turns":5.0},{"damage":11.0,"enemies":"Snake Plant","floor":24.0,"turns":3.0},{"damage":11.0,"enemies":"Snecko","floor":25.0,"turns":4.0},{"damage":17.0,"enemies":"Centurion and Healer","floor":30.0,"turns":5.0},{"damage":28.0,"enemies":"Champ","floor":33.0,"turns":12.0},{"damage":12.0,"enemies":"Orb Walker","floor":35.0,"turns":4.0},{"damage":10.0,"enemies":"3 Shapes","floor":37.0,"turns":6.0},{"damage":24.0,"enemies":"3 Darklings","floor":39.0,"turns":4.0},{"damage":70.0,"enemies":"2 Orb Walkers","floor":40.0,"turns":7.0},{"damage":26,"enemies":"Maw","floor":47,"turns":8},{"damage":7,"enemies":"4 Shapes","floor":48,"turns":4},{"damage":112,"enemies":"Donu and Deca","floor":50,"turns":11}],"event_choices":[{"event_name":"World of Goop","player_choice":"Gather Gold","floor":4.0,"damage_taken":0.0},{"event_name":"Golden Idol","player_choice":"Take Damage","floor":5.0,"damage_taken":0.0},{"event_name":"Drug Dealer","player_choice":"Got JAXXED","floor":19.0,"damage_taken":0.0},{"event_name":"Beggar","player_choice":"Gave Gold","floor":28.0,"damage_taken":0.0},{"event_name":"Transmorgrifier","player_choice":"Skipped","floor":36.0,"damage_taken":0.0},{"event_name":"Purifier","player_choice":"One Purge","floor":38.0,"damage_taken":0.0},{"event_name":"Tomb of Lord Red Mask","player_choice":"Paid","floor":41.0,"damage_taken":0.0},{"event_name":"Upgrade Shrine","player_choice":"Upgraded","floor":45.0,"damage_taken":0.0}],"boss_relics":[],"potions_floor_spawned":[7,25,30,33,39,40,47],"seed_played":"-7250136031862146898","killed_by":"Donu and Deca","ascension_level":0,"is_trial":false}