{"path_per_floor":["M","M","?","$","T","E","M","E","T","E","R","$","R","M","R","B",null,"M","M","M","?","M","E","$","R","T","M","?","E","M"],"character_chosen":"IRONCLAD","items_purchased":["Flex","Pommel Strike","Infernal Blade","Secret Technique"],"gold_per_floor":[118,137,137,14,87,116,131,157,157,183,183,157,157,173,173,272,272,291,305,316,316,335,365,25,25,72,89,4,31,42,42],"floor_reached":31,"campfire_rested":1,"playtime":2151,"current_hp_per_floor":[80,80,80,80,80,74,78,51,51,39,39,39,39,37,61,46,80,80,80,76,40,37,37,37,37,37,13,20,13,14,0],"items_purged":["Regret","Iron Wave"],"gold":42,"score":345,"play_id":"61b1fcd6-3c50-40b7-b252-eb88f6d1c4e0","local_time":"20180414232729","is_prod":false,"is_daily":false,"chose_seed":false,"is_ascension_mode":false,"campfire_upgraded":3,"timestamp":1523741249,"path_taken":["M","M","?","$","?","E","M","E","T","E","R","?","R","M","R","BOSS","M","M","M","?","M","E","?","R","T","M","?","E","M","M"],"build_version":"2018-04-12","seed_source_timestamp":0,"purchased_purges":3,"victory":false,"master_deck":["Strike_R","Strike_R","Strike_R","Strike_R","Strike_R","Defend_R","Defend_R","Defend_R","Defend_R","Bash","Brutality+1","Shrug It Off","Perfected Strike","Flex","Sword Boomerang","Armaments+1","Offering","Headbutt","Whirlwind+1","Pommel Strike","Disarm","Impervious","Twin Strike+1","Double Tap","Ghostly","Ghostly","Ghostly","Ghostly","Ghostly","Perfected Strike","Bloodletting","Infernal Blade","Secret Technique","Rupture","Anger+1","Perfected Strike","Twin Strike+1"],"max_hp_per_floor":[80,80,80,80,80,80,80,80,80,80,80,80,80,80,80,80,80,80,80,80,40,40,40,40,40,40,40,47,47,47,47],"relics":["Burning Blood","Ancient Tea Set","Question Card","Prayer Wheel","Happy Flower","Blue Candle","Mercury Hourglass","Velvet Choker","Dodecahedron","Oddly Smooth Stone","Strawberry","Magic Flower"],"card_choices":[{"not_picked":["Clothesline","Twin Strike"],"picked":"Shrug It Off","floor":1.0},{"not_picked":["Reckless Charge","Thunderclap"],"picked":"Perfected Strike","floor":2.0},{"not_picked":["True Grit","Demon Form","Evolve"],"picked":"Sword Boomerang","floor":6},{"not_picked":["Battle Trance","Warcry","Thunderclap"],"picked":"Armaments","floor":7},{"not_picked":["Corruption","Perfected Strike","Dark Embrace"],"picked":"Offering","floor":8},{"not_picked":["Anger","Cleave","Wild Strike"],"picked":"Headbutt","floor":9},{"not_picked":["Heavy Blade","Sever Soul","Combust"],"picked":"Whirlwind","floor":10},{"not_picked":["Whirlwind","Entrench","Dropkick"],"picked":"Disarm","floor":14},{"not_picked":["Juggernaut","Double Tap","Berserk"],"picked":"Impervious","floor":16},{"not_picked":["Whirlwind","Clash","Armaments"],"picked":"Iron Wave","floor":18},{"not_picked":["Thunderclap","Reckless Charge","Flex"],"picked":"Twin Strike","floor":19},{"not_picked":["Rage","Shrug It Off","True Grit"],"picked":"Double Tap","floor":20},{"not_picked":["Twin Strike","True Grit","Power Through"],"picked":"Perfected Strike","floor":22},{"not_picked":["True Grit","Clothesline","Havoc"],"picked":"Bloodletting","floor":23},{"not_picked":["Combust","Sword Boomerang","Heavy Blade"],"picked":"Rupture","floor":26},{"not_picked":["Inflame","Power Through","True Grit"],"picked":"Anger","floor":27},{"not_picked":["Barricade","Berserk","Headbutt"],"picked":"Perfected Strike","floor":29},{"not_picked":["Bloodletting","Anger","Sword Boomerang"],"picked":"Twin Strike","floor":30}],"player_experience":214347,"potions_floor_usage":[6,16,20,23,29,29,31],"damage_taken":[{"damage":6.0,"enemies":"Small Slimes","floor":1.0,"turns":4.0},{"damage":4.0,"enemies":"Jaw Worm","floor":2.0,"turns":5.0},{"damage":12,"enemies":"3 Sentries","floor":6,"turns":7},{"damage":2,"enemies":"Cultist","floor":7,"turns":3},{"damage":33,"enemies":"Lagavulin","floor":8,"turns":8},{"damage":18,"enemies":"Gremlin Nob","floor":10,"turns":3},{"damage":8,"enemies":"Blue Slaver","floor":14,"turns":2},{"damage":21,"enemies":"The Guardian","floor":16,"turns":10},{"damage":6,"enemies":"Chosen","floor":18,"turns":3},{"damage":6,"enemies":"3 Byrds","floor":19,"turns":3},{"damage":10,"enemies":"Centurion and Healer","floor":20,"turns":4},{"damage":9,"enemies":"Chosen and Byrds","floor":22,"turns":5},{"damage":6,"enemies":"Slavers","floor":23,"turns":4},{"damage":30,"enemies":"Snake Plant","floor":27,"turns":4},{"damage":13,"enemies":"Gremlin Leader","floor":29,"turns":5},{"damage":8,"enemies":"Cultist and Chosen","floor":30,"turns":5},{"damage":16,"enemies":"Snecko","floor":31,"turns":3}],"event_choices":[{"event_name":"Big Fish","player_choice":"Box","floor":3,"damage_taken":0},{"event_name":"Ghosts","player_choice":"Became a Ghost","floor":21,"damage_taken":0},{"event_name":"Addict","player_choice":"Obtained Relic","floor":28,"damage_taken":0}],"boss_relics":[{"not_picked":["Tiny House","Eternal Feather"],"picked":"Velvet Choker"}],"potions_floor_spawned":[2,6,14,16,18,20,27,29],"seed_played":"5078719668661699379","killed_by":"Snecko","ascension_level":0,"is_trial":false}