{"gold_per_floor":[15,15,28,28,48,48,74,74,99,8,108,135,8,21,21,21],"floor_reached":16,"playtime":2046,"items_purged":["Strike_R"],"score":138,"play_id":"dd44cd2b-b207-4804-b03f-fbdd7c2941ff","local_time":"20190131231134","is_ascension_mode":true,"campfire_choices":[{"data":"Wild Strike","floor":6,"key":"SMITH"},{"floor":8,"key":"REST"},{"data":"Fiend Fire","floor":15,"key":"SMITH"}],"neow_cost":"NO_GOLD","seed_source_timestamp":192485478425200,"circlet_count":0,"master_deck":["Strike_R","Strike_R","Strike_R","Strike_R","Defend_R","Defend_R","Defend_R","Defend_R","Bash+1","Feed","Feel No Pain","Wild Strike+1","Ghostly Armor","Flame Barrier","Blind","Fiend Fire+1","Armaments","Ghostly Armor"],"relics":["Burning Blood","Bag of Marbles","Blood Vial","Juzu Bracelet"],"potions_floor_usage":[12,12,16,16],"damage_taken":[{"damage":5,"enemies":"Small Slimes","floor":1,"turns":5},{"damage":1,"enemies":"Jaw Worm","floor":3,"turns":5},{"damage":5,"enemies":"Cultist","floor":5,"turns":4},{"damage":49,"enemies":"Lagavulin","floor":7,"turns":7},{"damage":16,"enemies":"3 Sentries","floor":12,"turns":8},{"damage":11,"enemies":"Exordium Wildlife","floor":14,"turns":3},{"damage":74,"enemies":"Hexaghost","floor":16,"turns":16}],"seed_played":"2901868519119147855","potions_obtained":[{"floor":5,"key":"Ancient Potion"},{"floor":7,"key":"SteroidPotion"},{"floor":12,"key":"Fire Potion"},{"floor":14,"key":"SkillPotion"}],"is_trial":false,"path_per_floor":["M","?","M","$","M","R","E","R","T","$","?","E","$","M","R","B"],"character_chosen":"IRONCLAD","items_purchased":["Blind","Armaments"],"campfire_rested":1,"item_purchase_floors":[10,13],"current_hp_per_floor":[83,83,86,86,89,89,46,72,72,72,72,67,67,67,67,0],"gold":21,"neow_bonus":"THREE_RARE_CARDS","is_prod":false,"is_daily":false,"chose_seed":false,"campfire_upgraded":2,"win_rate":0,"timestamp":1548994294,"path_taken":["M","?","M","$","M","R","E","R","T","$","?","E","$","M","R","BOSS"],"build_version":"2019-01-23","purchased_purges":1,"victory":false,"max_hp_per_floor":[83,83,86,86,89,89,89,89,89,89,89,92,92,95,95,95],"card_choices":[{"not_picked":["Immolate","Dark Embrace"],"picked":"Feed","floor":0},{"not_picked":["Twin Strike","Warcry"],"picked":"Feel No Pain","floor":1},{"not_picked":["Clash","Flex"],"picked":"Wild Strike","floor":3},{"not_picked":["Heavy Blade","Evolve"],"picked":"Ghostly Armor","floor":5},{"not_picked":["Fire Breathing","Metallicize"],"picked":"Flame Barrier","floor":7},{"not_picked":["Whirlwind","Shockwave"],"picked":"Fiend Fire","floor":12},{"not_picked":["Pommel Strike","Thunderclap"],"picked":"Ghostly Armor","floor":14}],"player_experience":203247,"relics_obtained":[{"floor":7,"key":"Bag of Marbles"},{"floor":9,"key":"Blood Vial"},{"floor":12,"key":"Juzu Bracelet"}],"event_choices":[{"damage_healed":0,"gold_gain":0,"player_choice":"Grow","damage_taken":0,"max_hp_gain":0,"max_hp_loss":0,"event_name":"Living Wall","floor":2,"gold_loss":0,"cards_upgraded":["Bash"]},{"damage_healed":0,"gold_gain":100,"player_choice":"Pray","damage_taken":0,"max_hp_gain":0,"max_hp_loss":0,"event_name":"Golden Shrine","floor":11,"gold_loss":0}],"is_beta":false,"boss_relics":[],"items_purged_floors":[13],"is_endless":false,"potions_floor_spawned":[5,7,12,14],"killed_by":"Hexaghost","ascension_level":1}