{"gold_per_floor":[117,192,242,262,279,279,607,607,607,506,519,519,538,558,558,558],"floor_reached":16,"playtime":453,"items_purged":[],"score":199,"play_id":"f6f38351-bc8d-468e-9ae5-dff9fb018818","local_time":"20190219190353","is_ascension_mode":true,"campfire_choices":[{"data":"Berserk","floor":6,"key":"SMITH"},{"floor":8,"key":"REST"},{"floor":12,"key":"REST"},{"floor":15,"key":"REST"}],"neow_cost":"NONE","seed_source_timestamp":15288997727423990,"circlet_count":0,"master_deck":["AscendersBane","Strike_R","Strike_R","Strike_R","Strike_R","Strike_R","Defend_R","Defend_R","Defend_R","Bash","Berserk+1","Thunderclap","Iron Wave","Cleave","Dropkick","Trip","Uppercut","Cleave","Iron Wave"],"relics":["Burning Blood","Old Coin","Bottled Lightning"],"potions_floor_usage":[7,16],"damage_taken":[{"damage":10,"enemies":"Jaw Worm","floor":1,"turns":4},{"damage":9,"enemies":"Small Slimes","floor":4,"turns":3},{"damage":0,"enemies":"Cultist","floor":5,"turns":3},{"damage":32,"enemies":"Gremlin Nob","floor":7,"turns":4},{"damage":23,"enemies":"Gremlin Gang","floor":11,"turns":4},{"damage":11,"enemies":"Exordium Wildlife","floor":13,"turns":3},{"damage":11,"enemies":"Looter","floor":14,"turns":2},{"damage":78,"enemies":"The Guardian","floor":16,"turns":11}],"seed_played":"8230101597481222288","potions_obtained":[{"floor":1,"key":"Strength Potion"},{"floor":5,"key":"BloodPotion"},{"floor":11,"key":"Energy Potion"}],"is_trial":false,"path_per_floor":["M","?","?","M","M","R","E","R","T","$","M","R","M","M","R","B"],"character_chosen":"IRONCLAD","items_purchased":["Trip"],"campfire_rested":3,"item_purchase_floors":[10],"current_hp_per_floor":[64,53,53,50,56,56,30,52,52,52,35,57,52,47,69,0],"gold":558,"neow_bonus":"TRANSFORM_CARD","is_prod":false,"is_daily":false,"chose_seed":false,"campfire_upgraded":1,"win_rate":0,"timestamp":1550599433,"path_taken":["M","?","?","M","M","R","E","R","T","$","M","R","M","M","R","BOSS"],"build_version":"2019-01-23","purchased_purges":0,"victory":false,"max_hp_per_floor":[75,75,75,75,75,75,75,75,75,75,75,75,75,75,75,75],"card_choices":[{"not_picked":["Body Slam","Rupture"],"picked":"Thunderclap","floor":1},{"not_picked":["Rupture","Anger"],"picked":"Iron Wave","floor":4},{"not_picked":["Armaments","Twin Strike"],"picked":"Cleave","floor":5},{"not_picked":["Sword Boomerang","Feel No Pain"],"picked":"Dropkick","floor":7},{"not_picked":["Rupture","Warcry"],"picked":"Uppercut","floor":11},{"not_picked":["True Grit","Perfected Strike"],"picked":"Cleave","floor":13},{"not_picked":["Pummel","Wild Strike"],"picked":"Iron Wave","floor":14}],"player_experience":418235,"relics_obtained":[{"floor":7,"key":"Old Coin"},{"floor":9,"key":"Bottled Lightning"}],"event_choices":[{"damage_healed":0,"gold_gain":75,"player_choice":"Gather Gold","damage_taken":11,"max_hp_gain":0,"max_hp_loss":0,"event_name":"World of Goop","floor":2,"gold_loss":0},{"damage_healed":0,"gold_gain":50,"player_choice":"Pray","damage_taken":0,"max_hp_gain":0,"max_hp_loss":0,"event_name":"Golden Shrine","floor":3,"gold_loss":0}],"is_beta":false,"boss_relics":[],"items_purged_floors":[],"is_endless":false,"potions_floor_spawned":[1,5,11],"killed_by":"The Guardian","ascension_level":19}