{"gold_per_floor":[216,235,252,8,24,24,24,54,354,354,27,27,43,72,72,144,144,162,77,97,97,97,97,132,132,158,172,191,223,243,260,260,332,332,345,209,228,178,188,188,216,216,268,295,306,339,350,376,388,400,412,424,436,47,75,75],"floor_reached":57,"playtime":3791,"items_purged":["Strike_G","Strike_G"],"score":2994,"play_id":"c76967c8-430d-4975-98fb-7de62ebecc95","local_time":"20190210170608","is_ascension_mode":true,"campfire_choices":[{"data":"Neutralize","floor":6.0,"key":"SMITH"},{"data":"Footwork","floor":10.0,"key":"SMITH"},{"data":"Glass Knife","floor":15.0,"key":"SMITH"},{"data":"Malaise","floor":23.0,"key":"SMITH"},{"data":"Noxious Fumes","floor":25.0,"key":"SMITH"},{"data":"Footwork","floor":32.0,"key":"SMITH"},{"floor":40.0,"key":"RECALL"},{"floor":42.0,"key":"REST"},{"floor":49.0,"key":"REST"},{"floor":53.0,"key":"REST"}],"neow_cost":"NONE","seed_source_timestamp":75458642952031,"circlet_count":0,"master_deck":["AscendersBane","Defend_G","Defend_G","Defend_G","Defend_G","Defend_G","Survivor","Neutralize+1","Riddle With Holes","Dagger Spray+1","Footwork+1","Well Laid Plans","Terror","Malaise+1","Glass Knife+1","After Image+1","Corpse Explosion","Crippling Poison+1","Phantasmal Killer+1","Riddle With Holes+1","Bouncing Flask+1","Cloak And Dagger","Backstab","Noxious Fumes+1","Footwork+1","Backflip","Leg Sweep+1","After Image","Cloak And Dagger+1","Backflip","Escape Plan+1","Caltrops+1","Cloak And Dagger","Sucker Punch+1","Well Laid Plans+1","Malaise","After Image+1"],"special_seed":0,"relics":["Ring of the Snake","PreservedInsect","Meat on the Bone","Old Coin","Nunchaku","Astrolabe","Sundial","MutagenicStrength","Smiling Mask","Regal Pillow","Dream Catcher","Fusion Hammer","Happy Flower","Frozen Egg 2","Juzu Bracelet","MawBank","Medical Kit","Oddly Smooth Stone"],"potions_floor_usage":[56],"damage_taken":[{"damage":4.0,"enemies":"2 Louse","floor":1.0,"turns":3.0},{"damage":8.0,"enemies":"Small Slimes","floor":2.0,"turns":4.0},{"damage":0.0,"enemies":"Cultist","floor":3.0,"turns":4.0},{"damage":5.0,"enemies":"Looter","floor":5.0,"turns":4.0},{"damage":6.0,"enemies":"3 Sentries","floor":8.0,"turns":5.0},{"damage":0.0,"enemies":"Large Slime","floor":13.0,"turns":5.0},{"damage":7.0,"enemies":"Gremlin Nob","floor":14.0,"turns":3.0},{"damage":34.0,"enemies":"Slime Boss","floor":16.0,"turns":11.0},{"damage":6.0,"enemies":"2 Thieves","floor":18.0,"turns":3.0},{"damage":6.0,"enemies":"Spheric Guardian","floor":20.0,"turns":3.0},{"damage":0.0,"enemies":"Gremlin Leader","floor":24.0,"turns":3.0},{"damage":17.0,"enemies":"Snecko","floor":27.0,"turns":5.0},{"damage":9.0,"enemies":"Centurion and Healer","floor":28.0,"turns":5.0},{"damage":0.0,"enemies":"Slavers","floor":29.0,"turns":1.0},{"damage":0.0,"enemies":"3 Cultists","floor":30.0,"turns":2.0},{"damage":7.0,"enemies":"Snake Plant","floor":31.0,"turns":4.0},{"damage":33.0,"enemies":"Champ","floor":33.0,"turns":15.0},{"damage":5.0,"enemies":"Orb Walker","floor":35.0,"turns":3.0},{"damage":8.0,"enemies":"3 Darklings","floor":37.0,"turns":5.0},{"damage":7.0,"enemies":"Maw","floor":39.0,"turns":9.0},{"damage":1.0,"enemies":"Nemesis","floor":41.0,"turns":7.0},{"damage":13.0,"enemies":"Giant Head","floor":44.0,"turns":6.0},{"damage":0.0,"enemies":"Sphere and 2 Shapes","floor":45.0,"turns":7.0},{"damage":0.0,"enemies":"Nemesis","floor":46.0,"turns":5.0},{"damage":10.0,"enemies":"4 Shapes","floor":47.0,"turns":5.0},{"damage":19.0,"enemies":"Giant Head","floor":48.0,"turns":7.0},{"damage":26.0,"enemies":"Donu and Deca","floor":50.0,"turns":10.0},{"damage":21.0,"enemies":"Time Eater","floor":51.0,"turns":16.0},{"damage":23.0,"enemies":"Shield and Spear","floor":55.0,"turns":7.0},{"damage":31,"enemies":"The Heart","floor":56,"turns":14}],"seed_played":"7885377342385080329","potions_obtained":[{"floor":3.0,"key":"Explosive Potion"},{"floor":5.0,"key":"Explosive Potion"},{"floor":13.0,"key":"Ancient Potion"},{"floor":18.0,"key":"Swift Potion"},{"floor":27.0,"key":"PowerPotion"},{"floor":28.0,"key":"LiquidBronze"},{"floor":30.0,"key":"SteroidPotion"},{"floor":35.0,"key":"Regen Potion"},{"floor":44.0,"key":"Dexterity Potion"}],"is_trial":false,"path_per_floor":["M","M","M","$","M","R","?","E","T","R","$","?","M","E","R","B",null,"M","?","M","?","?","R","E","R","T","M","M","E","M","M","R","B",null,"M","$","M","?","M","R","E","R","T","E","M","E","M","E","R","B","B",null,"R","$","E","B",null],"character_chosen":"THE_SILENT","items_purchased":["PreservedInsect","Footwork","Malaise","Glass Knife","GhostInAJar","Medical Kit","Malaise","SteroidPotion"],"campfire_rested":3,"item_purchase_floors":[4,4,11,11,36,54,54,54],"current_hp_per_floor":[55,47,47,47,42,42,42,36,36,36,36,36,36,41,41,19,54,48,48,42,42,42,42,42,42,42,37,40,40,40,45,45,24,56,51,51,55,55,48,48,47,66,66,53,53,53,43,36,66,40,31,57,66,66,43,24],"gold":75,"neow_bonus":"HUNDRED_GOLD","is_prod":false,"is_daily":false,"chose_seed":false,"campfire_upgraded":6,"win_rate":0,"timestamp":1549836368,"path_taken":["M","M","M","$","M","R","?","E","T","R","$","?","M","E","R","BOSS","M","?","M","?","?","R","E","R","T","M","M","E","M","M","R","BOSS","M","$","M","?","M","R","E","R","T","E","?","E","M","E","R","BOSS","BOSS","R","$","E","BOSS"],"build_version":"2019-01-23","purchased_purges":2,"victory":true,"max_hp_per_floor":[66,66,66,66,66,66,66,66,66,66,66,66,66,66,66,66,66,66,66,66,66,66,66,66,66,66,66,66,66,66,66,66,66,66,66,66,66,66,66,66,66,66,66,66,66,66,66,66,66,66,66,66,66,66,66,66],"card_choices":[{"not_picked":["Slice","Underhanded Strike"],"picked":"Riddle With Holes","floor":1.0},{"not_picked":["Eviscerate","Underhanded Strike","Accuracy"],"picked":"SKIP","floor":2.0},{"not_picked":["Backflip","Sucker Punch"],"picked":"Dagger Spray","floor":3.0},{"not_picked":["PiercingWail","Predator"],"picked":"Well Laid Plans","floor":5.0},{"not_picked":["Flying Knee","Backflip"],"picked":"Terror","floor":8.0},{"not_picked":["Catalyst","Finisher"],"picked":"After Image","floor":13.0},{"not_picked":["Expertise","Slice","Dagger Throw"],"picked":"SKIP","floor":14.0},{"not_picked":["Unload","Envenom"],"picked":"Corpse Explosion","floor":16.0},{"not_picked":["Blade Dance","Deadly Poison"],"picked":"Bouncing Flask+1","floor":18.0},{"not_picked":["Backflip","Flying Knee"],"picked":"Cloak And Dagger","floor":20.0},{"not_picked":["Sucker Punch","Underhanded Strike"],"picked":"Noxious Fumes","floor":24.0},{"not_picked":["Flying Knee","Terror","Expertise"],"picked":"SKIP","floor":27.0},{"not_picked":["Setup","Reflex","Riddle With Holes"],"picked":"SKIP","floor":28.0},{"not_picked":["Underhanded Strike","Backstab"],"picked":"Footwork","floor":29.0},{"not_picked":["Cloak And Dagger","Die Die Die"],"picked":"Backflip","floor":30.0},{"not_picked":["Infinite Blades","Blade Dance"],"picked":"Leg Sweep+1","floor":31.0},{"not_picked":["Grand Finale","Burst"],"picked":"After Image","floor":33.0},{"not_picked":["Quick Slash","Deflect+1"],"picked":"Cloak And Dagger+1","floor":35.0},{"not_picked":["Flying Knee","Deadly Poison","Crippling Poison"],"picked":"SKIP","floor":37.0},{"not_picked":["Quick Slash+1","Tools of the Trade","Expertise+1"],"picked":"SKIP","floor":39.0},{"not_picked":["Poisoned Stab","Flying Knee+1"],"picked":"Backflip","floor":41.0},{"not_picked":["Skewer","Finisher","Terror"],"picked":"SKIP","floor":44.0},{"not_picked":["Prepared","Heel Hook"],"picked":"Escape Plan+1","floor":45.0},{"not_picked":["Crippling Poison","Setup"],"picked":"Caltrops+1","floor":46.0},{"not_picked":["Underhanded Strike","Reflex"],"picked":"Cloak And Dagger","floor":47.0},{"not_picked":["Eviscerate+1","Die Die Die"],"picked":"Sucker Punch+1","floor":48.0},{"not_picked":["Prepared+1","Poisoned Stab"],"picked":"Well Laid Plans+1","floor":53.0},{"not_picked":["Deadly Poison","Poisoned Stab"],"picked":"After Image+1","floor":55.0}],"player_experience":1185911,"relics_obtained":[{"floor":8.0,"key":"Meat on the Bone"},{"floor":9.0,"key":"Old Coin"},{"floor":14.0,"key":"Nunchaku"},{"floor":24.0,"key":"Smiling Mask"},{"floor":26.0,"key":"Regal Pillow"},{"floor":29.0,"key":"Dream Catcher"},{"floor":41.0,"key":"Happy Flower"},{"floor":44.0,"key":"Frozen Egg 2"},{"floor":46.0,"key":"Juzu Bracelet"},{"floor":48.0,"key":"MawBank"},{"floor":55.0,"key":"Oddly Smooth Stone"}],"event_choices":[{"damage_healed":0.0,"max_hp_gain":0.0,"max_hp_loss":0.0,"gold_gain":0.0,"event_name":"Living Wall","player_choice":"Grow","floor":7.0,"gold_loss":0.0,"damage_taken":0.0,"cards_upgraded":["Dagger Spray"]},{"damage_healed":0.0,"max_hp_gain":0.0,"max_hp_loss":0.0,"gold_gain":0.0,"event_name":"Golden Idol","player_choice":"Ignored","floor":12.0,"gold_loss":0.0,"damage_taken":0.0},{"damage_healed":0.0,"max_hp_gain":0.0,"max_hp_loss":0.0,"gold_gain":0.0,"event_name":"Addict","player_choice":"Obtained Relic","floor":19.0,"gold_loss":85.0,"damage_taken":0.0,"relics_obtained":["Sundial"]},{"damage_healed":0.0,"max_hp_gain":0.0,"max_hp_loss":0.0,"gold_gain":0.0,"event_name":"Drug Dealer","player_choice":"Inject Mutagens","floor":21.0,"gold_loss":0.0,"damage_taken":0.0,"relics_obtained":["MutagenicStrength"]},{"damage_healed":0.0,"max_hp_gain":0.0,"max_hp_loss":0.0,"gold_gain":0.0,"event_name":"The Library","player_choice":"Read","floor":22.0,"gold_loss":0.0,"damage_taken":0.0,"cards_obtained":["Backstab"]},{"damage_healed":0.0,"max_hp_gain":0.0,"max_hp_loss":0.0,"gold_gain":0.0,"event_name":"Designer","player_choice":"Upgrade","floor":38.0,"gold_loss":50.0,"damage_taken":0.0,"cards_upgraded":["After Image"]}],"is_beta":false,"boss_relics":[{"not_picked":["Orrery","Eternal Feather"],"picked":"Astrolabe"},{"not_picked":["WristBlade","Runic Pyramid"],"picked":"Fusion Hammer"}],"items_purged_floors":[36,54],"is_endless":false,"potions_floor_spawned":[3,5,13,18,27,28,30,35,44,45,47],"ascension_level":20}