{"gold_per_floor":[115,290,290,177,189,221,221,233,233,233,248,248,264,293,293,293],"floor_reached":16,"playtime":377,"items_purged":["Doubt"],"score":209,"play_id":"4b4620ad-cf91-4243-bba0-cd2108d08d20","local_time":"20181026193756","is_ascension_mode":true,"campfire_choices":[{"data":"Shockwave","floor":7,"key":"SMITH"},{"data":"Flame Barrier","floor":15,"key":"SMITH"}],"neow_cost":"NONE","seed_source_timestamp":67799494756540,"circlet_count":0,"master_deck":["Strike_R","Strike_R","Strike_R","Strike_R","Strike_R","Defend_R","Defend_R","Defend_R","Defend_R","Bash","AscendersBane","Clash","Shockwave+1","Metallicize","Cleave","Combust+1","Flame Barrier+1","Seeing Red","Intimidate"],"relics":["Burning Blood","NeowsBlessing","Peace Pipe","Charon\u0027s Ashes","Lantern"],"potions_floor_usage":[14],"damage_taken":[{"damage":0,"enemies":"2 Louse","floor":1,"turns":1},{"damage":0,"enemies":"Small Slimes","floor":5,"turns":1},{"damage":0,"enemies":"Gremlin Nob","floor":6,"turns":1},{"damage":2,"enemies":"Cultist","floor":8,"turns":5},{"damage":3,"enemies":"Exordium Wildlife","floor":11,"turns":3},{"damage":5,"enemies":"Looter","floor":13,"turns":4},{"damage":20,"enemies":"3 Sentries","floor":14,"turns":3},{"damage":1,"enemies":"The Guardian","floor":16,"turns":2}],"seed_played":"6476808349137813778","potions_obtained":[{"floor":3,"key":"SkillPotion"},{"floor":3,"key":"GamblersBrew"},{"floor":6,"key":"SteroidPotion"},{"floor":14,"key":"EssenceOfSteel"}],"is_trial":false,"path_per_floor":["M","?","?","$","M","E","R","M","T","?","M","?","M","E","R"],"character_chosen":"IRONCLAD","items_purchased":["Shockwave"],"campfire_rested":0,"item_purchase_floors":[4],"current_hp_per_floor":[78,78,78,78,80,80,80,80,80,80,80,80,80,66,66,65],"gold":293,"neow_bonus":"THREE_ENEMY_KILL","is_prod":false,"is_daily":false,"chose_seed":false,"campfire_upgraded":2,"win_rate":0,"timestamp":1540575476,"path_taken":["M","?","?","$","M","E","R","M","T","?","?","?","M","E","R","BOSS"],"build_version":"2018-10-25v2","purchased_purges":1,"victory":false,"max_hp_per_floor":[80,80,80,80,80,80,80,80,80,80,80,80,80,80,80,80],"card_choices":[{"not_picked":["Heavy Blade","Burning Pact"],"picked":"Clash","floor":1},{"not_picked":["Armaments","Wild Strike"],"picked":"Metallicize","floor":5},{"not_picked":["Reckless Charge","Thunderclap"],"picked":"Cleave","floor":6},{"not_picked":["Dual Wield","Sentinel"],"picked":"Combust","floor":8},{"not_picked":["Burning Pact","Flex"],"picked":"Flame Barrier","floor":11},{"not_picked":["Perfected Strike","Bloodletting"],"picked":"Seeing Red","floor":13},{"not_picked":["Wild Strike","Sever Soul"],"picked":"Intimidate","floor":14}],"player_experience":1111515,"relics_obtained":[{"floor":6,"key":"Peace Pipe"},{"floor":9,"key":"Charon\u0027s Ashes"},{"floor":14,"key":"Lantern"}],"event_choices":[{"damage_healed":0,"gold_gain":175,"player_choice":"AGREE","damage_taken":0,"max_hp_gain":0,"max_hp_loss":0,"event_name":"Liars Game","floor":2,"gold_loss":0,"cards_obtained":["Doubt"]},{"damage_healed":0,"gold_gain":0,"player_choice":"Got Potions","damage_taken":0,"max_hp_gain":0,"max_hp_loss":0,"event_name":"The Lab","floor":3,"gold_loss":0},{"damage_healed":0,"gold_gain":0,"player_choice":"Upgraded","damage_taken":0,"max_hp_gain":0,"max_hp_loss":0,"event_name":"Upgrade Shrine","floor":10,"gold_loss":0,"cards_upgraded":["Combust"]},{"damage_healed":0,"gold_gain":0,"player_choice":"Leave","damage_taken":0,"max_hp_gain":0,"max_hp_loss":0,"event_name":"The Cleric","floor":12,"gold_loss":0}],"is_beta":false,"boss_relics":[],"items_purged_floors":[4],"is_endless":false,"potions_floor_spawned":[6,8,14],"killed_by":"The Guardian","ascension_level":11}