{"path_per_floor":["M","M","$","?","M","?","?","E","T","M","?","E","R","M","R","B",null,"M","?","M","?","M","R","M","M","T","R","E","$","M","M","R"],"character_chosen":"IRONCLAD","items_purchased":["Rampage"],"gold_per_floor":[112,128,19,19,33,33,33,67,93,111,81,113,113,129,129,234,234,234,234,234,234,234,234,234,234,234,234,234,134,134,134,134,134],"floor_reached":33,"campfire_rested":0,"playtime":1174,"current_hp_per_floor":[80,74,74,74,79,79,79,64,64,65,65,45,45,52,52,23,73,78,44,46,46,45,45,46,46,46,46,45,45,50,54,54,0],"items_purged":["Normality","Strike_R"],"gold":134,"score":374,"play_id":"75cd78db-ef19-42bb-bf2c-051f5df20073","local_time":"20180518171849","is_prod":false,"is_daily":false,"chose_seed":false,"is_ascension_mode":true,"campfire_upgraded":1,"timestamp":1526656729,"campfire_choices":[{"data":"Rampage","floor":13,"key":"SMITH"},{"data":"Strike_R","floor":15,"key":"PURGE"},{"data":"Defend_R","floor":23,"key":"PURGE"},{"data":"Defend_R","floor":27,"key":"PURGE"},{"data":"Defend_R","floor":32,"key":"PURGE"}],"path_taken":["M","M","$","?","M","?","?","E","T","M","?","E","R","?","R","BOSS","M","?","M","?","?","R","M","M","T","R","E","?","M","?","R","BOSS"],"build_version":"2018-05-17","seed_source_timestamp":373896125310997,"purchased_purges":2,"victory":false,"master_deck":["Strike_R","Strike_R","Defend_R","Bash","Battle Trance","Body Slam","Rampage+1","Headbutt","Heavy Blade","Disarm","Immolate","Cleave","Ghostly","Ghostly","Ghostly","Ghostly","Ghostly","Carnage+1","Spot Weakness"],"max_hp_per_floor":[80,80,80,80,80,80,80,85,85,85,85,85,85,87,87,89,89,89,44,46,46,48,48,48,50,50,50,50,50,52,54,54,54],"relics":["Burning Blood","Peace Pipe","Anchor","Singing Bowl","Regal Pillow","Ectoplasm","Vajra","Bag of Marbles"],"card_choices":[{"not_picked":["Headbutt","Combust"],"picked":"Battle Trance","floor":1},{"not_picked":["Flex","Rage"],"picked":"Body Slam","floor":2},{"not_picked":["Second Wind","Rupture"],"picked":"Headbutt","floor":5},{"not_picked":["Warcry","Battle Trance"],"picked":"Heavy Blade","floor":8},{"not_picked":["Wild Strike","Heavy Blade"],"picked":"Disarm","floor":10},{"not_picked":["Sword Boomerang","Sentinel"],"picked":"Immolate","floor":12},{"not_picked":["Perfected Strike","Headbutt","Sever Soul"],"picked":"Singing Bowl","floor":14},{"not_picked":["Immolate","Reaper","Dark Embrace"],"picked":"Singing Bowl","floor":16},{"not_picked":["Shockwave","Havoc"],"picked":"Cleave","floor":18},{"not_picked":["Perfected Strike","Warcry","Combust"],"picked":"Singing Bowl","floor":20},{"not_picked":["Pummel","Flame Barrier","Anger"],"picked":"Singing Bowl","floor":22},{"not_picked":["Armaments","Cleave"],"picked":"Carnage+1","floor":24},{"not_picked":["Flame Barrier","Warcry","Thunderclap+1"],"picked":"Singing Bowl","floor":25},{"not_picked":["Fiend Fire","Pommel Strike"],"picked":"Spot Weakness","floor":28},{"not_picked":["Thunderclap","Perfected Strike+1","Pommel Strike+1"],"picked":"Singing Bowl","floor":30},{"not_picked":["Clash","Power Through","Heavy Blade"],"picked":"Singing Bowl","floor":31}],"player_experience":492705,"potions_floor_usage":[8,8,8,12,12,12,25,25,25,33],"damage_taken":[{"damage":6,"enemies":"Cultist","floor":1,"turns":3},{"damage":12,"enemies":"Jaw Worm","floor":2,"turns":3},{"damage":1,"enemies":"Small Slimes","floor":5,"turns":4},{"damage":26,"enemies":"3 Sentries","floor":8,"turns":6},{"damage":5,"enemies":"2 Fungi Beasts","floor":10,"turns":5},{"damage":26,"enemies":"Lagavulin","floor":12,"turns":5},{"damage":1,"enemies":"Looter","floor":14,"turns":2},{"damage":37,"enemies":"Hexaghost","floor":16,"turns":8},{"damage":1,"enemies":"Spheric Guardian","floor":18,"turns":3},{"damage":2,"enemies":"Chosen","floor":20,"turns":6},{"damage":9,"enemies":"Snake Plant","floor":22,"turns":6},{"damage":5,"enemies":"Sentry and Sphere","floor":24,"turns":6},{"damage":8,"enemies":"Centurion and Healer","floor":25,"turns":4},{"damage":7,"enemies":"Gremlin Leader","floor":28,"turns":5},{"damage":3,"enemies":"Snake Plant","floor":30,"turns":4},{"damage":4,"enemies":"Sentry and Sphere","floor":31,"turns":4},{"damage":71,"enemies":"Champ","floor":33,"turns":8}],"relics_obtained":[{"floor":8,"key":"Anchor"},{"floor":9,"key":"Singing Bowl"},{"floor":12,"key":"Regal Pillow"},{"floor":26,"key":"Vajra"},{"floor":28,"key":"Bag of Marbles"}],"event_choices":[{"event_name":"The Cleric","player_choice":"Leave","floor":4,"damage_taken":0},{"event_name":"The Lab","player_choice":"Got Potions","floor":6,"damage_taken":0},{"event_name":"Wheel of Change","player_choice":"Card Removal","floor":7,"damage_taken":0},{"event_name":"The Woman in Blue","player_choice":"Bought 2 Potions","floor":11,"damage_taken":0},{"event_name":"Ghosts","player_choice":"Became a Ghost","floor":19,"damage_taken":0},{"event_name":"Drug Dealer","player_choice":"Ignored","floor":21,"damage_taken":0}],"boss_relics":[{"not_picked":["Runic Cube","Black Blood"],"picked":"Ectoplasm"}],"potions_floor_spawned":[8,12,16,20,22,30],"seed_played":"4317352144607080360","killed_by":"Champ","ascension_level":5,"potions_obtained":[{"floor":6,"key":"PowerPotion"},{"floor":6,"key":"SkillPotion"},{"floor":6,"key":"Fruit Juice"},{"floor":8,"key":"AttackPotion"},{"floor":11,"key":"Block Potion"},{"floor":11,"key":"SkillPotion"},{"floor":12,"key":"SteroidPotion"},{"floor":16,"key":"SteroidPotion"},{"floor":20,"key":"SteroidPotion"},{"floor":30,"key":"SteroidPotion"}],"is_trial":false}