{"path_per_floor":["M","M","M","M","M","E","R","M","T","E","R","?","M","?","R","B",null,"M","?","M","?","?","E"],"character_chosen":"THE_SILENT","items_purchased":[],"gold_per_floor":[15,32,47,65,82,113,113,133,160,190,190,190,200,170,170,274,274,288,211,229,229,229,259,259],"floor_reached":24,"campfire_rested":0,"playtime":1353,"current_hp_per_floor":[83,80,80,77,72,55,55,46,46,60,60,82,74,74,74,28,91,84,84,57,57,57,17,0],"items_purged":[],"gold":259,"score":287,"play_id":"aa1ecd53-59ba-41c5-a1a0-dcbad861ba48","local_time":"20180508151613","is_prod":false,"is_daily":false,"chose_seed":false,"is_ascension_mode":true,"campfire_upgraded":3,"timestamp":1525785373,"path_taken":["M","?","M","M","M","E","R","M","T","E","R","?","M","?","R","BOSS","M","?","?","?","?","E","M"],"build_version":"2018-05-03","seed_source_timestamp":395757540350082,"purchased_purges":0,"victory":false,"master_deck":["Defend_G","Defend_G","Defend_G","Defend_G","Defend_G","Strike_G","Strike_G","Strike_G","Strike_G","Strike_G","Survivor","Neutralize","Infinite Blades","Infinite Blades","Cloak And Dagger+1","Dagger Spray","Infinite Blades","Cloak And Dagger","Setup+1","Parasite","Venomology+1","Die Die Die","Acrobatics","J.A.X.+1","Escape Plan","Escape Plan+1"],"max_hp_per_floor":[84,84,84,84,84,84,84,84,84,91,91,91,91,91,91,91,91,91,91,91,91,91,91,91],"relics":["Ring of the Snake","Tingsha","Vajra","Strawberry","Lantern"],"card_choices":[{"not_picked":["Escape Plan","Catalyst"],"picked":"Infinite Blades","floor":1},{"not_picked":["Outmaneuver","Deflect"],"picked":"Infinite Blades","floor":2},{"not_picked":["Slice","Infinite Blades"],"picked":"Cloak And Dagger","floor":3},{"not_picked":["Backflip","Underhanded Strike"],"picked":"Dagger Spray","floor":4},{"not_picked":["Dagger Throw","Acrobatics"],"picked":"Infinite Blades","floor":6},{"not_picked":["Dodge and Roll","PiercingWail"],"picked":"Cloak And Dagger","floor":8},{"not_picked":["Dodge and Roll","Underhanded Strike"],"picked":"Setup","floor":10},{"not_picked":["Deflect","Outmaneuver"],"picked":"Venomology","floor":13},{"not_picked":["Adrenaline","Wraith Form v2"],"picked":"Die Die Die","floor":16},{"not_picked":["Masterful Stab","Dagger Throw"],"picked":"Acrobatics","floor":18},{"not_picked":["Slice","Dodge and Roll"],"picked":"Escape Plan","floor":20},{"not_picked":["Choke","Bouncing Flask"],"picked":"Escape Plan","floor":23}],"player_experience":412477,"potions_floor_usage":[6,10,16,16,18,20,23,23,23,24],"damage_taken":[{"damage":1,"enemies":"Cultist","floor":1,"turns":5},{"damage":3,"enemies":"Small Slimes","floor":2,"turns":6},{"damage":0,"enemies":"2 Louse","floor":3,"turns":4},{"damage":3,"enemies":"Large Slime","floor":4,"turns":6},{"damage":5,"enemies":"Red Slaver","floor":5,"turns":5},{"damage":17,"enemies":"Gremlin Nob","floor":6,"turns":4},{"damage":9,"enemies":"3 Louse","floor":8,"turns":4},{"damage":5,"enemies":"3 Sentries","floor":10,"turns":5},{"damage":8,"enemies":"Blue Slaver","floor":13,"turns":4},{"damage":46,"enemies":"The Guardian","floor":16,"turns":11},{"damage":7,"enemies":"3 Byrds","floor":18,"turns":4},{"damage":27,"enemies":"Shell Parasite","floor":20,"turns":5},{"damage":40,"enemies":"Book of Stabbing","floor":23,"turns":5},{"damage":20,"enemies":"Centurion and Healer","floor":24,"turns":3}],"event_choices":[{"event_name":"Mushrooms","player_choice":"Healed and dodged fight","floor":12,"damage_taken":0},{"event_name":"The Woman in Blue","player_choice":"Bought 2 Potions","floor":14,"damage_taken":0},{"event_name":"Drug Dealer","player_choice":"Got JAXXED","floor":19,"damage_taken":0},{"event_name":"Upgrade Shrine","player_choice":"Upgraded","floor":21,"damage_taken":0},{"event_name":"The Lab","player_choice":"Got Potions","floor":22,"damage_taken":0}],"boss_relics":[{"not_picked":["Cursed Key","Velvet Choker","Philosopher\u0027s Stone"]}],"potions_floor_spawned":[1,2,3,4,23],"seed_played":"8224765319218429723","killed_by":"Centurion and Healer","ascension_level":3,"is_trial":false}