{"gold_per_floor":[109,34,48,61,136,136,169,179,252,252,262,297,315,330,330,434,434,445,445,445,461,461,490,110,126,151,151,26,40,40,55,55,155,155,168,182,30,30,77,77,105,105,158,158,177,190,190,220,220,220],"floor_reached":51,"playtime":6895,"items_purged":["Strike_B","Writhe","Strike_B"],"score":815,"play_id":"8092ca27-7adb-4d85-8055-265399b864a2","local_time":"20180724215133","is_ascension_mode":true,"campfire_choices":[{"data":"Zap","floor":6.0,"key":"SMITH"},{"data":"Defragment","floor":10.0,"key":"SMITH"},{"data":"White Noise","floor":15.0,"key":"SMITH"},{"data":"White Noise","floor":30.0,"key":"SMITH"},{"data":"Dualcast","floor":32.0,"key":"SMITH"},{"data":"Capacitor","floor":40.0,"key":"SMITH"},{"floor":42.0,"key":"REST"},{"floor":44.0,"key":"REST"},{"data":"Blizzard","floor":49,"key":"SMITH"}],"neow_cost":"NONE","seed_source_timestamp":2667594871313,"circlet_count":0,"master_deck":["Strike_B+1","Strike_B","Defend_B","Defend_B","Defend_B","Zap+1","Dualcast+1","Coolheaded","Coolheaded","FTL","Defragment+1","BootSequence","Static Discharge","White Noise+1","Conserve Battery","Self Repair","Blizzard+1","Coolheaded","Coolheaded","Capacitor+1","Machine Learning","White Noise+1","Blizzard+1","Chill","Reprogram","Coolheaded","Cold Snap","Gash","Flash of Steel+1","Madness","Madness"],"special_seed":0,"relics":["Cracked Core","Prayer Wheel","Mercury Hourglass","Blood Vial","Busted Crown","Torii","Potion Belt","Medical Kit","Orichalcum","Black Star","Art of War","Nunchaku","Incense Burner","Gambling Chip","Bag of Marbles","Whetstone","Happy Flower"],"potions_floor_usage":[50],"damage_taken":[{"damage":1.0,"enemies":"Cultist","floor":1.0,"turns":3.0},{"damage":0.0,"enemies":"2 Louse","floor":3.0,"turns":3.0},{"damage":0.0,"enemies":"Small Slimes","floor":4.0,"turns":5.0},{"damage":9.0,"enemies":"Lagavulin","floor":7.0,"turns":8.0},{"damage":2.0,"enemies":"3 Louse","floor":8.0,"turns":3.0},{"damage":4.0,"enemies":"Lots of Slimes","floor":11.0,"turns":3.0},{"damage":24.0,"enemies":"Gremlin Nob","floor":12.0,"turns":4.0},{"damage":8.0,"enemies":"Large Slime","floor":13.0,"turns":4.0},{"damage":4.0,"enemies":"Blue Slaver","floor":14.0,"turns":3.0},{"damage":7.0,"enemies":"Hexaghost","floor":16.0,"turns":12.0},{"damage":2.0,"enemies":"Shell Parasite","floor":18.0,"turns":5.0},{"damage":1.0,"enemies":"Spheric Guardian","floor":21.0,"turns":3.0},{"damage":1.0,"enemies":"Slavers","floor":23.0,"turns":5.0},{"damage":16.0,"enemies":"Snake Plant","floor":25.0,"turns":6.0},{"damage":1.0,"enemies":"Snecko","floor":29.0,"turns":5.0},{"damage":0.0,"enemies":"Centurion and Healer","floor":31.0,"turns":6.0},{"damage":27.0,"enemies":"Collector","floor":33.0,"turns":8.0},{"damage":9.0,"enemies":"3 Shapes","floor":35.0,"turns":4.0},{"damage":0.0,"enemies":"3 Darklings","floor":36.0,"turns":4.0},{"damage":19.0,"floor":39.0,"turns":4.0},{"damage":70.0,"enemies":"2 Orb Walkers","floor":41.0,"turns":5.0},{"damage":2.0,"enemies":"4 Shapes","floor":45.0,"turns":3.0},{"damage":0.0,"enemies":"Maw","floor":46.0,"turns":9.0},{"damage":8,"enemies":"Nemesis","floor":48,"turns":7},{"damage":34,"enemies":"Donu and Deca","floor":50,"turns":11}],"seed_played":"724236169271484907","potions_obtained":[{"floor":8.0,"key":"EssenceOfSteel"},{"floor":11.0,"key":"SteroidPotion"},{"floor":12.0,"key":"SteroidPotion"},{"floor":14.0,"key":"Regen Potion"},{"floor":18.0,"key":"FocusPotion"},{"floor":21.0,"key":"Poison Potion"},{"floor":25.0,"key":"Energy Potion"},{"floor":27.0,"key":"LiquidBronze"},{"floor":27.0,"key":"Weak Potion"},{"floor":27.0,"key":"Swift Potion"},{"floor":31.0,"key":"Block Potion"},{"floor":35.0,"key":"FairyPotion"},{"floor":36.0,"key":"Dexterity Potion"},{"floor":48,"key":"Energy Potion"}],"is_trial":false,"path_per_floor":["M","$","M","M","?","R","E","M","T","R","M","E","M","M","R","B",null,"M","?","?","M","?","E","$","M","T","?","$","M","R","M","R","B",null,"M","M","$","?","?","R","E","R","T","R","M","M","?","E","R","B"],"character_chosen":"DEFECT","items_purchased":["Medical Kit","Chill","Art of War"],"campfire_rested":2,"item_purchase_floors":[24,24,37],"current_hp_per_floor":[74,74,74,74,67,67,58,56,56,56,52,28,29,34,34,51,75,75,75,75,74,74,75,75,66,66,66,66,74,74,75,75,62,75,73,75,75,75,63,63,14,36,36,58,58,74,65,66,66,41],"gold":220,"neow_bonus":"REMOVE_CARD","is_prod":false,"is_daily":false,"chose_seed":false,"campfire_upgraded":7,"win_rate":0,"timestamp":1532436693,"path_taken":["M","$","M","?","?","R","E","M","T","R","M","E","M","M","R","BOSS","M","?","?","?","?","E","$","M","T","?","?","?","R","M","R","BOSS","M","M","$","?","?","R","E","R","T","R","M","M","?","E","R","BOSS"],"build_version":"2018-07-19v2","purchased_purges":3,"victory":true,"max_hp_per_floor":[75,75,75,75,75,75,75,75,75,75,75,75,75,75,75,75,75,75,75,75,75,75,75,75,75,75,75,75,75,75,75,75,75,75,75,75,75,75,75,75,75,75,75,75,75,75,75,75,75,75],"card_choices":[{"not_picked":["Beam Cell","Redo"],"picked":"Coolheaded","floor":1.0},{"not_picked":["Stack","Biased Cognition"],"picked":"Coolheaded","floor":3.0},{"not_picked":["Coolheaded","Steam Power"],"picked":"FTL","floor":4.0},{"not_picked":["Creative AI","Go for the Eyes"],"picked":"Defragment","floor":7.0},{"not_picked":["Go for the Eyes","Hologram"],"picked":"BootSequence","floor":8.0},{"not_picked":["BootSequence","Leap"],"picked":"Static Discharge","floor":8.0},{"not_picked":["FTL","Auto Shields"],"picked":"White Noise","floor":11.0},{"not_picked":["Barrage","Stack"],"picked":"Conserve Battery","floor":11.0},{"not_picked":["Cold Snap","Multi-Cast"],"picked":"Self Repair","floor":12.0},{"not_picked":["Ball Lightning","Conserve Battery"],"picked":"Blizzard","floor":13.0},{"not_picked":["Leap","Rebound"],"picked":"Coolheaded","floor":13.0},{"not_picked":["Doom and Gloom","BootSequence"],"picked":"Coolheaded","floor":14.0},{"not_picked":["Hologram","Stack"],"picked":"Capacitor","floor":14.0},{"not_picked":["Biased Cognition","Electrodynamics"],"picked":"Machine Learning","floor":16.0},{"not_picked":[],"picked":"White Noise","floor":18.0},{"not_picked":["Darkness+1"],"picked":"SKIP","floor":18.0},{"not_picked":[],"picked":"Blizzard+1","floor":21.0},{"not_picked":["Barrage"],"picked":"SKIP","floor":21.0},{"not_picked":["Doom and Gloom"],"picked":"SKIP","floor":23.0},{"not_picked":[],"picked":"Reprogram","floor":25.0},{"not_picked":[],"picked":"Coolheaded","floor":25.0},{"not_picked":["Go for the Eyes+1"],"picked":"SKIP","floor":29.0},{"not_picked":["Reprogram"],"picked":"SKIP","floor":29.0},{"not_picked":[],"picked":"Cold Snap","floor":31.0},{"not_picked":["Barrage"],"picked":"SKIP","floor":31.0},{"not_picked":[],"picked":"Gash","floor":35.0},{"not_picked":["Steam+1"],"picked":"SKIP","floor":35.0},{"not_picked":["Barrage+1"],"picked":"SKIP","floor":36.0},{"not_picked":["Auto Shields"],"picked":"SKIP","floor":36.0},{"not_picked":[],"picked":"Flash of Steel","floor":38.0},{"not_picked":["Rebound"],"picked":"SKIP","floor":41.0},{"not_picked":["Turbo"],"picked":"SKIP","floor":45.0},{"not_picked":["Go for the Eyes+1"],"picked":"SKIP","floor":45.0},{"not_picked":["Rebound+1"],"picked":"SKIP","floor":46.0},{"not_picked":["Hello World+1"],"picked":"SKIP","floor":46.0},{"not_picked":["Go for the Eyes"],"picked":"SKIP","floor":48}],"player_experience":172846,"relics_obtained":[{"floor":7.0,"key":"Prayer Wheel"},{"floor":9.0,"key":"Mercury Hourglass"},{"floor":12.0,"key":"Blood Vial"},{"floor":23.0,"key":"Potion Belt"},{"floor":26.0,"key":"Orichalcum"},{"floor":39.0,"key":"Nunchaku"},{"floor":41.0,"key":"Incense Burner"},{"floor":41.0,"key":"Gambling Chip"},{"floor":43.0,"key":"Bag of Marbles"},{"floor":48,"key":"Whetstone"},{"floor":48,"key":"Happy Flower"}],"event_choices":[{"event_name":"FaceTrader","player_choice":"Touch","floor":5.0,"damage_taken":0.0},{"event_name":"Accursed Blacksmith","player_choice":"Ignore","floor":19.0,"damage_taken":0.0},{"event_name":"The Mausoleum","player_choice":"Yes","floor":20.0,"damage_taken":0.0},{"event_name":"Drug Dealer","player_choice":"Ignored","floor":22.0,"damage_taken":0.0},{"event_name":"The Lab","player_choice":"Got Potions","floor":27.0,"damage_taken":0.0},{"event_name":"SensoryStone","player_choice":"Memory 1","floor":38.0,"damage_taken":0.0},{"event_name":"Mysterious Sphere","player_choice":"Fight","floor":39.0,"damage_taken":0.0},{"event_name":"Winding Halls","player_choice":"Embrace Madness","floor":47.0,"damage_taken":0.0}],"is_beta":false,"boss_relics":[{"not_picked":["Tiny House","Orrery"],"picked":"Busted Crown"},{"not_picked":["Fusion Hammer","FrozenCore"],"picked":"Black Star"}],"items_purged_floors":[2,24,28],"is_endless":false,"potions_floor_spawned":[8,11,12,14,18,21,25,31,35,36,48],"ascension_level":3}