{"gold_per_floor":[364,377,27,302,94,94,120,120,194,205,218,218,218,261,261,391,391,411,411,424,449,364,404,404,430,442,487,513,525,591,236,236,366,366,384,397,154,178,38,38,59,59,59,59,98,122,140,140,140,140],"floor_reached":51,"playtime":9413,"items_purged":["Regret","Dagger Spray","Strike_G+1"],"score":834,"play_id":"c4a2b062-7549-4c14-bdb6-5da2d910fb3c","local_time":"20190201192408","is_ascension_mode":true,"campfire_choices":[{"data":"Neutralize","floor":6,"key":"SMITH"},{"data":"Backstab","floor":8,"key":"SMITH"},{"floor":13,"key":"REST"},{"floor":15,"key":"DIG"},{"floor":24,"key":"DIG"},{"floor":29,"key":"DIG"},{"floor":32,"key":"REST"},{"floor":40,"key":"DIG"},{"floor":42,"key":"DIG"},{"data":"After Image","floor":49,"key":"SMITH"}],"neow_cost":"PERCENT_DAMAGE","seed_source_timestamp":257839868177500,"circlet_count":0,"master_deck":["Defend_G+1","Defend_G+1","Defend_G+1","Defend_G+1","Defend_G+1","Strike_G+1","Strike_G+1","Survivor","Neutralize+1","Quick Slash+1","Noxious Fumes","Backstab+1","Deadly Poison+1","Well Laid Plans","PiercingWail+1","PiercingWail+1","After Image+1","Sucker Punch+1","Bouncing Flask+1","Prepared+1","Catalyst+1","Prepared+1","Crippling Poison+1","Outmaneuver+1","Setup+1","Dodge and Roll+1","Burst+1","Acrobatics+1","Cloak And Dagger+1","Backflip+1","Backflip+1","Well Laid Plans+1","Tactician+1","Blur+1","Footwork+1"],"relics":["Ring of the Snake","Membership Card","Paper Crane","Sling","Anchor","Toxic Egg 2","Golden Idol","Shovel","War Paint","Empty Cage","Boot","Du-Vu Doll","MawBank","Frozen Egg 2","Orichalcum","Question Card","Centennial Puzzle","Whetstone","Prayer Wheel","Cursed Key","Mummified Hand","Pen Nib","Bronze Scales","StoneCalendar","Pantograph","Bottled Flame","Spirit Poop"],"potions_floor_usage":[21,23,23,33],"damage_taken":[{"damage":0,"enemies":"Small Slimes","floor":1,"turns":5},{"damage":1,"enemies":"Cultist","floor":2,"turns":3},{"damage":8,"enemies":"Lagavulin","floor":7,"turns":5},{"damage":0,"enemies":"Jaw Worm","floor":10,"turns":2},{"damage":0,"enemies":"Blue Slaver","floor":11,"turns":2},{"damage":1,"enemies":"3 Sentries","floor":14,"turns":6},{"damage":13,"enemies":"Hexaghost","floor":16,"turns":11},{"damage":1,"enemies":"3 Byrds","floor":18,"turns":7},{"damage":1,"enemies":"Shell Parasite","floor":20,"turns":7},{"damage":0,"enemies":"Centurion and Healer","floor":21,"turns":7},{"damage":15,"enemies":"Slavers","floor":23,"turns":6},{"damage":4,"enemies":"Snake Plant","floor":25,"turns":4},{"damage":6,"enemies":"Book of Stabbing","floor":27,"turns":6},{"damage":3,"enemies":"Shelled Parasite and Fungi","floor":28,"turns":4},{"damage":7,"enemies":"Champ","floor":33,"turns":7},{"damage":0,"enemies":"3 Darklings","floor":35,"turns":5},{"damage":0,"enemies":"3 Shapes","floor":36,"turns":5},{"damage":0,"enemies":"3 Darklings","floor":38,"turns":8},{"damage":0,"enemies":"4 Shapes","floor":41,"turns":3},{"damage":6,"enemies":"Reptomancer","floor":45,"turns":5},{"damage":0,"enemies":"Writhing Mass","floor":46,"turns":2},{"damage":0,"enemies":"Transient","floor":47,"turns":5},{"damage":7,"enemies":"Donu and Deca","floor":50,"turns":8}],"seed_played":"-4524673573382036093","potions_obtained":[{"floor":2,"key":"Energy Potion"},{"floor":10,"key":"AttackPotion"},{"floor":11,"key":"Block Potion"},{"floor":16,"key":"Poison Potion"},{"floor":20,"key":"Fruit Juice"},{"floor":21,"key":"Swift Potion"},{"floor":25,"key":"EntropicBrew"},{"floor":27,"key":"Poison Potion"},{"floor":41,"key":"FairyPotion"}],"is_trial":false,"path_per_floor":["M","M","$","?","$","R","E","R","T","M","M","?","R","E","R","B",null,"M","?","M","M","?","E","R","M","T","E","M","R","T","$","R","B",null,"M","M","$","M","?","R","M","R","T","?","E","M","M","?","R","B",null],"character_chosen":"THE_SILENT","items_purchased":["Membership Card","Dagger Spray","Paper Crane","Backstab","Deadly Poison","Sling","GhostInAJar","Whetstone","Setup+1","Dodge and Roll+1","Prayer Wheel","Mummified Hand","Well Laid Plans+1","Tactician+1"],"campfire_rested":2,"item_purchase_floors":[3,3,3,5,5,5,31,31,31,31,31,37,37,37],"current_hp_per_floor":[49,48,48,48,48,48,40,40,40,40,40,23,44,43,43,30,70,69,69,68,73,73,58,58,54,54,48,45,45,45,45,67,60,75,75,75,75,75,75,75,75,75,75,71,65,65,65,65,65,64],"gold":140,"neow_bonus":"TWO_FIFTY_GOLD","is_prod":false,"is_daily":false,"chose_seed":false,"campfire_upgraded":3,"win_rate":0,"timestamp":1549067048,"path_taken":["M","M","$","?","$","R","E","R","T","?","M","?","R","E","R","BOSS","M","?","M","M","?","E","R","M","T","E","M","R","?","$","R","BOSS","M","M","$","M","?","R","?","R","T","?","E","M","M","?","R","BOSS"],"build_version":"2019-01-23","purchased_purges":3,"victory":true,"max_hp_per_floor":[70,70,70,70,70,70,70,70,70,70,70,70,70,70,70,70,70,70,70,70,75,75,75,75,75,75,75,75,75,75,75,75,75,75,75,75,75,75,75,75,75,75,75,71,71,71,71,71,71,71],"card_choices":[{"not_picked":["Deadly Poison","Infinite Blades"],"picked":"Quick Slash","floor":1},{"not_picked":["Blade Dance","Leg Sweep"],"picked":"Noxious Fumes","floor":2},{"not_picked":["Deflect","Riddle With Holes"],"picked":"Well Laid Plans","floor":7},{"not_picked":["Underhanded Strike","Masterful Stab","Expertise+1"],"picked":"SKIP","floor":10},{"not_picked":["Quick Slash","Accuracy"],"picked":"PiercingWail+1","floor":11},{"not_picked":["Quick Slash","Slice"],"picked":"PiercingWail+1","floor":14},{"not_picked":["A Thousand Cuts","Corpse Explosion+1"],"picked":"After Image","floor":16},{"not_picked":["Outmaneuver+1","Flying Knee"],"picked":"Sucker Punch","floor":18},{"not_picked":["Flying Knee+1","Blur+1"],"picked":"Bouncing Flask+1","floor":20},{"not_picked":["Predator","Quick Slash"],"picked":"Prepared+1","floor":21},{"not_picked":["Underhanded Strike+1","Dagger Throw"],"picked":"Catalyst+1","floor":23},{"not_picked":["Bane+1","Poisoned Stab+1"],"picked":"Prepared+1","floor":25},{"not_picked":["Backstab","Riddle With Holes+1"],"picked":"Crippling Poison+1","floor":27},{"not_picked":["Die Die Die","Skewer"],"picked":"Outmaneuver+1","floor":28},{"not_picked":["Phantasmal Killer+1","Envenom+1","Glass Knife"],"picked":"Burst+1","floor":33},{"not_picked":["Sucker Punch+1","Deflect+1","Slice+1"],"picked":"Acrobatics+1","floor":35},{"not_picked":["Dagger Throw","Sucker Punch+1","Blade Dance+1"],"picked":"Cloak And Dagger+1","floor":35},{"not_picked":["Prepared+1","Accuracy+1","PiercingWail+1"],"picked":"Backflip+1","floor":36},{"not_picked":["Slice+1","Die Die Die","Quick Slash+1"],"picked":"Backflip+1","floor":36},{"not_picked":["Deflect+1","Acrobatics+1","Dash+1"],"picked":"Blur+1","floor":38},{"not_picked":["Poisoned Stab+1","Dagger Spray+1","Reflex+1","Distraction+1"],"picked":"SKIP","floor":38},{"not_picked":["Predator","Tactician+1","Deadly Poison+1","Deflect+1"],"picked":"SKIP","floor":41},{"not_picked":["Poisoned Stab+1","Deflect+1","Endless Agony","Slice"],"picked":"SKIP","floor":41},{"not_picked":["Eviscerate+1","Expertise+1","Dagger Spray","Dodge and Roll+1"],"picked":"SKIP","floor":45},{"not_picked":["Calculated Gamble+1","Slice+1","Tactician+1","Setup+1"],"picked":"SKIP","floor":46},{"not_picked":["Unload","Dodge and Roll+1","Flying Knee","Sucker Punch"],"picked":"SKIP","floor":46},{"not_picked":["Predator+1","Bane","Masterful Stab"],"picked":"Footwork+1","floor":47},{"not_picked":["Dodge and Roll+1","Flechettes","Predator","Bane"],"picked":"SKIP","floor":47}],"player_experience":212989,"relics_obtained":[{"floor":7,"key":"Anchor"},{"floor":9,"key":"Toxic Egg 2"},{"floor":14,"key":"Shovel"},{"floor":15,"key":"War Paint"},{"floor":23,"key":"Du-Vu Doll"},{"floor":24,"key":"MawBank"},{"floor":26,"key":"Frozen Egg 2"},{"floor":27,"key":"Orichalcum"},{"floor":29,"key":"Question Card"},{"floor":30,"key":"Centennial Puzzle"},{"floor":40,"key":"Bronze Scales"},{"floor":42,"key":"StoneCalendar"},{"floor":43,"key":"Pantograph"},{"floor":45,"key":"Bottled Flame"}],"event_choices":[{"damage_healed":0,"gold_gain":275,"player_choice":"Desecrate","damage_taken":0,"max_hp_gain":0,"max_hp_loss":0,"event_name":"Golden Shrine","floor":4,"gold_loss":0,"cards_obtained":["Regret"]},{"damage_healed":0,"gold_gain":0,"player_choice":"Take Damage","damage_taken":17,"relics_obtained":["Golden Idol"],"max_hp_gain":0,"max_hp_loss":0,"event_name":"Golden Idol","floor":12,"gold_loss":0},{"damage_healed":0,"gold_gain":0,"player_choice":"Simplicity","damage_taken":0,"max_hp_gain":0,"max_hp_loss":0,"event_name":"Back to Basics","floor":19,"gold_loss":0,"cards_upgraded":["Defend_G","Defend_G","Defend_G","Defend_G","Strike_G","Strike_G","Strike_G"]},{"damage_healed":0,"gold_gain":0,"player_choice":"Obtained Relic","damage_taken":0,"relics_obtained":["Boot"],"max_hp_gain":0,"max_hp_loss":0,"event_name":"Addict","floor":22,"gold_loss":85},{"damage_healed":0,"gold_gain":0,"player_choice":"Paid Gold","damage_taken":0,"relics_obtained":["Pen Nib"],"max_hp_gain":0,"max_hp_loss":0,"event_name":"WeMeetAgain","floor":39,"gold_loss":140},{"damage_healed":0,"gold_gain":0,"player_choice":"Max HP","damage_taken":0,"max_hp_gain":0,"max_hp_loss":4,"event_name":"Winding Halls","floor":44,"gold_loss":0},{"cards_removed":["Injury"],"damage_healed":0,"gold_gain":0,"player_choice":"Offered Curse","damage_taken":0,"relics_obtained":["Spirit Poop"],"max_hp_gain":0,"max_hp_loss":0,"event_name":"Bonfire Elementals","floor":48,"gold_loss":0}],"is_beta":false,"boss_relics":[{"not_picked":["Calling Bell","Ring of the Serpent"],"picked":"Empty Cage"},{"not_picked":["Tiny House","Runic Pyramid"],"picked":"Cursed Key"}],"items_purged_floors":[5,31,37],"is_endless":false,"potions_floor_spawned":[2,10,11,16,20,21,25,27,41,46,47],"ascension_level":1}