{"path_per_floor":["M","?","M","?","$","R","M","M","T","T","R","$","?","E","R"],"character_chosen":"THE_SILENT","items_purchased":["Riddle With Holes"],"gold_per_floor":[118,118,130,130,16,16,29,42,42,42,42,42,217,246,246,246],"floor_reached":16,"campfire_rested":1,"playtime":706,"current_hp_per_floor":[62,55,52,52,52,52,52,38,38,38,38,38,38,9,30,0],"items_purged":["Strike_G"],"gold":246,"score":127,"play_id":"29e2c9bd-3356-4c44-a2df-ccf7d61d4379","local_time":"20180518123057","is_prod":false,"is_daily":false,"chose_seed":false,"is_ascension_mode":true,"campfire_upgraded":2,"timestamp":1526639457,"campfire_choices":[{"data":"Riddle With Holes","floor":11,"key":"SMITH"},{"floor":15,"key":"REST"}],"path_taken":["M","?","M","?","$","R","M","?","T","?","R","$","?","E","R","BOSS"],"build_version":"2018-05-17","seed_source_timestamp":0,"purchased_purges":1,"victory":false,"master_deck":["Defend_G","Defend_G","Defend_G","Defend_G","Defend_G","Strike_G","Strike_G","Strike_G","Survivor","Neutralize","Night Terror+1","Deadly Poison+1","Underhanded Strike","Riddle With Holes+1","Escape Plan","Quick Slash","Doubt","Crippling Poison"],"max_hp_per_floor":[70,70,70,70,70,70,70,70,70,70,70,70,70,70,70,70],"relics":["Ring of the Snake","Centennial Puzzle","Happy Flower","Ice Cream"],"card_choices":[{"not_picked":["Predator","Prepared"],"picked":"Deadly Poison","floor":1.0},{"not_picked":["Accuracy","Calculated Gamble"],"picked":"Underhanded Strike","floor":3.0},{"not_picked":["Prepared","Heel Hook"],"picked":"Escape Plan","floor":7.0},{"not_picked":["Deflect","Skewer"],"picked":"Quick Slash","floor":8.0},{"not_picked":["Masterful Stab","Flying Knee"],"picked":"Crippling Poison","floor":14}],"player_experience":486443,"potions_floor_usage":[14],"damage_taken":[{"damage":1.0,"enemies":"2 Louse","floor":1.0,"turns":4.0},{"damage":3.0,"enemies":"Jaw Worm","floor":3.0,"turns":4.0},{"damage":0.0,"enemies":"Cultist","floor":7.0,"turns":3.0},{"damage":14.0,"enemies":"Lots of Slimes","floor":8.0,"turns":6.0},{"damage":29,"enemies":"3 Sentries","floor":14,"turns":9},{"damage":35,"enemies":"Slime Boss","floor":16,"turns":8}],"relics_obtained":[{"floor":9.0,"key":"Centennial Puzzle"},{"floor":10,"key":"Happy Flower"},{"floor":14,"key":"Ice Cream"}],"event_choices":[{"event_name":"Golden Wing","player_choice":"Card Removal","floor":2.0,"damage_taken":0.0},{"event_name":"Living Wall","player_choice":"Grow","floor":4.0,"damage_taken":0.0},{"event_name":"Liars Game","player_choice":"agreed","floor":13,"damage_taken":0}],"boss_relics":[],"potions_floor_spawned":[1,14],"seed_played":"-4848047552048544223","killed_by":"Slime Boss","ascension_level":6,"potions_obtained":[{"floor":14,"key":"AttackPotion"}],"is_trial":false}