{"gold_per_floor":[111,124,23,23,43,43,56,56,80,97,97,97,114,125,125,229,229,219,238,238,238,257,257,257],"floor_reached":24,"playtime":3860,"items_purged":["Strike_B"],"score":190,"play_id":"4b67f86f-2480-4d2c-b1f1-d083ad50ccc8","local_time":"20180714212756","is_ascension_mode":false,"campfire_choices":[{"data":"Zap","floor":6.0,"key":"SMITH"},{"data":"Dualcast","floor":8.0,"key":"SMITH"},{"data":"Capacitor","floor":11.0,"key":"SMITH"},{"data":"Coolheaded","floor":15.0,"key":"SMITH"},{"floor":23,"key":"REST"}],"neow_cost":"","seed_source_timestamp":0,"circlet_count":0,"master_deck":["Strike_B","Strike_B","Strike_B","Defend_B","Defend_B","Defend_B","Defend_B","Zap+1","Dualcast+1","Coolheaded","Go for the Eyes","Coolheaded+1","Melter","Capacitor+1","Steam","Gash","Creative AI","Hologram","Hologram+1","Dramatic Entrance"],"special_seed":0,"relics":["Cracked Core","Happy Flower","Strawberry","Sozu"],"potions_floor_usage":[],"damage_taken":[{"damage":0.0,"enemies":"Cultist","floor":1.0,"turns":4.0},{"damage":0.0,"enemies":"2 Louse","floor":2.0,"turns":2.0},{"damage":0.0,"enemies":"Small Slimes","floor":5.0,"turns":3.0},{"damage":0.0,"enemies":"Blue Slaver","floor":7.0,"turns":3.0},{"damage":0.0,"enemies":"Exordium Thugs","floor":10.0,"turns":5.0},{"damage":1.0,"enemies":"3 Louse","floor":13.0,"turns":3.0},{"damage":0.0,"enemies":"Looter","floor":14.0,"turns":3.0},{"damage":28.0,"enemies":"The Guardian","floor":16.0,"turns":11.0},{"damage":9.0,"enemies":"2 Thieves","floor":18.0,"turns":4.0},{"damage":0,"enemies":"Shell Parasite","floor":19,"turns":5},{"damage":49,"enemies":"Cultist and Chosen","floor":22,"turns":8},{"damage":33,"enemies":"Slavers","floor":24,"turns":3}],"seed_played":"3385585054569902249","potions_obtained":[{"floor":5.0,"key":"PowerPotion"},{"floor":13.0,"key":"EssenceOfSteel"},{"floor":14.0,"key":"Ancient Potion"}],"is_trial":false,"path_per_floor":["M","M","$","?","M","R","M","R","T","M","R","$","M","M","R","B",null,"M","M","?","?","M","R"],"character_chosen":"DEFECT","items_purchased":["Coolheaded"],"campfire_rested":1,"item_purchase_floors":[3],"current_hp_per_floor":[75,75,75,68,68,68,68,68,75,75,75,75,74,74,74,46,82,73,73,73,57,8,32,0],"gold":257,"neow_bonus":"","is_prod":false,"is_daily":false,"chose_seed":false,"campfire_upgraded":4,"win_rate":0.0,"timestamp":1531571276,"path_taken":["M","M","?","?","M","R","M","R","T","M","R","$","M","M","R","BOSS","M","M","?","?","M","R","E"],"build_version":"2018-07-12","purchased_purges":1,"victory":false,"max_hp_per_floor":[75,75,75,75,75,75,75,75,82,82,82,82,82,82,82,82,82,82,82,82,82,82,82,82],"card_choices":[{"not_picked":["Beam Cell","Consume"],"picked":"Coolheaded","floor":1.0},{"not_picked":["Darkness","Chaos"],"picked":"Go for the Eyes","floor":2.0},{"not_picked":["Barrage","Heatsinks","Sweeping Beam"],"picked":"SKIP","floor":5.0},{"not_picked":["Ball Lightning","BootSequence"],"picked":"Melter","floor":7.0},{"not_picked":["Beam Cell","Steam"],"picked":"Capacitor","floor":10.0},{"not_picked":["Sweeping Beam","Force Field"],"picked":"Steam","floor":13.0},{"not_picked":["Scrape","Compile Driver"],"picked":"Gash","floor":14.0},{"not_picked":["Biased Cognition","Multi-Cast"],"picked":"Creative AI","floor":16.0},{"not_picked":["Steam Power","Streamline"],"picked":"Hologram","floor":18},{"not_picked":["White Noise","Steam Power"],"picked":"Hologram+1","floor":19},{"not_picked":["Stack+1","Redo","Force Field+1"],"picked":"SKIP","floor":22}],"player_experience":82650,"relics_obtained":[{"floor":9.0,"key":"Strawberry"}],"event_choices":[{"event_name":"Scrap Ooze","player_choice":"success","floor":4.0,"damage_taken":7.0},{"event_name":"Ghosts","player_choice":"Ignored","floor":20,"damage_taken":0},{"event_name":"Knowing Skull","player_choice":"CARD ","floor":21,"damage_taken":0}],"boss_relics":[{"not_picked":["Tiny House","Snecko Eye"],"picked":"Sozu"}],"items_purged_floors":[3],"is_endless":false,"potions_floor_spawned":[5,13,14],"killed_by":"Slavers","ascension_level":0}