{"gold_per_floor":[109,120,120,174,349,349,378,378,378,378,398,398,84,113,113,113],"floor_reached":16,"playtime":5538,"items_purged":["Pain"],"score":197,"play_id":"dac9eb41-d3de-4af2-b16f-09f6d4514b04","local_time":"20181127130528","is_ascension_mode":true,"campfire_choices":[{"data":"Poisoned Stab","floor":6,"key":"SMITH"},{"data":"Bouncing Flask","floor":12,"key":"SMITH"},{"data":"Crippling Poison","floor":15,"key":"SMITH"}],"neow_cost":"NONE","seed_source_timestamp":828903821614969,"circlet_count":0,"master_deck":["AscendersBane","Defend_G","Defend_G","Defend_G","Defend_G","Defend_G","Strike_G","Strike_G","Strike_G+1","Strike_G+1","Strike_G","Survivor","Neutralize","Backstab","Poisoned Stab+1","Doubt","Crippling Poison+1","Bouncing Flask+1","Deadly Poison"],"relics":["Ring of the Snake","NeowsBlessing","Lantern","WingedGreaves","WarpedTongs","Kunai","Pear"],"potions_floor_usage":[14,16],"damage_taken":[{"damage":0,"enemies":"2 Louse","floor":1,"turns":1},{"damage":0,"enemies":"Small Slimes","floor":2,"turns":1},{"damage":0,"enemies":"Lagavulin","floor":7,"turns":1},{"damage":1,"enemies":"Cultist","floor":11,"turns":2},{"damage":5,"enemies":"3 Sentries","floor":14,"turns":6},{"damage":70,"enemies":"Slime Boss","floor":16,"turns":10}],"seed_played":"-6087654571633182283","potions_obtained":[{"floor":1,"key":"GamblersBrew"},{"floor":7,"key":"SteroidPotion"},{"floor":14,"key":"SpeedPotion"}],"is_trial":false,"path_per_floor":["M","M","?","?","?","R","E","?","T","?","M","R","$","E","R","B"],"character_chosen":"THE_SILENT","items_purchased":["Kunai"],"campfire_rested":0,"item_purchase_floors":[13],"current_hp_per_floor":[63,63,49,49,49,49,49,70,70,70,69,69,69,74,74,4],"gold":113,"neow_bonus":"THREE_ENEMY_KILL","is_prod":false,"is_daily":false,"chose_seed":false,"campfire_upgraded":3,"win_rate":0,"timestamp":1543320328,"path_taken":["M","M","?","?","?","R","E","?","T","?","?","R","$","E","R","BOSS"],"build_version":"2018-11-15","purchased_purges":1,"victory":false,"max_hp_per_floor":[70,70,70,70,70,70,70,70,70,70,70,70,70,80,80,80],"card_choices":[{"not_picked":["Heel Hook","Sucker Punch"],"picked":"Backstab","floor":1},{"not_picked":["Dagger Throw","Outmaneuver"],"picked":"Poisoned Stab","floor":2},{"not_picked":["Slice","Dash"],"picked":"Crippling Poison","floor":7},{"not_picked":["Quick Slash","Deflect"],"picked":"Bouncing Flask","floor":11},{"not_picked":["After Image","Calculated Gamble"],"picked":"Deadly Poison","floor":14}],"player_experience":1239522,"relics_obtained":[{"floor":7,"key":"Lantern"},{"floor":9,"key":"WingedGreaves"},{"floor":14,"key":"Pear"}],"event_choices":[{"damage_healed":0,"gold_gain":0,"player_choice":"Entered Light","damage_taken":14,"max_hp_gain":0,"max_hp_loss":0,"event_name":"Shining Light","floor":3,"gold_loss":0,"cards_upgraded":["Strike_G","Strike_G"]},{"damage_healed":0,"gold_gain":54,"player_choice":"Gained Gold","damage_taken":0,"max_hp_gain":0,"max_hp_loss":0,"event_name":"Golden Wing","floor":4,"gold_loss":0},{"damage_healed":0,"gold_gain":175,"player_choice":"AGREE","damage_taken":0,"max_hp_gain":0,"max_hp_loss":0,"event_name":"Liars Game","floor":5,"gold_loss":0,"cards_obtained":["Doubt"]},{"damage_healed":23,"gold_gain":0,"player_choice":"Banana","damage_taken":0,"max_hp_gain":0,"max_hp_loss":0,"event_name":"Big Fish","floor":8,"gold_loss":0},{"damage_healed":0,"gold_gain":0,"player_choice":"Rummage","damage_taken":0,"relics_obtained":["WarpedTongs"],"max_hp_gain":0,"max_hp_loss":0,"event_name":"Accursed Blacksmith","floor":10,"gold_loss":0,"cards_obtained":["Pain"]}],"is_beta":false,"boss_relics":[],"items_purged_floors":[13],"is_endless":false,"potions_floor_spawned":[1,7,14],"killed_by":"Slime Boss","ascension_level":10}