{"gold_per_floor":[118,118,118,136,136,167,179,179,204,232,14,41,41,53,53,152,152,172,84,99,374,386,418,108,108,108,108,138,138,138,156,156,251,251,271,285,285,56,70,70,99,99,126,137,85,85,102,120,120,120],"floor_reached":51,"playtime":4031,"items_purged":["Regret"],"score":1186,"play_id":"50713f3a-28c7-4929-8694-ded5d4b0ee23","local_time":"20190107083639","is_ascension_mode":true,"campfire_choices":[{"data":"Bane","floor":8.0,"key":"SMITH"},{"data":"Crippling Poison","floor":15.0,"key":"SMITH"},{"data":"Catalyst","floor":25.0,"key":"SMITH"},{"floor":30.0,"key":"REST"},{"floor":32.0,"key":"REST"},{"floor":40.0,"key":"REST"},{"floor":42.0,"key":"REST"},{"data":"Phantasmal Killer","floor":49,"key":"SMITH"}],"neow_cost":"NONE","seed_source_timestamp":0,"circlet_count":0,"master_deck":["AscendersBane","Defend_G","Defend_G","Defend_G","Defend_G","Defend_G","Strike_G+1","Strike_G","Strike_G","Strike_G","Survivor","Neutralize","Bouncing Flask+1","Sucker Punch+1","Bane+1","Sucker Punch","Adrenaline","Bane","Crippling Poison+1","PiercingWail","Phantasmal Killer+1","Dodge and Roll","Bane","Terror","Catalyst","Heel Hook","PiercingWail","Madness","Distraction+1","Catalyst+1","Footwork","Backstab+1","Dodge and Roll","Adrenaline","Backstab","Outmaneuver+1","PiercingWail","Parasite","Poisoned Stab+1","Concentrate","PiercingWail+1","Dodge and Roll"],"special_seed":0,"relics":["Ring of the Snake","NeowsBlessing","Strawberry","Bag of Marbles","Turnip","TwistedFunnel","Kunai","Orrery","Boot","Medical Kit","Bottled Flame","Ice Cream","Oddly Smooth Stone","Busted Crown","ClockworkSouvenir","Incense Burner","Potion Belt"],"potions_floor_usage":[50,50,50],"damage_taken":[{"damage":0.0,"enemies":"Small Slimes","floor":1.0,"turns":1.0},{"damage":0.0,"enemies":"Jaw Worm","floor":4.0,"turns":1.0},{"damage":0.0,"enemies":"3 Sentries","floor":6.0,"turns":1.0},{"damage":0.0,"enemies":"Cultist","floor":7.0,"turns":2.0},{"damage":12.0,"enemies":"Lagavulin","floor":10.0,"turns":6.0},{"damage":4.0,"enemies":"Gremlin Nob","floor":12.0,"turns":3.0},{"damage":0.0,"enemies":"2 Fungi Beasts","floor":14.0,"turns":2.0},{"damage":6.0,"enemies":"Hexaghost","floor":16.0,"turns":7.0},{"damage":5.0,"enemies":"3 Byrds","floor":18.0,"turns":4.0},{"damage":8.0,"enemies":"Shell Parasite","floor":20.0,"turns":3.0},{"damage":0.0,"enemies":"Snake Plant","floor":22.0,"turns":3.0},{"damage":24.0,"enemies":"Gremlin Leader","floor":23.0,"turns":5.0},{"damage":32.0,"enemies":"Book of Stabbing","floor":28.0,"turns":4.0},{"damage":13.0,"enemies":"Cultist and Chosen","floor":31.0,"turns":5.0},{"damage":20.0,"enemies":"Champ","floor":33.0,"turns":9.0},{"damage":0.0,"enemies":"Orb Walker","floor":35.0,"turns":2.0},{"damage":2.0,"enemies":"3 Darklings","floor":36.0,"turns":3.0},{"damage":38.0,"enemies":"Writhing Mass","floor":39.0,"turns":4.0},{"damage":12.0,"enemies":"Nemesis","floor":41.0,"turns":5.0},{"damage":9.0,"enemies":"Sphere and 2 Shapes","floor":44.0,"turns":6.0},{"damage":6,"enemies":"Spire Growth","floor":47,"turns":4},{"damage":0,"enemies":"Jaw Worm Horde","floor":48,"turns":3},{"damage":65,"enemies":"Donu and Deca","floor":50,"turns":10}],"seed_played":"-1360728231324067581","potions_obtained":[{"floor":1.0,"key":"Poison Potion"},{"floor":6.0,"key":"Poison Potion"},{"floor":10.0,"key":"Regen Potion"},{"floor":16.0,"key":"EssenceOfSteel"},{"floor":20.0,"key":"Regen Potion"},{"floor":28.0,"key":"Dexterity Potion"},{"floor":33.0,"key":"Dexterity Potion"},{"floor":35.0,"key":"PowerPotion"},{"floor":44.0,"key":"Explosive Potion"}],"is_trial":false,"path_per_floor":["M","?","?","M","?","E","M","R","T","E","$","E","?","M","R","B",null,"M","$","M","?","M","E","$","R","T","?","E","?","R","M","R","B",null,"M","M","?","$","M","R","E","R","T","M","$","?","M","M","R","B",null],"character_chosen":"THE_SILENT","items_purchased":["TwistedFunnel","Bane","Madness","Footwork","Medical Kit","ClockworkSouvenir","PiercingWail","Block Potion"],"campfire_rested":4,"item_purchase_floors":[11,11,19,24,24,38,38,45],"current_hp_per_floor":[63,49,49,49,49,56,56,56,56,44,44,49,49,49,49,43,69,64,64,56,56,56,47,47,47,47,47,15,15,38,25,48,28,65,65,63,63,63,25,48,36,59,59,50,50,77,71,71,71,6],"gold":120,"neow_bonus":"THREE_ENEMY_KILL","is_prod":false,"is_daily":false,"chose_seed":false,"campfire_upgraded":4,"win_rate":0,"timestamp":1546846599,"path_taken":["M","?","?","M","?","E","?","R","T","E","$","E","?","M","R","BOSS","M","?","M","?","?","E","$","R","T","?","E","?","R","M","R","BOSS","M","M","?","$","M","R","E","R","T","M","?","?","?","M","R","BOSS"],"build_version":"2019-01-03v4","purchased_purges":1,"victory":true,"max_hp_per_floor":[70,70,70,70,70,77,77,77,77,77,77,77,77,77,77,77,77,77,77,77,77,77,77,77,77,77,77,77,77,77,77,77,77,77,77,77,77,77,77,77,77,77,77,77,77,77,77,77,77,77],"card_choices":[{"not_picked":["Setup","Terror"],"picked":"Bouncing Flask","floor":1.0},{"not_picked":["Underhanded Strike","Dagger Throw"],"picked":"Sucker Punch","floor":4.0},{"not_picked":["Deflect","Flechettes"],"picked":"Bane","floor":6.0},{"not_picked":["Acrobatics","Blade Dance"],"picked":"Sucker Punch","floor":7.0},{"not_picked":["Caltrops","Acrobatics"],"picked":"Adrenaline","floor":10.0},{"not_picked":["Dagger Throw","Underhanded Strike"],"picked":"Crippling Poison","floor":12.0},{"not_picked":["Flying Knee","Bane"],"picked":"PiercingWail","floor":14.0},{"not_picked":["Night Terror","Tools of the Trade"],"picked":"Phantasmal Killer","floor":16.0},{"not_picked":["Backflip","Endless Agony"],"picked":"Dodge and Roll","floor":17.0},{"not_picked":["Underhanded Strike","Dagger Throw"],"picked":"Bane","floor":17.0},{"not_picked":["Predator","Dodge and Roll"],"picked":"Terror","floor":17.0},{"not_picked":["Setup","Sucker Punch"],"picked":"Catalyst","floor":17.0},{"not_picked":["PiercingWail","Setup"],"picked":"Heel Hook","floor":17.0},{"not_picked":["All Out Attack+1","Outmaneuver"],"picked":"PiercingWail","floor":18.0},{"not_picked":["Flechettes","Slice"],"picked":"Distraction+1","floor":20.0},{"not_picked":["Flying Knee+1","Sucker Punch"],"picked":"Catalyst","floor":22.0},{"not_picked":["Finisher","Cloak And Dagger","Acrobatics"],"picked":"SKIP","floor":23.0},{"not_picked":["Tools of the Trade","Underhanded Strike"],"picked":"Backstab+1","floor":28.0},{"not_picked":["Quick Slash","Acrobatics"],"picked":"Dodge and Roll","floor":31.0},{"not_picked":["Storm of Steel","Bullet Time"],"picked":"Adrenaline","floor":33.0},{"not_picked":[],"picked":"Backstab","floor":35.0},{"not_picked":[],"picked":"Outmaneuver+1","floor":36.0},{"not_picked":[],"picked":"Poisoned Stab+1","floor":39.0},{"not_picked":[],"picked":"Concentrate","floor":41.0},{"not_picked":[],"picked":"Endless Agony","floor":44.0},{"not_picked":[],"picked":"PiercingWail+1","floor":47},{"not_picked":[],"picked":"Dodge and Roll","floor":48}],"player_experience":1912283,"relics_obtained":[{"floor":6.0,"key":"Strawberry"},{"floor":9.0,"key":"Bag of Marbles"},{"floor":10.0,"key":"Turnip"},{"floor":12.0,"key":"Kunai"},{"floor":23.0,"key":"Boot"},{"floor":26.0,"key":"Bottled Flame"},{"floor":28.0,"key":"Oddly Smooth Stone"},{"floor":41.0,"key":"Incense Burner"},{"floor":43.0,"key":"Potion Belt"}],"event_choices":[{"damage_healed":0.0,"max_hp_gain":0.0,"max_hp_loss":0.0,"gold_gain":0.0,"event_name":"Shining Light","player_choice":"Entered Light","floor":2.0,"gold_loss":0.0,"damage_taken":14.0,"cards_upgraded":["Strike_G","Bouncing Flask"]},{"damage_healed":0.0,"max_hp_gain":0.0,"max_hp_loss":0.0,"gold_gain":0.0,"event_name":"Golden Wing","player_choice":"Ignored","floor":3.0,"gold_loss":0.0,"damage_taken":0.0},{"damage_healed":0.0,"max_hp_gain":0.0,"max_hp_loss":0.0,"gold_gain":0.0,"event_name":"Upgrade Shrine","player_choice":"Upgraded","floor":5.0,"gold_loss":0.0,"damage_taken":0.0,"cards_upgraded":["Sucker Punch"]},{"cards_removed":["Strike_G"],"damage_healed":0.0,"max_hp_gain":0.0,"max_hp_loss":0.0,"gold_gain":0.0,"event_name":"Purifier","player_choice":"Purged","floor":13.0,"gold_loss":0.0,"damage_taken":0.0},{"damage_healed":0.0,"max_hp_gain":0.0,"max_hp_loss":0.0,"gold_gain":275.0,"event_name":"Golden Shrine","player_choice":"Desecrate","floor":21.0,"gold_loss":0.0,"damage_taken":0.0,"cards_obtained":["Regret"]},{"damage_healed":0.0,"max_hp_gain":0.0,"max_hp_loss":0.0,"gold_gain":0.0,"event_name":"The Mausoleum","player_choice":"Opened","floor":27.0,"gold_loss":0.0,"damage_taken":0.0,"relics_obtained":["Ice Cream"],"cards_obtained":["Writhe"]},{"cards_removed":["Writhe"],"damage_healed":0.0,"max_hp_gain":0.0,"max_hp_loss":0.0,"gold_gain":0.0,"event_name":"Purifier","player_choice":"Purged","floor":29.0,"gold_loss":0.0,"damage_taken":0.0},{"damage_healed":0.0,"max_hp_gain":0.0,"max_hp_loss":0.0,"gold_gain":0.0,"event_name":"SecretPortal","player_choice":"Ignored","floor":37.0,"gold_loss":0.0,"damage_taken":0.0},{"cards_removed":["Endless Agony"],"damage_healed":27,"gold_gain":0,"player_choice":"Offered Uncommon","damage_taken":0,"max_hp_gain":0,"max_hp_loss":0,"event_name":"Bonfire Elementals","floor":46,"gold_loss":0}],"is_beta":false,"boss_relics":[{"not_picked":["Snecko Eye","Astrolabe"],"picked":"Orrery"},{"not_picked":["Eternal Feather","Velvet Choker"],"picked":"Busted Crown"}],"items_purged_floors":[24],"is_endless":false,"potions_floor_spawned":[1,6,10,16,20,22,28,33,35,36,44],"ascension_level":11}