{"gold_per_floor":[116,133,133,98,98,127,127,127,127,127,158,178,178,190,190,291,291,264,363,110,125,40,40,40,40,91,106,106,138,155,166,166,262,262,275,375,375,124,138,138,163,163,188,40,66,66,82,0,0,0],"floor_reached":51,"playtime":2238,"items_purged":[],"score":1181,"play_id":"c7e473c3-47e9-4475-9cb0-16de34727dd2","local_time":"20181122095123","is_ascension_mode":true,"campfire_choices":[{"data":"Fusion","floor":7,"key":"SMITH"},{"data":"Loop","floor":13,"key":"SMITH"},{"floor":15,"key":"REST"},{"floor":23,"key":"REST"},{"data":"Creative AI","floor":28,"key":"SMITH"},{"floor":32,"key":"REST"},{"data":"Defragment","floor":40,"key":"SMITH"},{"data":"Dualcast","floor":42,"key":"SMITH"},{"data":"Go for the Eyes","floor":49,"key":"SMITH"}],"neow_cost":"NONE","seed_source_timestamp":388584920272969,"circlet_count":0,"master_deck":["AscendersBane","Zap+1","Dualcast+1","Chaos+1","Capacitor+1","Fusion+1","Loop+1","Coolheaded+1","Chill+1","Creative AI+1","Lockon","Lockon","Stack+1","Beam Cell","Go for the Eyes+1","Stack+1","Undo+1","Gash","Go for the Eyes+1","Coolheaded+1","Zap+1","Defragment+1","Coolheaded+1","Seek+1","Redo+1","Conserve Battery+1","Madness+1","Madness+1","Steam+1","Stack+1"],"relics":["Cracked Core","NeowsBlessing","FossilizedHelix","Toxic Egg 2","Ancient Tea Set","Pandora\u0027s Box","Matryoshka","Strawberry","Orichalcum","Boot","Oddly Smooth Stone","Eternal Feather","Ice Cream","Gremlin Horn","Bottled Lightning","War Paint","Dream Catcher","Vajra","Bottled Flame","Red Mask"],"potions_floor_usage":[29,29,31,50],"damage_taken":[{"damage":0,"enemies":"Jaw Worm","floor":1,"turns":1},{"damage":0,"enemies":"2 Louse","floor":2,"turns":1},{"damage":0,"enemies":"3 Sentries","floor":6,"turns":1},{"damage":18,"enemies":"Lagavulin","floor":11,"turns":6},{"damage":0,"enemies":"Small Slimes","floor":12,"turns":3},{"damage":11,"enemies":"3 Louse","floor":14,"turns":3},{"damage":7,"enemies":"Slime Boss","floor":16,"turns":8},{"damage":21,"enemies":"2 Thieves","floor":18,"turns":5},{"damage":22,"enemies":"3 Byrds","floor":21,"turns":7},{"damage":12,"enemies":"Shelled Parasite and Fungi","floor":27,"turns":5},{"damage":45,"enemies":"Gremlin Leader","floor":29,"turns":9},{"damage":3,"enemies":"Snake Plant","floor":30,"turns":4},{"damage":2,"enemies":"Snecko","floor":31,"turns":5},{"damage":4,"enemies":"Champ","floor":33,"turns":12},{"damage":0,"enemies":"3 Darklings","floor":35,"turns":10},{"damage":0,"enemies":"Mind Bloom Boss Battle","floor":36,"turns":6},{"damage":7,"enemies":"Orb Walker","floor":39,"turns":5},{"damage":0,"enemies":"Giant Head","floor":41,"turns":9},{"damage":0,"enemies":"Nemesis","floor":45,"turns":7},{"damage":0,"enemies":"Maw","floor":47,"turns":9},{"damage":7,"enemies":"Time Eater","floor":50,"turns":13}],"seed_played":"349268280873615082","potions_obtained":[{"floor":2,"key":"SteroidPotion"},{"floor":6,"key":"Swift Potion"},{"floor":11,"key":"SpeedPotion"},{"floor":29,"key":"PowerPotion"},{"floor":30,"key":"SteroidPotion"},{"floor":31,"key":"SpeedPotion"}],"is_trial":false,"path_per_floor":["M","M","?","$","?","E","R","?","T","?","E","M","R","M","R","B",null,"M","?","$","M","?","R","?","?","T","M","R","E","M","M","R","B",null,"M","?","?","$","M","R","E","R","T","$","E","?","M","?","R","B",null],"character_chosen":"DEFECT","items_purchased":["Capacitor","Matryoshka","Gremlin Horn","Vajra"],"campfire_rested":3,"item_purchase_floors":[4,20,38,44],"current_hp_per_floor":[68,68,53,53,53,53,53,53,53,53,35,35,35,24,46,39,66,45,45,45,23,30,54,81,81,81,69,69,24,21,19,43,39,71,71,71,61,61,54,72,72,82,82,82,82,82,82,82,82,75],"gold":0,"neow_bonus":"THREE_ENEMY_KILL","is_prod":false,"is_daily":false,"chose_seed":false,"campfire_upgraded":6,"win_rate":0,"timestamp":1542876683,"path_taken":["M","M","?","$","?","E","R","?","T","?","E","M","R","M","R","BOSS","M","?","$","M","?","R","?","?","T","M","R","E","?","M","R","BOSS","M","?","?","?","M","R","E","R","T","$","E","?","M","?","R","BOSS"],"build_version":"2018-11-15","purchased_purges":0,"victory":true,"max_hp_per_floor":[75,75,75,75,75,75,75,75,75,75,75,75,75,75,75,75,75,75,75,75,75,82,82,82,82,82,82,82,82,82,82,82,82,82,82,82,82,82,82,82,82,82,82,82,82,82,82,82,82,82],"card_choices":[{"not_picked":["Sweeping Beam","Turbo"],"picked":"Rip and Tear","floor":1},{"not_picked":["Scrape","Lockon"],"picked":"Chaos","floor":2},{"not_picked":["Aggregate","Recycle"],"picked":"Fusion","floor":6},{"not_picked":["Turbo+1","Sunder"],"picked":"Loop","floor":11},{"not_picked":["Barrage","BootSequence+1"],"picked":"Coolheaded+1","floor":12},{"not_picked":["Sunder","Beam Cell"],"picked":"Chill+1","floor":14},{"not_picked":["Core Surge","All For One"],"picked":"Creative AI","floor":16},{"not_picked":["Stack+1","Aggregate+1"],"picked":"Go for the Eyes+1","floor":18},{"not_picked":["Gash","Steam+1"],"picked":"Coolheaded+1","floor":21},{"not_picked":["Tempest+1","Fusion+1"],"picked":"Defragment","floor":27},{"not_picked":["Recycle+1","Turbo+1","Reprogram+1"],"picked":"SKIP","floor":29},{"not_picked":["Meteor Strike","Self Repair","Rebound"],"picked":"SKIP","floor":30},{"not_picked":["Turbo+1","Streamline"],"picked":"Coolheaded+1","floor":31},{"not_picked":["Core Surge","Multi-Cast+1"],"picked":"Seek+1","floor":33},{"not_picked":["Recycle+1","Compile Driver+1"],"picked":"Redo+1","floor":35},{"not_picked":["Stack+1","Rebound+1"],"picked":"Conserve Battery+1","floor":36},{"not_picked":["Seek+1","Undo+1"],"picked":"Steam+1","floor":39},{"not_picked":["Rebound","Beam Cell"],"picked":"Stack+1","floor":41},{"not_picked":["Turbo+1","Darkness+1","Gash+1"],"picked":"SKIP","floor":45},{"not_picked":["Steam Power+1","Streamline+1","Stack+1"],"picked":"SKIP","floor":47}],"player_experience":1212321,"relics_obtained":[{"floor":6,"key":"FossilizedHelix"},{"floor":9,"key":"Toxic Egg 2"},{"floor":11,"key":"Ancient Tea Set"},{"floor":26,"key":"Orichalcum"},{"floor":26,"key":"Boot"},{"floor":29,"key":"Oddly Smooth Stone"},{"floor":36,"key":"Ice Cream"},{"floor":41,"key":"Bottled Lightning"},{"floor":43,"key":"War Paint"},{"floor":43,"key":"Dream Catcher"},{"floor":45,"key":"Bottled Flame"}],"event_choices":[{"damage_healed":0,"gold_gain":0,"player_choice":"Entered Light","damage_taken":15,"max_hp_gain":0,"max_hp_loss":0,"event_name":"Shining Light","floor":3,"gold_loss":0,"cards_upgraded":["Strike_B","Chaos"]},{"damage_healed":0,"gold_gain":0,"player_choice":"Grow","damage_taken":0,"max_hp_gain":0,"max_hp_loss":0,"event_name":"Living Wall","floor":5,"gold_loss":0,"cards_upgraded":["Zap"]},{"damage_healed":0,"gold_gain":0,"player_choice":"Ignored","damage_taken":0,"max_hp_gain":0,"max_hp_loss":0,"event_name":"Golden Wing","floor":8,"gold_loss":0},{"damage_healed":0,"gold_gain":0,"player_choice":"Upgraded","damage_taken":0,"max_hp_gain":0,"max_hp_loss":0,"event_name":"Upgrade Shrine","floor":10,"gold_loss":0,"cards_upgraded":["Capacitor"]},{"damage_healed":0,"gold_gain":99,"player_choice":"Stole From Cult","damage_taken":0,"max_hp_gain":0,"max_hp_loss":0,"event_name":"Nest","floor":19,"gold_loss":0},{"damage_healed":0,"gold_gain":0,"player_choice":"Obtained Relic","damage_taken":0,"relics_obtained":["Strawberry"],"max_hp_gain":0,"max_hp_loss":0,"event_name":"Addict","floor":22,"gold_loss":85},{"damage_healed":27,"gold_gain":0,"player_choice":"Heal","damage_taken":0,"max_hp_gain":0,"max_hp_loss":0,"event_name":"The Library","floor":24,"gold_loss":0},{"damage_healed":0,"gold_gain":0,"player_choice":"1 cards matched","damage_taken":0,"max_hp_gain":0,"max_hp_loss":0,"event_name":"Match and Keep!","floor":25,"gold_loss":0,"cards_obtained":["Zap"]},{"damage_healed":0,"gold_gain":0,"player_choice":"Fight","damage_taken":0,"max_hp_gain":0,"max_hp_loss":0,"event_name":"MindBloom","floor":36,"gold_loss":0},{"damage_healed":0,"gold_gain":0,"player_choice":"Embrace Madness","damage_taken":10,"max_hp_gain":0,"max_hp_loss":0,"event_name":"Winding Halls","floor":37,"gold_loss":0,"cards_obtained":["Madness","Madness"]},{"cards_removed":["Rip and Tear"],"damage_healed":0,"gold_gain":0,"player_choice":"Removed Attack","damage_taken":0,"max_hp_gain":0,"max_hp_loss":0,"event_name":"Falling","floor":46,"gold_loss":0},{"damage_healed":0,"gold_gain":0,"player_choice":"Paid","damage_taken":0,"relics_obtained":["Red Mask"],"max_hp_gain":0,"max_hp_loss":0,"event_name":"Tomb of Lord Red Mask","floor":48,"gold_loss":82}],"is_beta":false,"boss_relics":[{"not_picked":["Ectoplasm","Nuclear Battery"],"picked":"Pandora\u0027s Box"},{"not_picked":["Velvet Choker","Snecko Eye"],"picked":"Eternal Feather"}],"items_purged_floors":[],"is_endless":false,"potions_floor_spawned":[2,6,11,12,27,29,30,31,36,41,45],"ascension_level":10}