{"gold_per_floor":[117,132,132,132,149,149,184,194,247,55,68,38,38,55,55,159,159,171,189,217,237,321,321,340,340,340,356,51,85,98,116,116,212,212,223,98,117,131,141,141,160,160,160,160,172,183,199,199,199,199],"floor_reached":51,"playtime":6805,"items_purged":["Strike_G","Strike_G","Strike_G"],"score":677,"play_id":"abccfc91-3282-4e6f-a00b-2e617d26ad84","local_time":"20190212030953","is_ascension_mode":false,"campfire_choices":[{"data":"Noxious Fumes","floor":6,"key":"SMITH"},{"floor":13,"key":"REST"},{"floor":15,"key":"REST"},{"floor":23,"key":"REST"},{"floor":25,"key":"REST"},{"data":"Footwork","floor":32,"key":"SMITH"},{"data":"Prepared","floor":40,"key":"SMITH"},{"floor":42,"key":"REST"},{"data":"Acrobatics","floor":44,"key":"SMITH"},{"floor":49,"key":"REST"}],"neow_cost":"NONE","seed_source_timestamp":39293511588600,"circlet_count":0,"master_deck":["Defend_G","Defend_G","Defend_G","Defend_G","Defend_G","Survivor","Neutralize+1","Noxious Fumes+1","Deflect","Deadly Poison","Catalyst","Dagger Throw","Acrobatics","Deadly Poison","Footwork+1","Deflect","Deadly Poison","Venomology","Wraith Form v2","Acrobatics+1","Footwork","Blur+1","Bouncing Flask","Backflip+1","Malaise","Prepared+1","Venomology","Flying Knee+1","Prepared+1","Outmaneuver","Parasite","Deadly Poison+1"],"relics":["Ring of the Snake","Dodecahedron","Centennial Puzzle","Runic Pyramid","Red Mask","Tiny Chest","Bottled Flame","Toy Ornithopter","Boot","Sozu","Happy Flower"],"potions_floor_usage":[16,18,20,24,24,29,29,29,30,30,30,31],"damage_taken":[{"damage":1,"enemies":"Jaw Worm","floor":1,"turns":6},{"damage":0,"enemies":"Small Slimes","floor":2,"turns":3},{"damage":0,"enemies":"Cultist","floor":5,"turns":4},{"damage":30,"enemies":"Gremlin Nob","floor":7,"turns":5},{"damage":15,"enemies":"3 Louse","floor":8,"turns":3},{"damage":2,"enemies":"2 Fungi Beasts","floor":11,"turns":4},{"damage":0,"enemies":"Looter","floor":12,"turns":4},{"damage":0,"enemies":"Exordium Wildlife","floor":14,"turns":4},{"damage":31,"enemies":"Hexaghost","floor":16,"turns":8},{"damage":0,"enemies":"Chosen","floor":18,"turns":5},{"damage":0,"enemies":"Spheric Guardian","floor":19,"turns":4},{"damage":47,"enemies":"Masked Bandits","floor":20,"turns":6},{"damage":11,"enemies":"Snake Plant","floor":21,"turns":5},{"damage":0,"enemies":"Shelled Parasite and Fungi","floor":24,"turns":6},{"damage":0,"enemies":"Snecko","floor":27,"turns":5},{"damage":30,"enemies":"Gremlin Leader","floor":29,"turns":8},{"damage":12,"enemies":"3 Cultists","floor":30,"turns":7},{"damage":5,"enemies":"Sentry and Sphere","floor":31,"turns":7},{"damage":16,"enemies":"Automaton","floor":33,"turns":10},{"damage":32,"enemies":"3 Shapes","floor":35,"turns":5},{"damage":2,"enemies":"3 Darklings","floor":37,"turns":7},{"damage":5,"enemies":"4 Shapes","floor":38,"turns":6},{"damage":0,"enemies":"Sphere and 2 Shapes","floor":39,"turns":6},{"damage":6,"enemies":"Maw","floor":41,"turns":7},{"damage":5,"enemies":"3 Darklings","floor":45,"turns":6},{"damage":0,"enemies":"Writhing Mass","floor":46,"turns":6},{"damage":0,"enemies":"Sphere and 2 Shapes","floor":47,"turns":7},{"damage":12,"enemies":"Time Eater","floor":50,"turns":14}],"seed_played":"-2751066303232970804","potions_obtained":[{"floor":8,"key":"SteroidPotion"},{"floor":11,"key":"PowerPotion"},{"floor":16,"key":"EssenceOfSteel"},{"floor":19,"key":"Explosive Potion"},{"floor":29,"key":"Energy Potion"},{"floor":30,"key":"SteroidPotion"}],"is_trial":false,"path_per_floor":["M","M","?","?","M","R","E","M","T","$","M","M","R","M","R","B",null,"M","M","?","M","T","R","M","R","T","M","$","E","M","M","R","B",null,"M","$","M","M","M","R","M","R","T","R","M","M","M","?","R","B",null],"character_chosen":"THE_SILENT","items_purchased":["Deadly Poison","Footwork","Toy Ornithopter"],"campfire_rested":6,"item_purchase_floors":[10,10,28],"current_hp_per_floor":[69,69,62,62,62,62,32,17,17,17,15,15,36,36,57,26,70,70,70,23,12,12,33,33,54,54,54,54,39,42,42,42,26,70,38,38,36,31,31,31,25,46,46,46,41,41,41,41,60,48],"gold":199,"neow_bonus":"TRANSFORM_CARD","is_prod":false,"is_daily":false,"chose_seed":false,"campfire_upgraded":4,"win_rate":0,"timestamp":1549958993,"path_taken":["M","M","?","?","M","R","E","M","T","$","M","M","R","M","R","BOSS","M","M","?","M","?","R","M","R","T","M","$","E","?","M","R","BOSS","M","$","M","M","M","R","M","R","T","R","M","M","M","?","R","BOSS"],"build_version":"2019-01-23","purchased_purges":3,"victory":true,"max_hp_per_floor":[70,70,70,70,70,70,70,70,70,70,70,70,70,70,70,70,70,70,70,70,70,70,70,70,70,70,70,70,70,70,70,70,70,70,70,70,70,70,70,70,70,70,70,70,70,70,70,66,66,66],"card_choices":[{"not_picked":["Sucker Punch","Finisher"],"picked":"Deflect","floor":1},{"not_picked":["Reflex","Dodge and Roll"],"picked":"Deadly Poison","floor":2},{"not_picked":["Outmaneuver","Choke"],"picked":"Catalyst","floor":5},{"not_picked":["Expertise","Tactician"],"picked":"Dagger Throw","floor":7},{"not_picked":["Bane","PiercingWail"],"picked":"Acrobatics","floor":8},{"not_picked":["Dagger Throw","Blade Dance"],"picked":"Deflect","floor":11},{"not_picked":["Tactician","Skewer"],"picked":"Deadly Poison","floor":12},{"not_picked":["Slice","Dagger Throw"],"picked":"Venomology","floor":14},{"not_picked":["Phantasmal Killer","Die Die Die"],"picked":"Wraith Form v2","floor":16},{"not_picked":["Escape Plan","Sucker Punch"],"picked":"Acrobatics","floor":18},{"not_picked":["Dodge and Roll+1","Dagger Throw+1"],"picked":"Footwork","floor":19},{"not_picked":["Masterful Stab","Sucker Punch+1"],"picked":"Blur+1","floor":20},{"not_picked":["Footwork","Bane","Cloak And Dagger"],"picked":"SKIP","floor":21},{"not_picked":["Tactician+1","Blade Dance"],"picked":"Bouncing Flask","floor":24},{"not_picked":["Bullet Time","Slice"],"picked":"Backflip+1","floor":27},{"not_picked":["Masterful Stab","Infinite Blades"],"picked":"Malaise","floor":29},{"not_picked":["Infinite Blades","Dodge and Roll"],"picked":"Prepared+1","floor":30},{"not_picked":["Skewer","Bane+1","Infinite Blades"],"picked":"SKIP","floor":31},{"not_picked":["Corpse Explosion","Storm of Steel"],"picked":"Venomology","floor":33},{"not_picked":["Underhanded Strike+1","Blade Dance","Quick Slash+1"],"picked":"SKIP","floor":35},{"not_picked":["Poisoned Stab","Unload"],"picked":"Flying Knee+1","floor":37},{"not_picked":["PiercingWail","Sucker Punch+1","Deadly Poison"],"picked":"SKIP","floor":38},{"not_picked":["Dodge and Roll","Cloak And Dagger"],"picked":"Prepared","floor":39},{"not_picked":["Blade Dance","Slice"],"picked":"Outmaneuver","floor":41},{"not_picked":["Acrobatics","Dodge and Roll+1","Distraction+1"],"picked":"SKIP","floor":45},{"not_picked":["Blade Dance+1","Underhanded Strike","Dagger Throw"],"picked":"SKIP","floor":46},{"not_picked":["Choke+1","Venomology"],"picked":"Deadly Poison+1","floor":47}],"player_experience":45410,"relics_obtained":[{"floor":7,"key":"Dodecahedron"},{"floor":9,"key":"Centennial Puzzle"},{"floor":20,"key":"Red Mask"},{"floor":22,"key":"Tiny Chest"},{"floor":26,"key":"Bottled Flame"},{"floor":29,"key":"Boot"},{"floor":43,"key":"Happy Flower"}],"event_choices":[{"cards_removed":["Strike_G"],"damage_healed":0,"gold_gain":0,"player_choice":"Card Removal","damage_taken":7,"max_hp_gain":0,"max_hp_loss":0,"event_name":"Golden Wing","floor":3,"gold_loss":0},{"damage_healed":0,"gold_gain":0,"player_choice":"Grow","damage_taken":0,"max_hp_gain":0,"max_hp_loss":0,"event_name":"Living Wall","floor":4,"gold_loss":0,"cards_upgraded":["Neutralize"]},{"damage_healed":0,"gold_gain":0,"player_choice":"Fought Bandits","damage_taken":0,"max_hp_gain":0,"max_hp_loss":0,"event_name":"Masked Bandits","floor":20,"gold_loss":0},{"damage_healed":0,"gold_gain":0,"player_choice":"Max HP","damage_taken":0,"max_hp_gain":0,"max_hp_loss":4,"event_name":"Winding Halls","floor":48,"gold_loss":0}],"is_beta":false,"boss_relics":[{"not_picked":["Philosopher\u0027s Stone","Lizard Tail"],"picked":"Runic Pyramid"},{"not_picked":["Tiny House","HoveringKite"],"picked":"Sozu"}],"items_purged_floors":[10,28,36],"is_endless":false,"potions_floor_spawned":[8,11,16,19,27,29,30,37,41,45,46,47],"ascension_level":0}