{"gold_per_floor":[116,135,135,135,36,65,65,93,393,393,406,433,433,452,452,526,526,526,526,526,90,90,90,90,90,90,90,90,90,90,90,90,90,90,90,90,90,6,6,6,6,6,6,6,6,6,6,6,6,6,6,6,6,6,6,6],"floor_reached":57,"playtime":2760,"items_purged":["Writhe"],"score":2772,"play_id":"8546d919-4233-4ba5-91fd-eab62e9b97d8","local_time":"20181204223914","is_ascension_mode":true,"campfire_choices":[{"data":"Bash","floor":7.0,"key":"SMITH"},{"data":"Inflame","floor":10.0,"key":"SMITH"},{"data":"Inflame","floor":13.0,"key":"SMITH"},{"floor":15.0,"key":"REST"},{"data":"Havoc","floor":23.0,"key":"SMITH"},{"floor":25.0,"key":"REST"},{"data":"Shockwave","floor":28.0,"key":"SMITH"},{"data":"Pommel Strike","floor":30.0,"key":"SMITH"},{"floor":32.0,"key":"REST"},{"data":"Corruption","floor":40.0,"key":"SMITH"},{"floor":49.0,"key":"RECALL"},{"data":"Battle Trance","floor":53,"key":"SMITH"}],"neow_cost":"NONE","seed_source_timestamp":166207592744441,"circlet_count":0,"master_deck":["AscendersBane","Strike_R+1","Strike_R","Strike_R","Strike_R+1","Strike_R","Defend_R","Defend_R","Defend_R","Defend_R","Bash+1","Perfected Strike","Shockwave+1","Inflame+1","Pommel Strike+1","Inflame+1","Feed","Ghostly Armor","Impervious","Havoc+1","Battle Trance+1","Pummel+1","Pommel Strike+1","Feel No Pain","Sword Boomerang+1","Juggernaut","Body Slam+1","Bandage Up","Corruption+1","Shrug It Off+1","Seeing Red+1"],"special_seed":0,"relics":["Burning Blood","NeowsBlessing","Mercury Hourglass","Pantograph","Letter Opener","Old Coin","Dead Branch","Ectoplasm","Bag of Preparation","Molten Egg 2","Tiny Chest","Incense Burner","Darkstone Periapt","Red Skull","Red Mask","Runic Cube","Paper Frog","MawBank","Orichalcum"],"potions_floor_usage":[50,56],"damage_taken":[{"damage":0.0,"enemies":"Cultist","floor":1.0,"turns":1.0},{"damage":0.0,"enemies":"2 Louse","floor":2.0,"turns":1.0},{"damage":0.0,"enemies":"Gremlin Nob","floor":6.0,"turns":1.0},{"damage":20.0,"enemies":"3 Sentries","floor":8.0,"turns":6.0},{"damage":9.0,"enemies":"Jaw Worm","floor":11.0,"turns":2.0},{"damage":6.0,"enemies":"Gremlin Nob","floor":12.0,"turns":3.0},{"damage":6.0,"enemies":"3 Louse","floor":14.0,"turns":3.0},{"damage":46.0,"enemies":"The Guardian","floor":16.0,"turns":11.0},{"damage":11.0,"enemies":"Shell Parasite","floor":18.0,"turns":5.0},{"damage":7.0,"enemies":"Spheric Guardian","floor":22.0,"turns":3.0},{"damage":28.0,"enemies":"Book of Stabbing","floor":24.0,"turns":5.0},{"damage":28.0,"enemies":"Slavers","floor":27.0,"turns":6.0},{"damage":8.0,"enemies":"Gremlin Leader","floor":29.0,"turns":6.0},{"damage":6.0,"enemies":"Masked Bandits","floor":31.0,"turns":3.0},{"damage":9.0,"enemies":"Champ","floor":33.0,"turns":8.0},{"damage":10.0,"enemies":"3 Shapes","floor":35.0,"turns":4.0},{"damage":13.0,"enemies":"3 Darklings","floor":36.0,"turns":4.0},{"damage":12.0,"enemies":"Spire Growth","floor":41.0,"turns":2.0},{"damage":30.0,"enemies":"Reptomancer","floor":42.0,"turns":7.0},{"damage":2.0,"enemies":"4 Shapes","floor":45.0,"turns":3.0},{"damage":12.0,"enemies":"Maw","floor":46.0,"turns":7.0},{"damage":0.0,"enemies":"Sphere and 2 Shapes","floor":47.0,"turns":3.0},{"damage":0.0,"enemies":"Jaw Worm Horde","floor":48.0,"turns":2.0},{"damage":86,"enemies":"Awakened One","floor":50,"turns":12},{"damage":30,"enemies":"Time Eater","floor":51,"turns":5},{"damage":16,"enemies":"Shield and Spear","floor":55,"turns":3},{"damage":64,"enemies":"The Heart","floor":56,"turns":8}],"seed_played":"6724392025882455200","potions_obtained":[{"floor":6.0,"key":"SpeedPotion"},{"floor":11.0,"key":"Energy Potion"},{"floor":14.0,"key":"Ancient Potion"},{"floor":18.0,"key":"Weak Potion"},{"floor":24.0,"key":"Dexterity Potion"}],"is_trial":false,"path_per_floor":["M","M","T","?","$","E","R","E","T","R","M","E","R","M","R","B",null,"M","?","?","$","M","R","E","R","T","E","R","E","R","?","R","B",null,"M","M","?","$","T","R","M","E","T","?","M","M","M","M","R","B","B",null,"R","$","E","B",null],"character_chosen":"IRONCLAD","items_purchased":["Inflame","Explosive Potion","Molten Egg 2","Pummel+1","Corruption"],"campfire_rested":3,"item_purchase_floors":[5,5,21,21,38],"current_hp_per_floor":[74,75,75,52,52,58,58,44,44,44,41,41,41,44,67,41,71,66,66,66,66,65,65,43,67,67,48,48,46,46,46,71,81,83,85,78,68,68,68,68,69,53,53,53,64,66,82,88,88,23,28,81,81,81,75,45],"gold":6,"neow_bonus":"THREE_ENEMY_KILL","is_prod":false,"is_daily":false,"chose_seed":false,"campfire_upgraded":8,"win_rate":0,"timestamp":1543981154,"path_taken":["M","M","?","?","$","E","R","E","T","R","M","E","R","M","R","BOSS","M","?","?","$","M","R","E","R","T","E","R","E","R","?","R","BOSS","M","M","?","$","?","R","?","E","T","?","M","M","?","M","R","BOSS","BOSS","R","$","E","BOSS"],"build_version":"2018-12-4","purchased_purges":1,"victory":true,"max_hp_per_floor":[75,75,75,75,75,75,75,75,75,75,75,75,75,78,78,81,81,81,81,81,81,81,81,81,81,81,84,84,84,84,84,84,84,84,90,90,90,90,90,90,93,93,93,93,96,96,96,96,96,99,99,99,99,99,99,99],"card_choices":[{"not_picked":["Flex","Blood for Blood"],"picked":"Perfected Strike","floor":1.0},{"not_picked":["Sword Boomerang","Second Wind"],"picked":"Shockwave","floor":2.0},{"not_picked":["Entrench","Cleave"],"picked":"Pommel Strike","floor":6.0},{"not_picked":["Warcry","Evolve","Dark Embrace"],"picked":"SKIP","floor":8.0},{"not_picked":["Havoc","Shrug It Off"],"picked":"Inflame","floor":11.0},{"not_picked":["Intimidate","Impervious"],"picked":"Feed","floor":12.0},{"not_picked":["Sever Soul","Cleave"],"picked":"Ghostly Armor","floor":14.0},{"not_picked":["Bludgeon","Barricade"],"picked":"Impervious","floor":16.0},{"not_picked":["Shockwave","Clash+1"],"picked":"Havoc","floor":18.0},{"not_picked":["Rupture","Sword Boomerang+1"],"picked":"Pommel Strike+1","floor":22.0},{"not_picked":["Evolve","Shrug It Off"],"picked":"Feel No Pain","floor":24.0},{"not_picked":["Perfected Strike+1","Heavy Blade+1"],"picked":"Sword Boomerang+1","floor":27.0},{"not_picked":["Armaments","Anger+1","Rupture"],"picked":"SKIP","floor":29.0},{"not_picked":["Barricade","Berserk"],"picked":"Juggernaut","floor":33.0},{"not_picked":["Havoc","Dual Wield"],"picked":"Body Slam+1","floor":35.0},{"not_picked":["Headbutt+1","Cleave+1","Perfected Strike+1"],"picked":"SKIP","floor":36.0},{"not_picked":["HandOfGreed+1","Purity"],"picked":"Bandage Up","floor":37.0},{"not_picked":["Sword Boomerang+1","Cleave+1","Rampage+1"],"picked":"SKIP","floor":41.0},{"not_picked":["Thunderclap+1","Second Wind","Clothesline+1"],"picked":"SKIP","floor":42.0},{"not_picked":["Sever Soul+1","Wild Strike+1","Anger+1"],"picked":"SKIP","floor":45.0},{"not_picked":["Shockwave+1","Pommel Strike+1","Body Slam+1"],"picked":"SKIP","floor":46.0},{"not_picked":["Havoc","Power Through"],"picked":"Shrug It Off+1","floor":47.0},{"not_picked":["Headbutt+1","Clothesline+1","Armaments"],"picked":"SKIP","floor":48.0},{"not_picked":["Immolate+1","Metallicize"],"picked":"Seeing Red+1","floor":55}],"player_experience":1167464,"relics_obtained":[{"floor":3.0,"key":"Mercury Hourglass"},{"floor":6.0,"key":"Pantograph"},{"floor":8.0,"key":"Letter Opener"},{"floor":9.0,"key":"Old Coin"},{"floor":12.0,"key":"Dead Branch"},{"floor":24.0,"key":"Tiny Chest"},{"floor":26.0,"key":"Incense Burner"},{"floor":27.0,"key":"Darkstone Periapt"},{"floor":29.0,"key":"Red Skull"},{"floor":31.0,"key":"Red Mask"},{"floor":42.0,"key":"Paper Frog"},{"floor":43.0,"key":"MawBank"},{"floor":55,"key":"Orichalcum"}],"event_choices":[{"damage_healed":0.0,"max_hp_gain":0.0,"max_hp_loss":0.0,"gold_gain":0.0,"event_name":"Shining Light","player_choice":"Entered Light","floor":4.0,"gold_loss":0.0,"damage_taken":23.0,"cards_upgraded":["Strike_R","Strike_R"]},{"damage_healed":0.0,"max_hp_gain":0.0,"max_hp_loss":0.0,"gold_gain":0.0,"event_name":"The Library","player_choice":"Read","floor":19.0,"gold_loss":0.0,"damage_taken":0.0,"cards_obtained":["Battle Trance"]},{"damage_healed":0.0,"max_hp_gain":0.0,"max_hp_loss":0.0,"gold_gain":0.0,"event_name":"The Mausoleum","player_choice":"Opened","floor":20.0,"gold_loss":0.0,"damage_taken":0.0,"relics_obtained":["Bag of Preparation"],"cards_obtained":["Writhe"]},{"damage_healed":0.0,"max_hp_gain":0.0,"max_hp_loss":0.0,"gold_gain":0.0,"event_name":"Masked Bandits","player_choice":"Fought Bandits","floor":31.0,"gold_loss":0.0,"damage_taken":0.0},{"damage_healed":0.0,"max_hp_gain":0.0,"max_hp_loss":0.0,"gold_gain":0.0,"event_name":"SensoryStone","player_choice":"Memory 3","floor":37.0,"gold_loss":0.0,"damage_taken":10.0},{"damage_healed":0.0,"max_hp_gain":0.0,"max_hp_loss":0.0,"gold_gain":0.0,"event_name":"SecretPortal","player_choice":"Ignored","floor":44.0,"gold_loss":0.0,"damage_taken":0.0}],"is_beta":true,"boss_relics":[{"not_picked":["Black Star","Cursed Key"],"picked":"Ectoplasm"},{"not_picked":["White Beast Statue","Runic Pyramid"],"picked":"Runic Cube"}],"items_purged_floors":[21],"is_endless":false,"potions_floor_spawned":[6,11,14,18,24,29,33,36],"ascension_level":20}