{"gold_per_floor":[213,223,0,17,17,17,44,56,113,125,166,193,224,248,260,372,384,406,437,461,486,498,510,551,573,585,597,626,656,132,132,132,132],"floor_reached":33,"playtime":2536,"items_purged":["Strike_R","Strike_R"],"score":450,"play_id":"2d785129-43b3-4bb6-9944-c87b63355be2","local_time":"20190205231214","is_ascension_mode":true,"campfire_choices":[{"data":"Whirlwind","floor":6.0,"key":"SMITH"},{"data":"Bash","floor":8.0,"key":"SMITH"},{"floor":10.0,"key":"REST"},{"data":"Spot Weakness","floor":15,"key":"SMITH"},{"data":"Armaments","floor":23,"key":"SMITH"},{"data":"Shrug It Off","floor":27,"key":"SMITH"},{"data":"Flame Barrier","floor":32,"key":"SMITH"}],"neow_cost":"NONE","seed_source_timestamp":1972295154248264,"circlet_count":0,"master_deck":["AscendersBane","Strike_R","Strike_R+1","Strike_R+1","Defend_R","Defend_R","Defend_R","Defend_R","Bash+1","Sword Boomerang","Whirlwind+1","Feel No Pain","Immolate","Spot Weakness+1","Demon Form","Warcry+1","Armaments+1","Swift Strike","Shrug It Off+1","Flame Barrier+1"],"special_seed":0,"relics":["Burning Blood","Blood Vial","MawBank","Orichalcum","Lantern","Coffee Dripper","Whetstone","Gambling Chip","Singing Bowl","Bag of Preparation","CultistMask"],"potions_floor_usage":[13,14,19,21,29,33,33],"damage_taken":[{"damage":3.0,"enemies":"2 Louse","floor":1.0,"turns":4.0},{"damage":6.0,"enemies":"Cultist","floor":2.0,"turns":4.0},{"damage":14.0,"enemies":"Jaw Worm","floor":4.0,"turns":4.0},{"damage":35.0,"enemies":"3 Sentries","floor":7.0,"turns":5.0},{"damage":20.0,"enemies":"Gremlin Nob","floor":11.0,"turns":4.0},{"damage":8,"enemies":"Red Slaver","floor":12,"turns":3},{"damage":0,"enemies":"3 Louse","floor":13,"turns":1},{"damage":0,"enemies":"Gremlin Gang","floor":14,"turns":2},{"damage":44,"enemies":"Hexaghost","floor":16,"turns":6},{"damage":10,"enemies":"3 Byrds","floor":18,"turns":3},{"damage":16,"enemies":"Spheric Guardian","floor":19,"turns":4},{"damage":20,"enemies":"Shelled Parasite and Fungi","floor":20,"turns":3},{"damage":22,"enemies":"Snake Plant","floor":21,"turns":4},{"damage":34,"enemies":"Book of Stabbing","floor":24,"turns":4},{"damage":6,"enemies":"Chosen and Byrds","floor":25,"turns":3},{"damage":8,"enemies":"Centurion and Healer","floor":28,"turns":3},{"damage":18,"enemies":"Snake Plant","floor":29,"turns":3},{"damage":35,"enemies":"Collector","floor":33,"turns":5}],"seed_played":"690902836840808304","potions_obtained":[{"floor":4.0,"key":"Fruit Juice"},{"floor":12,"key":"SpeedPotion"},{"floor":13,"key":"SteroidPotion"},{"floor":16,"key":"Ancient Potion"},{"floor":25,"key":"Poison Potion"},{"floor":28,"key":"SteroidPotion"},{"floor":29,"key":"Regen Potion"}],"is_trial":false,"path_per_floor":["M","M","$","M","?","R","E","R","T","R","E","M","M","M","R","B",null,"M","M","M","M","?","R","E","M","T","R","M","M","$","?","R","B"],"character_chosen":"IRONCLAD","items_purchased":["Blood Vial","Flame Barrier","Singing Bowl","Bag of Preparation"],"campfire_rested":1,"item_purchase_floors":[3,30,30,30],"current_hp_per_floor":[75,75,75,69,74,74,47,47,47,72,60,60,73,81,81,45,79,77,69,57,43,43,43,17,19,19,19,19,9,9,9,9,0],"gold":132,"neow_bonus":"HUNDRED_GOLD","is_prod":false,"is_daily":false,"chose_seed":false,"campfire_upgraded":6,"win_rate":0,"timestamp":1549375934,"path_taken":["M","M","$","M","?","R","E","R","T","R","E","M","M","M","R","BOSS","M","M","M","M","?","R","E","?","T","R","M","M","$","?","R","BOSS"],"build_version":"2019-01-23","purchased_purges":2,"victory":false,"max_hp_per_floor":[80,80,80,80,85,85,85,85,85,85,85,85,90,90,90,90,90,90,90,90,90,90,90,90,90,90,90,90,90,90,90,90,90],"card_choices":[{"not_picked":["Clash","Havoc"],"picked":"Sword Boomerang","floor":1.0},{"not_picked":["Sword Boomerang","Clash"],"picked":"Whirlwind","floor":2.0},{"not_picked":["Pommel Strike","Heavy Blade","Havoc"],"picked":"SKIP","floor":4.0},{"not_picked":["Body Slam","Iron Wave"],"picked":"Feel No Pain","floor":7.0},{"not_picked":["Sentinel","Iron Wave"],"picked":"Immolate","floor":11.0},{"not_picked":["Searing Blow","Blood for Blood","Intimidate"],"picked":"SKIP","floor":12},{"not_picked":["Rupture","Power Through"],"picked":"Spot Weakness","floor":13},{"not_picked":["Iron Wave","Body Slam","Twin Strike"],"picked":"SKIP","floor":14},{"not_picked":["Immolate","Barricade"],"picked":"Demon Form","floor":16},{"not_picked":["Pummel","Flex"],"picked":"Warcry+1","floor":18},{"not_picked":["Thunderclap","Clash","Body Slam+1"],"picked":"SKIP","floor":19},{"not_picked":["Warcry","Clash"],"picked":"Armaments","floor":20},{"not_picked":["Twin Strike","Inflame","Pommel Strike"],"picked":"SKIP","floor":21},{"not_picked":["Pommel Strike","Entrench+1"],"picked":"Shrug It Off","floor":24},{"not_picked":["Sword Boomerang+1","Burning Pact","Hemokinesis"],"picked":"SKIP","floor":25},{"not_picked":["Pommel Strike","Bloodletting","Infernal Blade"],"picked":"SKIP","floor":28},{"not_picked":["Twin Strike","Heavy Blade","Perfected Strike+1"],"picked":"SKIP","floor":29}],"player_experience":520157,"relics_obtained":[{"floor":7.0,"key":"MawBank"},{"floor":9.0,"key":"Orichalcum"},{"floor":11.0,"key":"Lantern"},{"floor":24,"key":"Whetstone"},{"floor":26,"key":"Gambling Chip"}],"event_choices":[{"damage_healed":0.0,"max_hp_gain":5.0,"max_hp_loss":0.0,"gold_gain":0.0,"event_name":"Big Fish","player_choice":"Donut","floor":5.0,"gold_loss":0.0,"damage_taken":0.0},{"damage_healed":0,"gold_gain":0,"player_choice":"1 cards matched","damage_taken":0,"max_hp_gain":0,"max_hp_loss":0,"event_name":"Match and Keep!","floor":22,"gold_loss":0,"cards_obtained":["Swift Strike"]},{"damage_healed":0,"gold_gain":0,"player_choice":"Trade","damage_taken":0,"relics_obtained":["CultistMask"],"max_hp_gain":0,"max_hp_loss":0,"event_name":"FaceTrader","floor":31,"gold_loss":0}],"is_beta":false,"boss_relics":[{"not_picked":["Orrery","Lizard Tail"],"picked":"Coffee Dripper"}],"items_purged_floors":[3,30],"is_endless":false,"potions_floor_spawned":[4,12,13,16,18,25,28,29],"killed_by":"Collector","ascension_level":12}