{"gold_per_floor":[119,139,139,214,214,214,233,130,212,240,259,285,301,317,317,396,396,411,422,6,16,34,34,47,97,171,171],"floor_reached":27,"playtime":936,"items_purged":[],"score":454,"play_id":"5a9b5da0-4994-457b-b159-3ef1a5ca9ad1","local_time":"20181103131924","is_ascension_mode":true,"campfire_choices":[{"data":"Bash","floor":6.0,"key":"SMITH"},{"data":"Inflame","floor":15.0,"key":"SMITH"},{"data":"Corruption","floor":23.0,"key":"SMITH"}],"neow_cost":"NONE","seed_source_timestamp":151754234945791,"circlet_count":0,"master_deck":["AscendersBane","Strike_R","Strike_R","Strike_R","Strike_R","Strike_R","Defend_R","Defend_R","Defend_R","Defend_R","Bash+1","Shrug It Off","Corruption+1","Wild Strike","Inflame+1","Anger","Body Slam","Spot Weakness","Reaper","Armaments","Anger","Limit Break","Uppercut","Flame Barrier","Pommel Strike","True Grit","Iron Wave+1","Pummel+1"],"special_seed":0,"relics":["Burning Blood","Pen Nib","Darkstone Periapt","Pear","Ginger","Orichalcum","Sozu","Charon\u0027s Ashes","Meat on the Bone"],"potions_floor_usage":[],"damage_taken":[{"damage":7.0,"enemies":"Jaw Worm","floor":1.0,"turns":3.0},{"damage":3.0,"enemies":"2 Louse","floor":2.0,"turns":3.0},{"damage":6.0,"enemies":"Cultist","floor":7.0,"turns":3.0},{"damage":6.0,"enemies":"Gremlin Nob","floor":10.0,"turns":3.0},{"damage":17.0,"enemies":"3 Louse","floor":11.0,"turns":4.0},{"damage":29.0,"enemies":"Lagavulin","floor":12.0,"turns":6.0},{"damage":6.0,"enemies":"2 Fungi Beasts","floor":13.0,"turns":3.0},{"damage":0.0,"enemies":"Blue Slaver","floor":14.0,"turns":4.0},{"damage":38.0,"enemies":"Hexaghost","floor":16.0,"turns":8.0},{"damage":26.0,"enemies":"3 Byrds","floor":18.0,"turns":5.0},{"damage":31.0,"enemies":"2 Thieves","floor":19.0,"turns":4.0},{"damage":10.0,"enemies":"Snecko","floor":21.0,"turns":4.0},{"damage":23.0,"enemies":"Chosen and Byrds","floor":22.0,"turns":6.0},{"damage":21.0,"enemies":"Centurion and Healer","floor":24.0,"turns":5.0},{"damage":53,"enemies":"Gremlin Leader","floor":27,"turns":4}],"seed_played":"-5562196867732076006","potions_obtained":[{"floor":1.0,"key":"SneckoOil"},{"floor":10.0,"key":"FearPotion"},{"floor":12.0,"key":"Poison Potion"},{"floor":16.0,"key":"PowerPotion"}],"is_trial":false,"path_per_floor":["M","M","?","?","T","R","M","$","T","E","M","E","M","M","R","B",null,"M","M","$","M","M","R","M","?","T","E"],"character_chosen":"IRONCLAD","items_purchased":["Inflame","Anger","Charon\u0027s Ashes","Pommel Strike","True Grit"],"campfire_rested":0,"item_purchase_floors":[8,8,20,20,20],"current_hp_per_floor":[67,70,70,59,59,59,59,59,69,69,58,35,35,41,41,20,69,55,40,40,57,44,44,49,49,49,0],"gold":171,"neow_bonus":"RANDOM_COMMON_RELIC","is_prod":false,"is_daily":false,"chose_seed":false,"campfire_upgraded":3,"win_rate":0,"timestamp":1541265564,"path_taken":["M","M","?","?","?","R","M","$","T","E","M","E","?","M","R","BOSS","M","M","$","?","M","R","M","?","T","E"],"build_version":"2018-11-02","purchased_purges":0,"victory":false,"max_hp_per_floor":[75,75,75,75,75,75,75,75,85,85,85,85,85,85,85,85,85,85,85,85,85,85,85,85,85,85,85],"card_choices":[{"not_picked":["Rupture","Dual Wield"],"picked":"Shrug It Off","floor":1.0},{"not_picked":["Perfected Strike","Thunderclap"],"picked":"Corruption","floor":2.0},{"not_picked":["Havoc","Clash"],"picked":"Wild Strike","floor":7.0},{"not_picked":["Bloodletting","True Grit"],"picked":"Body Slam","floor":10.0},{"not_picked":["Carnage","Clothesline"],"picked":"Spot Weakness","floor":11.0},{"not_picked":["Sever Soul","Flame Barrier"],"picked":"Reaper","floor":12.0},{"not_picked":["Rampage","Burning Pact"],"picked":"Armaments","floor":13.0},{"not_picked":["Body Slam","Warcry"],"picked":"Anger","floor":14.0},{"not_picked":["Feed","Dark Embrace"],"picked":"Limit Break","floor":16.0},{"not_picked":["Flex","Rupture"],"picked":"Uppercut","floor":18.0},{"not_picked":["Pummel","Entrench"],"picked":"Flame Barrier","floor":19.0},{"not_picked":["Clothesline","Seeing Red"],"picked":"Iron Wave+1","floor":21.0},{"not_picked":["Wild Strike","Perfected Strike","Sever Soul"],"picked":"SKIP","floor":22.0},{"not_picked":["Clash+1","Wild Strike"],"picked":"Pummel+1","floor":24.0}],"player_experience":1140979,"relics_obtained":[{"floor":5.0,"key":"Darkstone Periapt"},{"floor":9.0,"key":"Pear"},{"floor":10.0,"key":"Ginger"},{"floor":12.0,"key":"Orichalcum"},{"floor":26.0,"key":"Meat on the Bone"}],"event_choices":[{"damage_healed":0.0,"max_hp_gain":0.0,"max_hp_loss":0.0,"gold_gain":0.0,"event_name":"Golden Wing","player_choice":"Ignored","floor":3.0,"gold_loss":0.0,"damage_taken":0.0},{"damage_healed":0.0,"max_hp_gain":0.0,"max_hp_loss":0.0,"gold_gain":75.0,"event_name":"World of Goop","player_choice":"Gather Gold","floor":4.0,"gold_loss":0.0,"damage_taken":11.0},{"damage_healed":0.0,"max_hp_gain":0.0,"max_hp_loss":0.0,"gold_gain":50.0,"event_name":"Nest","player_choice":"Stole From Cult","floor":25.0,"gold_loss":0.0,"damage_taken":0.0}],"is_beta":true,"boss_relics":[{"not_picked":["Coffee Dripper","Pandora\u0027s Box"],"picked":"Sozu"}],"items_purged_floors":[],"is_endless":false,"potions_floor_spawned":[1,10,12,16,21,22],"killed_by":"Gremlin Leader","ascension_level":20}