{"gold_per_floor":[113,124,104,118,132,132,189,208,208,208,208,208,219,107,107,107],"floor_reached":16,"playtime":395,"items_purged":[],"score":156,"play_id":"40f07ce0-a79f-41fa-bb0a-0e590af2b0dc","local_time":"20190216114516","is_ascension_mode":true,"campfire_choices":[{"floor":6.0,"key":"DIG"},{"floor":10.0,"key":"DIG"},{"floor":12,"key":"DIG"},{"floor":15,"key":"DIG"}],"neow_cost":"CURSE","seed_source_timestamp":730169388892888,"circlet_count":0,"master_deck":["AscendersBane","Strike_R","Strike_R","Strike_R","Strike_R","Strike_R","Defend_R","Defend_R","Defend_R","Defend_R","Bash","Normality","Whirlwind","Uppercut","True Grit","Pommel Strike","Shockwave","Dark Shackles","Bludgeon","Pommel Strike","Carnage","Sword Boomerang","Bandage Up"],"special_seed":0,"relics":["Burning Blood","Shovel","Juzu Bracelet","Pen Nib","Kunai","Oddly Smooth Stone","Strawberry"],"potions_floor_usage":[16],"damage_taken":[{"damage":9.0,"enemies":"Jaw Worm","floor":1.0,"turns":4.0},{"damage":6.0,"enemies":"Cultist","floor":2.0,"turns":4.0},{"damage":1.0,"enemies":"2 Louse","floor":4.0,"turns":2.0},{"damage":37.0,"enemies":"Exordium Thugs","floor":5.0,"turns":4.0},{"damage":8.0,"enemies":"Gremlin Gang","floor":8.0,"turns":2.0},{"damage":7,"enemies":"Looter","floor":13,"turns":4},{"damage":36,"enemies":"Hexaghost","floor":16,"turns":9}],"seed_played":"-1467252866234220773","potions_obtained":[{"floor":2.0,"key":"Explosive Potion"},{"floor":3.0,"key":"LiquidBronze"},{"floor":5.0,"key":"Strength Potion"}],"is_trial":false,"path_per_floor":["M","M","?","M","M","R","?","M","T","R","?","R","M","$","R","B"],"character_chosen":"IRONCLAD","items_purchased":["Sword Boomerang","Bandage Up"],"campfire_rested":0,"item_purchase_floors":[14,14],"current_hp_per_floor":[65,65,65,70,39,39,39,37,37,37,37,37,36,36,43,11],"gold":107,"neow_bonus":"ONE_RARE_RELIC","is_prod":false,"is_daily":false,"chose_seed":false,"campfire_upgraded":0,"win_rate":0,"timestamp":1550313916,"path_taken":["M","M","?","M","M","R","?","M","T","R","?","R","M","?","R","BOSS"],"build_version":"2019-01-23","purchased_purges":0,"victory":false,"max_hp_per_floor":[75,75,75,75,75,75,75,75,75,75,75,75,75,75,82,82],"card_choices":[{"not_picked":["Havoc","Sentinel"],"picked":"Whirlwind","floor":1.0},{"not_picked":["Body Slam","Combust"],"picked":"Uppercut","floor":2.0},{"not_picked":["Iron Wave","Combust"],"picked":"True Grit","floor":4.0},{"not_picked":["Fire Breathing","Body Slam"],"picked":"Pommel Strike","floor":5.0},{"not_picked":["Clothesline","Body Slam"],"picked":"Shockwave","floor":8.0},{"not_picked":["Armaments","Exhume"],"picked":"Carnage","floor":13}],"player_experience":2285810,"relics_obtained":[{"floor":6.0,"key":"Juzu Bracelet"},{"floor":9.0,"key":"Pen Nib"},{"floor":10.0,"key":"Kunai"},{"floor":12,"key":"Oddly Smooth Stone"},{"floor":15,"key":"Strawberry"}],"event_choices":[{"damage_healed":0.0,"max_hp_gain":0.0,"max_hp_loss":0.0,"gold_gain":0.0,"event_name":"The Woman in Blue","player_choice":"Bought 1 Potion","floor":3.0,"gold_loss":0.0,"damage_taken":0.0},{"damage_healed":0.0,"max_hp_gain":0.0,"max_hp_loss":0.0,"gold_gain":57.0,"event_name":"Golden Wing","player_choice":"Gained Gold","floor":7.0,"gold_loss":0.0,"damage_taken":0.0},{"damage_healed":0,"gold_gain":0,"player_choice":"3 cards matched","damage_taken":0,"max_hp_gain":0,"max_hp_loss":0,"event_name":"Match and Keep!","floor":11,"gold_loss":0,"cards_obtained":["Dark Shackles","Bludgeon","Pommel Strike"]}],"is_beta":false,"boss_relics":[],"items_purged_floors":[],"is_endless":false,"potions_floor_spawned":[2,4,5],"killed_by":"Hexaghost","ascension_level":14}