{"path_per_floor":["M","?","M","$","M","E","M","E","T","R","E","M","E","T","R","B",null,"M","?","M","?","$","R","E","M","T","E","M","T","E","M","R"],"character_chosen":"IRONCLAD","items_purchased":["Anchor","Block Potion","Trip","Molten Egg 2"],"gold_per_floor":[118,368,382,0,10,45,56,84,84,84,115,131,161,238,238,334,334,350,350,366,281,27,27,61,76,157,188,198,198,231,247,247,247],"floor_reached":33,"campfire_rested":1,"playtime":7868,"current_hp_per_floor":[80,80,80,80,80,61,65,63,73,73,65,71,77,77,77,57,90,90,72,77,77,77,77,55,47,47,45,40,40,28,32,60,0],"items_purged":["Regret"],"gold":247,"score":421,"play_id":"cf148597-bc89-4f6b-8e71-7ba6eaebe686","local_time":"20180508172737","is_prod":false,"is_daily":false,"chose_seed":false,"is_ascension_mode":true,"campfire_upgraded":3,"timestamp":1525793257,"path_taken":["M","?","M","$","?","E","M","E","T","R","E","M","E","?","R","BOSS","M","?","M","?","$","R","E","M","T","E","?","?","E","M","R","BOSS"],"build_version":"2018-05-03","seed_source_timestamp":397123843820089,"purchased_purges":1,"victory":false,"master_deck":["Strike_R","Strike_R","Strike_R","Strike_R","Strike_R","Defend_R","Defend_R","Defend_R","Defend_R","Bash+1","Clothesline+1","Clash","Trip","Exhume","Rampage+1","Rampage","Fire Breathing","Flame Barrier+1","Havoc","Carnage","Clothesline+1","Seeing Red","Double Tap","Cleave+1","Flex","True Grit+1"],"max_hp_per_floor":[80,80,80,80,80,80,80,80,90,90,90,90,90,90,90,90,90,90,95,95,95,95,95,95,95,95,95,95,95,95,95,95,95],"relics":["Black Blood","Anchor","Darkstone Periapt","Paper Frog","Pear","Meat on the Bone","Mercury Hourglass","Gremlin Horn","Question Card","Molten Egg 2","Vajra","Tiny Chest","Unceasing Top","Smiling Mask","Pen Nib"],"card_choices":[{"not_picked":["Thunderclap","Twin Strike"],"picked":"Clothesline","floor":1.0},{"not_picked":["Wild Strike","Dual Wield"],"picked":"Clash","floor":3.0},{"not_picked":["Sword Boomerang","Blood for Blood"],"picked":"Exhume","floor":5.0},{"not_picked":["Intimidate","Burning Pact"],"picked":"Rampage","floor":6.0},{"not_picked":["Sword Boomerang","Anger"],"picked":"Rampage","floor":7},{"not_picked":["Evolve","Sword Boomerang"],"picked":"Fire Breathing","floor":8},{"not_picked":["Power Through","Pummel"],"picked":"Flame Barrier","floor":11},{"not_picked":["Heavy Blade","Anger"],"picked":"Havoc","floor":12},{"not_picked":["Limit Break","Heavy Blade"],"picked":"Carnage","floor":13},{"not_picked":["Blood for Blood","Anger"],"picked":"Clothesline","floor":18},{"not_picked":["Power Through","Shrug It Off","Clash"],"picked":"Seeing Red","floor":25},{"not_picked":["Whirlwind","Armaments","Body Slam"],"picked":"Double Tap","floor":27},{"not_picked":["Twin Strike","Clash","Second Wind"],"picked":"Cleave","floor":28},{"not_picked":["Clash","Iron Wave","Dark Embrace"],"picked":"Flex","floor":30},{"not_picked":["Anger","Clash","Havoc"],"picked":"True Grit","floor":31}],"player_experience":413830,"potions_floor_usage":[11,13,13,16,20,24,27,33,33,33],"damage_taken":[{"damage":0.0,"enemies":"2 Louse","floor":1.0,"turns":3.0},{"damage":2.0,"enemies":"Cultist","floor":3.0,"turns":4.0},{"damage":0.0,"enemies":"Jaw Worm","floor":5.0,"turns":3.0},{"damage":25.0,"enemies":"3 Sentries","floor":6.0,"turns":9.0},{"damage":2,"enemies":"Lots of Slimes","floor":7,"turns":4},{"damage":8,"enemies":"Gremlin Nob","floor":8,"turns":3},{"damage":14,"enemies":"Lagavulin","floor":11,"turns":5},{"damage":0,"enemies":"Exordium Thugs","floor":12,"turns":3},{"damage":0,"enemies":"Gremlin Nob","floor":13,"turns":1},{"damage":38,"enemies":"Hexaghost","floor":16,"turns":9},{"damage":0,"enemies":"3 Byrds","floor":18,"turns":3},{"damage":5,"enemies":"Shell Parasite","floor":20,"turns":7},{"damage":44,"enemies":"Gremlin Leader","floor":24,"turns":6},{"damage":30,"enemies":"3 Cultists","floor":25,"turns":5},{"damage":24,"enemies":"Book of Stabbing","floor":27,"turns":5},{"damage":27,"enemies":"Snake Plant","floor":28,"turns":4},{"damage":34,"enemies":"Gremlin Leader","floor":30,"turns":4},{"damage":18,"enemies":"Slaver and Parasite","floor":31,"turns":5},{"damage":65,"enemies":"Automaton","floor":33,"turns":8}],"event_choices":[{"event_name":"Golden Shrine","player_choice":"Desecrate","floor":2.0,"damage_taken":0.0},{"event_name":"Forgotten Altar","player_choice":"Shed Blood","floor":19,"damage_taken":0},{"event_name":"Addict","player_choice":"Obtained Relic","floor":21,"damage_taken":0}],"boss_relics":[{"not_picked":["Orrery","Lizard Tail"],"picked":"Black Blood"}],"potions_floor_spawned":[6,7,12,13,16,18,25,30,31],"seed_played":"5463183666116908189","killed_by":"Automaton","ascension_level":2,"is_trial":false}