{"gold_per_floor":[115,115,80,95,164,194,212,2,2,35,55,55,87,107,107,107],"floor_reached":16,"playtime":414,"items_purged":[],"score":180,"play_id":"2b9903ac-e8bd-4b96-9b88-2a3557cf92e7","local_time":"20181122091130","is_ascension_mode":true,"campfire_choices":[{"data":"Fusion","floor":15,"key":"SMITH"}],"neow_cost":"PERCENT_DAMAGE","seed_source_timestamp":388030413697049,"circlet_count":0,"master_deck":["AscendersBane","Strike_B","Strike_B","Strike_B","Strike_B","Defend_B","Defend_B","Defend_B","Defend_B","Zap","Dualcast","Rebound+1","Cold Snap","Rebound","Steam","Auto Shields","Glacier","Sweeping Beam","Fusion+1"],"relics":["Cracked Core","Du-Vu Doll","Dodecahedron","Membership Card","Sundial","Dead Branch","Happy Flower"],"potions_floor_usage":[11,13,14],"damage_taken":[{"damage":4,"enemies":"Jaw Worm","floor":1,"turns":4},{"damage":0,"enemies":"Small Slimes","floor":4,"turns":3},{"damage":28,"enemies":"Gremlin Nob","floor":6,"turns":4},{"damage":3,"enemies":"2 Louse","floor":7,"turns":2},{"damage":29,"enemies":"Lagavulin","floor":10,"turns":6},{"damage":0,"enemies":"Looter","floor":11,"turns":2},{"damage":19,"enemies":"Gremlin Nob","floor":13,"turns":4},{"damage":0,"enemies":"Blue Slaver","floor":14,"turns":4},{"damage":30,"enemies":"Hexaghost","floor":16,"turns":12}],"seed_played":"332749423299001878","potions_obtained":[{"floor":6,"key":"GamblersBrew"},{"floor":11,"key":"Regen Potion"},{"floor":13,"key":"Regen Potion"},{"floor":14,"key":"FocusPotion"}],"is_trial":false,"path_per_floor":["M","?","?","M","?","E","M","$","T","E","M","?","E","M","R","B"],"character_chosen":"DEFECT","items_purchased":["Membership Card"],"campfire_rested":0,"item_purchase_floors":[8],"current_hp_per_floor":[46,46,64,64,64,36,33,33,33,4,4,29,22,34,34,4],"gold":107,"neow_bonus":"ONE_RARE_RELIC","is_prod":false,"is_daily":false,"chose_seed":false,"campfire_upgraded":1,"win_rate":0,"timestamp":1542874290,"path_taken":["M","?","?","M","?","E","M","?","T","E","?","?","E","M","R","BOSS"],"build_version":"2018-11-15","purchased_purges":0,"victory":false,"max_hp_per_floor":[75,75,75,75,75,75,75,75,75,75,75,75,75,75,75,75],"card_choices":[{"not_picked":["Conserve Battery","Loop"],"picked":"Rebound","floor":1},{"not_picked":["Compile Driver","Go for the Eyes"],"picked":"Cold Snap","floor":4},{"not_picked":["Reprogram","Coolheaded"],"picked":"Rebound","floor":6},{"not_picked":["Sunder","Rebound"],"picked":"Steam","floor":7},{"not_picked":["Redo","Thunder Strike"],"picked":"Auto Shields","floor":10},{"not_picked":["Turbo","Steam"],"picked":"Glacier","floor":11},{"not_picked":["Hello World","Rip and Tear"],"picked":"Sweeping Beam","floor":13},{"not_picked":["Reinforced Body","Hologram"],"picked":"Fusion","floor":14}],"player_experience":1211801,"relics_obtained":[{"floor":6,"key":"Dodecahedron"},{"floor":9,"key":"Sundial"},{"floor":10,"key":"Dead Branch"},{"floor":13,"key":"Happy Flower"}],"event_choices":[{"damage_healed":0,"gold_gain":0,"player_choice":"Grow","damage_taken":0,"max_hp_gain":0,"max_hp_loss":0,"event_name":"Living Wall","floor":2,"gold_loss":0,"cards_upgraded":["Rebound"]},{"damage_healed":18,"gold_gain":0,"player_choice":"Healed","damage_taken":0,"max_hp_gain":0,"max_hp_loss":0,"event_name":"The Cleric","floor":3,"gold_loss":35},{"damage_healed":0,"gold_gain":69,"player_choice":"Gained Gold","damage_taken":0,"max_hp_gain":0,"max_hp_loss":0,"event_name":"Golden Wing","floor":5,"gold_loss":0},{"damage_healed":25,"gold_gain":0,"player_choice":"Banana","damage_taken":0,"max_hp_gain":0,"max_hp_loss":0,"event_name":"Big Fish","floor":12,"gold_loss":0}],"is_beta":false,"boss_relics":[],"items_purged_floors":[],"is_endless":false,"potions_floor_spawned":[6,11,13,14],"killed_by":"Hexaghost","ascension_level":10}