{"gold_per_floor":[13,33,52,63,22,22,52,71,71,90,90,90,108,135,135,240,240,255,180,105,105,118,151,151],"floor_reached":24,"playtime":3105,"items_purged":["Strike_G"],"score":310,"play_id":"6de962ea-a3c4-4d68-89bd-1c079a866623","local_time":"20181228233321","is_ascension_mode":true,"campfire_choices":[{"data":"Tools of the Trade","floor":6.0,"key":"SMITH"},{"data":"Accuracy","floor":12.0,"key":"SMITH"},{"floor":15.0,"key":"REST"}],"neow_cost":"NO_GOLD","seed_source_timestamp":270525996048552,"circlet_count":0,"master_deck":["Defend_G","Defend_G","Defend_G","Defend_G","Strike_G","Strike_G","Survivor","Neutralize","Blade Dance","Underhanded Strike","Well Laid Plans","Blade Dance","Tools of the Trade+1","Flying Knee","Accuracy+1","PiercingWail","Cloak And Dagger","Prepared","Accuracy","Cloak And Dagger","Cloak And Dagger","Outmaneuver","Expertise","Wraith Form v2","Tactician+1","Cloak And Dagger","Outmaneuver","Flying Knee"],"special_seed":0,"relics":["Ring of the Snake","Prayer Wheel","PreservedInsect","Torii","Singing Bowl","Black Star","FossilizedHelix","Ancient Tea Set"],"potions_floor_usage":[23,24],"damage_taken":[{"damage":0.0,"enemies":"2 Louse","floor":1.0,"turns":4.0},{"damage":3.0,"enemies":"Small Slimes","floor":2.0,"turns":3.0},{"damage":1.0,"enemies":"Cultist","floor":3.0,"turns":3.0},{"damage":2.0,"enemies":"Exordium Wildlife","floor":4.0,"turns":4.0},{"damage":26.0,"enemies":"Gremlin Nob","floor":7.0,"turns":5.0},{"damage":3.0,"enemies":"Looter","floor":8.0,"turns":4.0},{"damage":1.0,"enemies":"Lots of Slimes","floor":10.0,"turns":4.0},{"damage":6.0,"enemies":"3 Louse","floor":13.0,"turns":3.0},{"damage":1.0,"enemies":"Lagavulin","floor":14.0,"turns":5.0},{"damage":1.0,"enemies":"Slime Boss","floor":16.0,"turns":7.0},{"damage":0.0,"enemies":"Chosen","floor":18.0,"turns":4.0},{"damage":10,"enemies":"Shell Parasite","floor":22,"turns":7},{"damage":29,"enemies":"Book of Stabbing","floor":23,"turns":7},{"damage":34,"enemies":"Snake Plant","floor":24,"turns":7}],"seed_played":"5517804683171593545","potions_obtained":[{"floor":2.0,"key":"GhostInAJar"},{"floor":4.0,"key":"EntropicBrew"},{"floor":8.0,"key":"Ancient Potion"},{"floor":14.0,"key":"GamblersBrew"},{"floor":16.0,"key":"Explosive Potion"},{"floor":23,"key":"Explosive Potion"}],"is_trial":false,"path_per_floor":["M","M","M","M","?","R","E","M","T","M","?","R","M","E","R","B",null,"M","?","$","?","M","E","M"],"character_chosen":"THE_SILENT","items_purchased":[],"campfire_rested":1,"item_purchase_floors":[],"current_hp_per_floor":[70,67,66,64,64,64,38,35,35,34,34,34,28,29,50,49,66,68,68,68,68,58,29,0],"gold":151,"neow_bonus":"ONE_RARE_RELIC","is_prod":false,"is_daily":false,"chose_seed":false,"campfire_upgraded":2,"win_rate":0,"timestamp":1546007601,"path_taken":["M","M","M","M","?","R","E","M","T","M","?","R","?","E","R","BOSS","M","?","$","?","M","E","?"],"build_version":"2018-12-20","purchased_purges":1,"victory":false,"max_hp_per_floor":[70,70,70,70,70,70,70,70,70,70,70,70,70,72,72,72,72,74,74,74,74,74,74,74],"card_choices":[{"not_picked":["Dagger Spray","Sucker Punch"],"picked":"Blade Dance","floor":1.0},{"not_picked":["Masterful Stab","Poisoned Stab"],"picked":"Underhanded Strike","floor":1.0},{"not_picked":["Bane","Heel Hook"],"picked":"Well Laid Plans","floor":2.0},{"not_picked":["Deflect","Quick Slash"],"picked":"Blade Dance","floor":2.0},{"not_picked":["Flying Knee","Bane"],"picked":"Tools of the Trade","floor":3.0},{"not_picked":["Dash","Backflip"],"picked":"Flying Knee","floor":3.0},{"not_picked":["Blur","Deadly Poison"],"picked":"Accuracy","floor":4.0},{"not_picked":["Deflect","Underhanded Strike"],"picked":"PiercingWail","floor":4.0},{"not_picked":["Eviscerate","Accuracy"],"picked":"Cloak And Dagger","floor":7.0},{"not_picked":["Well Laid Plans","Masterful Stab"],"picked":"Prepared","floor":8.0},{"not_picked":["Bouncing Flask","Cloak And Dagger"],"picked":"Accuracy","floor":8.0},{"not_picked":["Expertise","Dagger Spray"],"picked":"Cloak And Dagger","floor":10.0},{"not_picked":["Dagger Throw","Tools of the Trade"],"picked":"Cloak And Dagger","floor":10.0},{"not_picked":["Backflip","Poisoned Stab"],"picked":"Outmaneuver","floor":13.0},{"not_picked":["Bouncing Flask","Predator"],"picked":"Expertise","floor":13.0},{"not_picked":["Calculated Gamble","Eviscerate","Terror"],"picked":"Singing Bowl","floor":14.0},{"not_picked":["Doppelganger","Bullet Time"],"picked":"Wraith Form v2","floor":16.0},{"not_picked":["Outmaneuver","Bane"],"picked":"Tactician+1","floor":18.0},{"not_picked":["Deflect","Slice+1","Eviscerate"],"picked":"Singing Bowl","floor":18.0},{"not_picked":["Deadly Poison","Dagger Spray"],"picked":"Cloak And Dagger","floor":22},{"not_picked":["Terror","Poisoned Stab"],"picked":"Outmaneuver","floor":22},{"not_picked":["Noxious Fumes","Crippling Poison"],"picked":"Flying Knee","floor":23}],"player_experience":238648,"relics_obtained":[{"floor":7.0,"key":"PreservedInsect"},{"floor":9.0,"key":"Torii"},{"floor":14.0,"key":"Singing Bowl"},{"floor":23,"key":"FossilizedHelix"},{"floor":23,"key":"Ancient Tea Set"}],"event_choices":[{"damage_healed":0.0,"max_hp_gain":0.0,"max_hp_loss":0.0,"gold_gain":0.0,"event_name":"World of Goop","player_choice":"Left Gold","floor":5.0,"gold_loss":41.0,"damage_taken":0.0},{"cards_removed":["Strike_G"],"damage_healed":0.0,"max_hp_gain":0.0,"max_hp_loss":0.0,"gold_gain":0.0,"event_name":"Bonfire Elementals","player_choice":"Offered Basic","floor":11.0,"gold_loss":0.0,"damage_taken":0.0},{"cards_removed":["Strike_G"],"damage_healed":0.0,"max_hp_gain":0.0,"max_hp_loss":0.0,"gold_gain":0.0,"event_name":"Beggar","player_choice":"Gave Gold","floor":19.0,"gold_loss":75.0,"damage_taken":0.0},{"cards_removed":["Defend_G"],"damage_healed":0.0,"max_hp_gain":0.0,"max_hp_loss":0.0,"gold_gain":0.0,"event_name":"Purifier","player_choice":"Purged","floor":21.0,"gold_loss":0.0,"damage_taken":0.0}],"is_beta":false,"boss_relics":[{"not_picked":["Calling Bell","Tiny House"],"picked":"Black Star"}],"items_purged_floors":[20],"is_endless":false,"potions_floor_spawned":[2,4,8,14,16,23],"killed_by":"Snake Plant","ascension_level":5}