{"gold_per_floor":[119,134,59,73,73,73,102,102,102,102,135,135,110,130,130,130],"floor_reached":16,"playtime":521,"items_purged":["Normality"],"score":146,"play_id":"37e91765-dc5f-4b8f-8de8-58180ef91ce1","local_time":"20180711164310","is_ascension_mode":true,"campfire_choices":[{"data":"Rainbow","floor":6,"key":"SMITH"},{"floor":10,"key":"DIG"},{"floor":15,"key":"REST"}],"neow_cost":"CURSE","seed_source_timestamp":191060792597366,"circlet_count":0,"master_deck":["Strike_B","Strike_B+1","Strike_B","Strike_B+1","Defend_B","Defend_B","Defend_B","Defend_B","Zap","Dualcast","Rainbow+1","Cold Snap","Sweeping Beam","Conserve Battery","Leap","Double Energy","Darkness"],"relics":["Cracked Core","Shovel","Molten Egg 2","Smiling Mask","Mummified Hand","Omamori"],"potions_floor_usage":[16],"damage_taken":[{"damage":4,"enemies":"2 Louse","floor":1,"turns":2},{"damage":4,"enemies":"Jaw Worm","floor":2,"turns":4},{"damage":0,"enemies":"Small Slimes","floor":4,"turns":3},{"damage":33,"enemies":"Gremlin Nob","floor":7,"turns":4},{"damage":12,"enemies":"Lagavulin","floor":11,"turns":7},{"damage":2,"enemies":"Blue Slaver","floor":14,"turns":4},{"damage":46,"enemies":"Hexaghost","floor":16,"turns":9}],"seed_played":"8996567395380593939","potions_obtained":[{"floor":2,"key":"Ancient Potion"},{"floor":14,"key":"Dexterity Potion"}],"is_trial":false,"path_per_floor":["M","M","$","M","?","R","E","?","T","R","E","?","?","M","R"],"character_chosen":"DEFECT","items_purchased":[],"campfire_rested":1,"item_purchase_floors":[],"current_hp_per_floor":[64,60,60,60,45,45,12,37,37,37,25,22,22,20,42,0],"gold":130,"neow_bonus":"THREE_RARE_CARDS","is_prod":false,"is_daily":false,"chose_seed":false,"campfire_upgraded":1,"win_rate":0,"timestamp":1531320190,"path_taken":["M","M","$","M","?","R","E","?","T","R","E","?","?","M","R","BOSS"],"build_version":"2018-07-05","purchased_purges":1,"victory":false,"max_hp_per_floor":[75,75,75,75,75,75,75,75,75,75,75,75,75,75,75,75],"card_choices":[{"not_picked":["Core Surge","Biased Cognition"],"picked":"Rainbow","floor":0},{"not_picked":["Ball Lightning","Rebound"],"picked":"Cold Snap","floor":1},{"not_picked":["Redo","Steam"],"picked":"Sweeping Beam","floor":2},{"not_picked":["Sweeping Beam","Streamline"],"picked":"Conserve Battery","floor":4},{"not_picked":["Stack","Redo"],"picked":"Leap","floor":7},{"not_picked":["Stack","Streamline+1"],"picked":"Double Energy","floor":11},{"not_picked":["Stack","Go for the Eyes+1"],"picked":"Darkness","floor":14}],"player_experience":827861,"relics_obtained":[{"floor":7,"key":"Shovel"},{"floor":9,"key":"Molten Egg 2"},{"floor":10,"key":"Smiling Mask"},{"floor":11,"key":"Mummified Hand"}],"event_choices":[{"event_name":"Shining Light","player_choice":"Entered Light","floor":5,"damage_taken":0},{"event_name":"Big Fish","player_choice":"Banana","floor":8,"damage_taken":0},{"event_name":"Scrap Ooze","player_choice":"success","floor":12,"damage_taken":3},{"event_name":"World of Goop","player_choice":"Left","floor":13,"damage_taken":0}],"boss_relics":[],"items_purged_floors":[3],"is_endless":false,"potions_floor_spawned":[2,14],"killed_by":"Hexaghost","ascension_level":7}