{"gold_per_floor":[111,186,197,197,197,197,241,241,241,267,175,189,189],"floor_reached":13,"playtime":279,"items_purged":[],"score":126,"play_id":"fa1e3459-01c4-4865-8cdc-3323502d326e","local_time":"20190106123236","is_ascension_mode":true,"campfire_choices":[{"floor":6,"key":"REST"},{"data":"Envenom","floor":8,"key":"SMITH"}],"neow_cost":"NONE","seed_source_timestamp":863083887357489,"circlet_count":0,"master_deck":["AscendersBane","Defend_G","Defend_G+1","Defend_G","Defend_G","Defend_G","Strike_G","Strike_G","Strike_G+1","Strike_G","Strike_G","Survivor","Neutralize","Envenom+1","PiercingWail","Poisoned Stab","Bane","Dash"],"relics":["Ring of the Snake","Golden Idol","Orichalcum","Question Card","Ancient Tea Set","Boot"],"potions_floor_usage":[7,13],"damage_taken":[{"damage":11,"enemies":"Small Slimes","floor":1,"turns":4},{"damage":0,"enemies":"2 Louse","floor":3,"turns":4},{"damage":18,"enemies":"Gremlin Nob","floor":7,"turns":4},{"damage":5,"enemies":"Cultist","floor":12,"turns":4},{"damage":14,"enemies":"3 Sentries","floor":13,"turns":6}],"seed_played":"1417235693148628161","potions_obtained":[{"floor":1,"key":"AttackPotion"},{"floor":12,"key":"Explosive Potion"}],"is_trial":false,"path_per_floor":["M","?","M","?","?","R","E","R","T","T","?","M","E"],"character_chosen":"THE_SILENT","items_purchased":[],"campfire_rested":1,"item_purchase_floors":[],"current_hp_per_floor":[52,41,41,27,27,46,28,28,28,28,28,23,9],"gold":189,"neow_bonus":"ONE_RANDOM_RARE_CARD","is_prod":false,"is_daily":false,"chose_seed":false,"campfire_upgraded":1,"win_rate":0,"timestamp":1546774356,"path_taken":["M","?","M","?","?","R","E","R","T","?","?","?","E"],"build_version":"2019-01-03v4","purchased_purges":0,"victory":false,"max_hp_per_floor":[70,70,70,70,65,65,65,65,65,65,65,65,65],"card_choices":[{"not_picked":["Backflip","Masterful Stab"],"picked":"PiercingWail","floor":1},{"not_picked":["Bane","Choke"],"picked":"Poisoned Stab","floor":3},{"not_picked":["PiercingWail","Concentrate"],"picked":"Bane","floor":7},{"not_picked":["Riddle With Holes","Slice","Predator"],"picked":"Dash","floor":12}],"player_experience":1911719,"relics_obtained":[{"floor":7,"key":"Orichalcum"},{"floor":9,"key":"Question Card"},{"floor":10,"key":"Ancient Tea Set"}],"event_choices":[{"damage_healed":0,"gold_gain":75,"player_choice":"Gather Gold","damage_taken":11,"max_hp_gain":0,"max_hp_loss":0,"event_name":"World of Goop","floor":2,"gold_loss":0},{"damage_healed":0,"gold_gain":0,"player_choice":"Entered Light","damage_taken":14,"max_hp_gain":0,"max_hp_loss":0,"event_name":"Shining Light","floor":4,"gold_loss":0,"cards_upgraded":["Defend_G","Strike_G"]},{"damage_healed":0,"gold_gain":0,"player_choice":"Lose Max HP","damage_taken":0,"relics_obtained":["Golden Idol"],"max_hp_gain":0,"max_hp_loss":5,"event_name":"Golden Idol","floor":5,"gold_loss":0},{"damage_healed":0,"gold_gain":0,"player_choice":"Paid Gold","damage_taken":0,"relics_obtained":["Boot"],"max_hp_gain":0,"max_hp_loss":0,"event_name":"WeMeetAgain","floor":11,"gold_loss":92}],"is_beta":false,"boss_relics":[],"items_purged_floors":[],"is_endless":false,"potions_floor_spawned":[1,12],"killed_by":"3 Sentries","ascension_level":11}