{"path_per_floor":["M","?","M","M","M","E","R","E","T","$","?","M","M","$","R"],"character_chosen":"DEFECT","items_purchased":["Static Discharge","Oddly Smooth Stone"],"gold_per_floor":[115,115,132,146,158,187,187,222,222,140,140,140,151,4,4,4],"floor_reached":16,"campfire_rested":2,"playtime":626,"item_purchase_floors":[],"current_hp_per_floor":[69,69,65,64,57,39,61,32,32,32,17,17,3,3,25,7],"items_purged":[],"gold":4,"score":134,"play_id":"b20e7944-61a3-4538-bb62-ca80113909a8","local_time":"20180614191538","is_prod":false,"is_daily":false,"chose_seed":false,"is_ascension_mode":true,"campfire_upgraded":0,"win_rate":0,"timestamp":1528996538,"campfire_choices":[{"floor":7.0,"key":"REST"},{"floor":15,"key":"REST"}],"path_taken":["M","?","M","M","M","E","R","E","T","$","?","?","M","$","R","BOSS"],"build_version":"2018-06-07v3","seed_source_timestamp":91647697694288,"purchased_purges":0,"victory":false,"master_deck":["Strike_B","Strike_B","Strike_B+1","Strike_B","Defend_B","Defend_B","Defend_B","Zap+1","Dualcast","Rainbow","Coolheaded","Blizzard","Redo","Compile Driver","Sweeping Beam","Seek","Fission","Static Discharge","Sweeping Beam"],"max_hp_per_floor":[75,75,75,75,75,75,75,75,75,75,75,75,75,75,75,75],"relics":["Cracked Core","Boot","Girya","Ornamental Fan","Oddly Smooth Stone"],"card_choices":[{"not_picked":["Conserve Battery","Leap"],"picked":"Coolheaded","floor":1.0},{"not_picked":["Leap","Go for the Eyes"],"picked":"Redo","floor":3.0},{"not_picked":["Gash","Aggregate"],"picked":"Compile Driver","floor":4.0},{"not_picked":["Go for the Eyes","Aggregate"],"picked":"Sweeping Beam","floor":5.0},{"not_picked":["Coolheaded","Cold Snap"],"picked":"Seek","floor":6.0},{"not_picked":["Streamline","Undo"],"picked":"Fission","floor":8.0},{"not_picked":["Go for the Eyes","Hologram"],"picked":"Sweeping Beam","floor":13}],"player_experience":693011,"potions_floor_usage":[12,16],"damage_taken":[{"damage":6.0,"enemies":"Jaw Worm","floor":1.0,"turns":6.0},{"damage":4.0,"enemies":"Cultist","floor":3.0,"turns":3.0},{"damage":1.0,"enemies":"Small Slimes","floor":4.0,"turns":4.0},{"damage":7.0,"enemies":"Looter","floor":5.0,"turns":4.0},{"damage":18.0,"enemies":"Gremlin Nob","floor":6.0,"turns":4.0},{"damage":29.0,"enemies":"3 Sentries","floor":8.0,"turns":5.0},{"damage":0,"enemies":"Gremlin Gang","floor":12,"turns":1},{"damage":14,"enemies":"Red Slaver","floor":13,"turns":2},{"damage":18,"enemies":"The Guardian","floor":16,"turns":7}],"relics_obtained":[{"floor":6.0,"key":"Boot"},{"floor":8.0,"key":"Girya"},{"floor":9.0,"key":"Ornamental Fan"}],"event_choices":[{"event_name":"Transmorgrifier","player_choice":"Transform","floor":2.0,"damage_taken":0.0},{"event_name":"Shining Light","player_choice":"Entered Light","floor":11.0,"damage_taken":0.0}],"boss_relics":[],"items_purged_floors":[],"potions_floor_spawned":[4,5,8,13],"seed_played":"-8512673597676572987","killed_by":"The Guardian","ascension_level":4,"potions_obtained":[{"floor":4.0,"key":"Weak Potion"},{"floor":5.0,"key":"SmokeBomb"},{"floor":8.0,"key":"Ancient Potion"},{"floor":13,"key":"Strength Potion"}],"is_trial":false}