{"gold_per_floor":[119,131,131,151,101,101,131,152,152,169,180,180,199,55,55,154,184,195,195,209,209,221,221,221],"floor_reached":24,"playtime":765,"items_purged":[],"score":347,"play_id":"c06d57a4-0e0d-45c4-abb8-7dbd46f0aa94","local_time":"20181007164133","is_ascension_mode":true,"campfire_choices":[{"data":"Bash","floor":6,"key":"SMITH"},{"floor":12,"key":"REST"},{"floor":15,"key":"REST"},{"floor":23,"key":"REST"}],"neow_cost":"CURSE","seed_source_timestamp":100258498733134,"circlet_count":0,"master_deck":["Strike_R","Strike_R","Strike_R","Strike_R","Strike_R","Defend_R","Defend_R","Defend_R","Bash+1","AscendersBane","Sword Boomerang","Iron Wave","Power Through","Sword Boomerang","Twin Strike","Cleave","Disarm","Metallicize","Twin Strike","Dropkick","Pommel Strike","Immolate","Shame","Normality","Regret","Shrug It Off+1","Feel No Pain","Flame Barrier+1","Pommel Strike+1","Flame Barrier+1"],"relics":["Burning Blood","FaceOfCleric","Calipers","Odd Mushroom","Prayer Wheel","Strawberry","Calling Bell","Tiny Chest","Ornamental Fan","Ice Cream","Question Card"],"potions_floor_usage":[7,13,13,24],"damage_taken":[{"damage":9,"enemies":"Jaw Worm","floor":1,"turns":6},{"damage":1,"enemies":"Cultist","floor":2,"turns":4},{"damage":7,"enemies":"Small Slimes","floor":4,"turns":4},{"damage":28,"enemies":"Gremlin Nob","floor":7,"turns":5},{"damage":33,"enemies":"The Mushroom Lair","floor":8,"turns":5},{"damage":10,"enemies":"3 Louse","floor":10,"turns":3},{"damage":18,"enemies":"2 Fungi Beasts","floor":11,"turns":4},{"damage":16,"enemies":"Gremlin Gang","floor":13,"turns":4},{"damage":76,"enemies":"Hexaghost","floor":16,"turns":15},{"damage":22,"enemies":"Chosen","floor":18,"turns":6},{"damage":33,"enemies":"Spheric Guardian","floor":20,"turns":6},{"damage":28,"enemies":"Snecko","floor":22,"turns":6},{"damage":4,"enemies":"Centurion and Healer","floor":24,"turns":2}],"seed_played":"-7607277890036531889","potions_obtained":[{"floor":2,"key":"SpeedPotion"},{"floor":10,"key":"FearPotion"},{"floor":11,"key":"Fire Potion"},{"floor":16,"key":"EssenceOfSteel"},{"floor":18,"key":"Dexterity Potion"},{"floor":22,"key":"Ancient Potion"}],"is_trial":false,"path_per_floor":["M","M","?","M","?","R","E","?","T","M","M","R","M","$","R","B",null,"M","?","M","T","M","R"],"character_chosen":"IRONCLAD","items_purchased":["Strawberry"],"campfire_rested":3,"item_purchase_floors":[14],"current_hp_per_floor":[85,90,90,90,90,90,69,43,43,40,29,58,49,56,87,18,85,70,70,44,44,23,56,52],"gold":221,"neow_bonus":"TWENTY_PERCENT_HP_BONUS","is_prod":false,"is_daily":false,"chose_seed":false,"campfire_upgraded":1,"win_rate":0,"timestamp":1538923293,"path_taken":["M","M","?","M","?","R","E","?","T","M","?","R","?","?","R","BOSS","M","?","?","?","M","R","M"],"build_version":"2018-10-04v2","purchased_purges":0,"victory":false,"max_hp_per_floor":[96,96,96,97,94,94,95,96,96,97,98,98,99,106,106,107,107,108,108,109,109,110,110,110],"card_choices":[{"not_picked":["Havoc","Iron Wave"],"picked":"Sword Boomerang","floor":1},{"not_picked":["Anger","Feel No Pain"],"picked":"Iron Wave","floor":2},{"not_picked":["Wild Strike","Corruption"],"picked":"Power Through","floor":4},{"not_picked":["Wild Strike","Dual Wield"],"picked":"Sword Boomerang","floor":7},{"not_picked":["Dual Wield","Iron Wave"],"picked":"Twin Strike","floor":8},{"not_picked":["Wild Strike","Headbutt"],"picked":"Cleave","floor":10},{"not_picked":["Thunderclap","Headbutt"],"picked":"Disarm","floor":10},{"not_picked":["Armaments","Twin Strike"],"picked":"Metallicize","floor":11},{"not_picked":["Perfected Strike","Warcry"],"picked":"Twin Strike","floor":11},{"not_picked":["Anger","Disarm"],"picked":"Dropkick","floor":13},{"not_picked":["Twin Strike","Dark Embrace"],"picked":"Pommel Strike","floor":13},{"not_picked":["Brutality","Exhume"],"picked":"Immolate","floor":16},{"not_picked":["Spot Weakness","Iron Wave+1"],"picked":"Shrug It Off+1","floor":18},{"not_picked":["Second Wind","Anger","Sever Soul"],"picked":"SKIP","floor":18},{"not_picked":["Bloodletting","Disarm"],"picked":"Flame Barrier+1","floor":20},{"not_picked":["Thunderclap","Clash+1","Armaments"],"picked":"SKIP","floor":20},{"not_picked":["Evolve","Brutality","True Grit+1"],"picked":"Pommel Strike+1","floor":22},{"not_picked":["Havoc","Clash+1","Sword Boomerang"],"picked":"Flame Barrier+1","floor":22}],"player_experience":1065073,"relics_obtained":[{"floor":7,"key":"Calipers"},{"floor":8,"key":"Odd Mushroom"},{"floor":9,"key":"Prayer Wheel"},{"floor":17,"key":"Tiny Chest"},{"floor":17,"key":"Ornamental Fan"},{"floor":17,"key":"Ice Cream"},{"floor":21,"key":"Question Card"}],"event_choices":[{"event_name":"FaceTrader","player_choice":"Trade","floor":3,"damage_taken":0},{"event_name":"The Cleric","player_choice":"Card Removal","floor":5,"damage_taken":0},{"event_name":"Mushrooms","player_choice":"Fought Mushrooms","floor":8,"damage_taken":0},{"event_name":"Transmorgrifier","player_choice":"Transform","floor":19,"damage_taken":0}],"is_beta":false,"boss_relics":[{"not_picked":["Velvet Choker","White Beast Statue"],"picked":"Calling Bell"}],"items_purged_floors":[],"is_endless":false,"potions_floor_spawned":[2,10,11,16,18,22],"killed_by":"Centurion and Healer","ascension_level":10}