{"gold_per_floor":[117,117,117,117,192,224,224,254,254,254,264,284,284,284,284,284],"floor_reached":16,"playtime":299,"items_purged":[],"score":312,"play_id":"720d63e6-a2ac-442e-ac29-20748b1f6b44","local_time":"20181029001448","is_ascension_mode":true,"campfire_choices":[{"data":"Neutralize","floor":7,"key":"SMITH"},{"data":"Dagger Spray","floor":10,"key":"SMITH"},{"data":"Caltrops","floor":13,"key":"SMITH"},{"data":"Corpse Explosion","floor":15,"key":"SMITH"}],"neow_cost":"NONE","seed_source_timestamp":658300378192710,"circlet_count":0,"master_deck":["Defend_G","Defend_G","Defend_G","Defend_G","Defend_G","Strike_G","Strike_G+1","Strike_G","Strike_G","Strike_G","Survivor+1","Neutralize+1","AscendersBane","Blade Dance","Caltrops+1","Dagger Spray+1","Corpse Explosion+1","Backflip","Skewer+1"],"relics":["Ring of the Snake","NeowsBlessing","Prayer Wheel","Blood Vial","Ornamental Fan"],"potions_floor_usage":[],"damage_taken":[{"damage":0,"enemies":"Cultist","floor":1,"turns":1},{"damage":0,"enemies":"Lagavulin","floor":6,"turns":1},{"damage":0,"enemies":"Gremlin Nob","floor":8,"turns":1},{"damage":0,"enemies":"Small Slimes","floor":11,"turns":2},{"damage":1,"enemies":"Jaw Worm","floor":12,"turns":4},{"damage":29,"enemies":"The Guardian","floor":16,"turns":11}],"seed_played":"4419004909317967136","potions_obtained":[{"floor":8,"key":"Ancient Potion"}],"is_trial":false,"path_per_floor":["M","?","?","$","?","E","R","E","T","R","M","M","R","?","R"],"character_chosen":"THE_SILENT","items_purchased":[],"campfire_rested":0,"item_purchase_floors":[],"current_hp_per_floor":[59,59,39,39,28,28,28,28,28,28,30,31,31,31,31,4],"gold":284,"neow_bonus":"THREE_ENEMY_KILL","is_prod":false,"is_daily":false,"chose_seed":false,"campfire_upgraded":4,"win_rate":0,"timestamp":1540786488,"path_taken":["M","?","?","$","?","E","R","E","T","R","M","?","R","?","R","BOSS"],"build_version":"2018-10-25v2","purchased_purges":0,"victory":false,"max_hp_per_floor":[66,66,66,66,66,66,66,66,66,66,66,66,66,66,66,66],"card_choices":[{"not_picked":["Dodge and Roll","Sucker Punch"],"picked":"Blade Dance","floor":1},{"not_picked":["Tactician","Endless Agony"],"picked":"Caltrops","floor":6},{"not_picked":["Prepared","Dagger Throw"],"picked":"Dagger Spray","floor":8},{"not_picked":["Backflip","Prepared"],"picked":"Corpse Explosion","floor":11},{"not_picked":["Deadly Poison","Acrobatics","Catalyst"],"picked":"SKIP","floor":11},{"not_picked":["Deflect","Calculated Gamble"],"picked":"Backflip","floor":12},{"not_picked":["Outmaneuver","PiercingWail"],"picked":"Skewer","floor":12}],"player_experience":1098666,"relics_obtained":[{"floor":6,"key":"Prayer Wheel"},{"floor":8,"key":"Blood Vial"},{"floor":9,"key":"Ornamental Fan"}],"event_choices":[{"damage_healed":0,"gold_gain":0,"player_choice":"Leave","damage_taken":0,"max_hp_gain":0,"max_hp_loss":0,"event_name":"The Cleric","floor":2,"gold_loss":0},{"damage_healed":0,"gold_gain":0,"player_choice":"Entered Light","damage_taken":20,"max_hp_gain":0,"max_hp_loss":0,"event_name":"Shining Light","floor":3,"gold_loss":0,"cards_upgraded":["Survivor","Strike_G"]},{"damage_healed":0,"gold_gain":75,"player_choice":"Gather Gold","damage_taken":11,"max_hp_gain":0,"max_hp_loss":0,"event_name":"World of Goop","floor":5,"gold_loss":0},{"damage_healed":0,"gold_gain":0,"player_choice":"Forge","damage_taken":0,"max_hp_gain":0,"max_hp_loss":0,"event_name":"Accursed Blacksmith","floor":14,"gold_loss":0,"cards_upgraded":["Skewer"]}],"is_beta":false,"boss_relics":[],"items_purged_floors":[],"is_endless":false,"potions_floor_spawned":[8],"killed_by":"The Guardian","ascension_level":20}