{"path_per_floor":["M","M","?","?","T","R","E","M","T","M","M","R","?","M","R","B",null,"M","?","$","T","?","E","M","R","T","?","M","?","R","E","R"],"character_chosen":"DEFECT","items_purchased":["Symbiotic Virus","Loop","Secret Technique"],"gold_per_floor":[210,220,220,220,244,244,276,291,291,307,317,317,317,335,335,432,432,449,548,29,29,29,59,75,75,75,75,91,91,91,119,119,119],"floor_reached":33,"campfire_rested":1,"playtime":2223,"item_purchase_floors":[],"current_hp_per_floor":[67,67,52,52,52,52,33,33,33,25,25,25,25,25,47,62,72,72,72,72,72,72,33,41,41,41,41,35,60,60,71,71,0],"items_purged":[],"gold":119,"score":441,"play_id":"7c1f8102-fe89-4415-9413-7266beb7aa32","local_time":"20180620211611","is_prod":false,"is_daily":false,"chose_seed":false,"is_ascension_mode":true,"campfire_upgraded":5,"win_rate":0,"timestamp":1529522171,"campfire_choices":[{"data":"Dualcast","floor":6.0,"key":"SMITH"},{"data":"Tempest","floor":12.0,"key":"SMITH"},{"floor":15.0,"key":"REST"},{"data":"Secret Technique","floor":25,"key":"SMITH"},{"data":"Ball Lightning","floor":30,"key":"SMITH"},{"data":"Conserve Battery","floor":32,"key":"SMITH"}],"path_taken":["M","M","?","?","?","R","E","?","T","?","M","R","?","M","R","BOSS","M","?","$","?","?","E","?","R","T","?","?","?","R","E","R","BOSS"],"build_version":"2018-06-14v2","seed_source_timestamp":615688709951162,"purchased_purges":0,"victory":false,"master_deck":["Defend_B","Defend_B","Defend_B","Defend_B","Zap+1","Dualcast+1","Go for the Eyes","Sweeping Beam","Capacitor","Chill","Beam Cell","Tempest+1","Ball Lightning+1","Machine Learning","Undo","Lockon","Conserve Battery+1","Coolheaded","Steam","Sweeping Beam+1","Loop","Secret Technique+1","Static Discharge","Compile Driver+1","Bite+1","Bite+1","Bite+1","Bite+1","Bite+1","Rebound+1","Ball Lightning+1"],"max_hp_per_floor":[75,75,75,75,75,75,75,75,75,75,75,75,75,75,75,75,75,75,75,75,75,75,75,75,75,75,75,75,75,75,75,75,75],"special_seed":0,"relics":["Cracked Core","Omamori","Happy Flower","Dodecahedron","Cables","Orrery","Symbiotic Virus","Bottled Flame","Molten Egg 2","Darkstone Periapt"],"card_choices":[{"not_picked":["Turbo","Melter"],"picked":"Go for the Eyes","floor":1.0},{"not_picked":["Gash","Echo Form"],"picked":"Sweeping Beam","floor":2.0},{"not_picked":["Redo","Leap"],"picked":"Capacitor","floor":7.0},{"not_picked":["Recycle","Hologram"],"picked":"Chill","floor":8.0},{"not_picked":["Streamline","Hello World"],"picked":"Beam Cell","floor":10.0},{"not_picked":["Stack","Redo"],"picked":"Tempest","floor":11.0},{"not_picked":["Gash","Compile Driver"],"picked":"Ball Lightning","floor":14.0},{"not_picked":["Creative AI","Biased Cognition"],"picked":"Machine Learning","floor":16.0},{"not_picked":["Steam","Sweeping Beam"],"picked":"Undo","floor":17.0},{"not_picked":["Tempest","Chill"],"picked":"Lockon","floor":17.0},{"not_picked":["Tempest","Heatsinks"],"picked":"Conserve Battery","floor":17.0},{"not_picked":["Steam","Fission"],"picked":"Coolheaded","floor":17.0},{"not_picked":["Reprogram","Sunder"],"picked":"Steam","floor":17.0},{"not_picked":["Undo","Scrape"],"picked":"Sweeping Beam+1","floor":18.0},{"not_picked":["Sweeping Beam","Reprogram"],"picked":"Static Discharge","floor":23},{"not_picked":["Redo","Self Repair+1"],"picked":"Compile Driver+1","floor":24},{"not_picked":["Compile Driver+1","Steam"],"picked":"Rebound+1","floor":28},{"not_picked":["Self Repair","Hello World"],"picked":"Ball Lightning+1","floor":31}],"player_experience":767955,"potions_floor_usage":[24,31,31,33,33],"damage_taken":[{"damage":8.0,"enemies":"Jaw Worm","floor":1.0,"turns":4.0},{"damage":0.0,"enemies":"Small Slimes","floor":2.0,"turns":2.0},{"damage":19.0,"enemies":"Lagavulin","floor":7.0,"turns":6.0},{"damage":0.0,"enemies":"Cultist","floor":8.0,"turns":2.0},{"damage":8.0,"enemies":"Large Slime","floor":10.0,"turns":4.0},{"damage":0.0,"enemies":"Exordium Wildlife","floor":11.0,"turns":2.0},{"damage":0.0,"enemies":"2 Fungi Beasts","floor":14.0,"turns":2.0},{"damage":0.0,"enemies":"Slime Boss","floor":16.0,"turns":8.0},{"damage":0.0,"enemies":"3 Byrds","floor":18.0,"turns":5.0},{"damage":39.0,"enemies":"Slavers","floor":23.0,"turns":5.0},{"damage":6,"enemies":"Chosen","floor":24,"turns":3},{"damage":15,"enemies":"Snake Plant","floor":28,"turns":3},{"damage":18,"enemies":"Gremlin Leader","floor":31,"turns":6},{"damage":88,"enemies":"Champ","floor":33,"turns":8}],"relics_obtained":[{"floor":5.0,"key":"Happy Flower"},{"floor":7.0,"key":"Dodecahedron"},{"floor":9.0,"key":"Cables"},{"floor":21.0,"key":"Bottled Flame"},{"floor":23,"key":"Blood Vial"},{"floor":26,"key":"Molten Egg 2"},{"floor":31,"key":"Darkstone Periapt"}],"event_choices":[{"event_name":"Shining Light","player_choice":"Entered Light","floor":3.0,"damage_taken":0.0},{"event_name":"Big Fish","player_choice":"Box","floor":4.0,"damage_taken":0.0},{"event_name":"Fountain of Cleansing","player_choice":"Removed Curse","floor":13.0,"damage_taken":0.0},{"event_name":"Nest","player_choice":"Stole From Cult","floor":19.0,"damage_taken":0.0},{"event_name":"Addict","player_choice":"Ignored","floor":22.0,"damage_taken":0.0},{"event_name":"Vampires","player_choice":"Became a vampire (Vial)","floor":27,"damage_taken":0},{"event_name":"The Library","player_choice":"Heal","floor":29,"damage_taken":0}],"boss_relics":[{"not_picked":["Coffee Dripper","Fusion Hammer"],"picked":"Orrery"}],"items_purged_floors":[],"is_endless":false,"potions_floor_spawned":[2,7,10,11,14,23,24,31],"seed_played":"3613169137509900666","killed_by":"Champ","ascension_level":5,"potions_obtained":[{"floor":2.0,"key":"Swift Potion"},{"floor":7.0,"key":"Weak Potion"},{"floor":10.0,"key":"Energy Potion"},{"floor":11.0,"key":"Regen Potion"},{"floor":23,"key":"Regen Potion"},{"floor":24,"key":"EntropicBrew"},{"floor":31,"key":"AttackPotion"}],"is_trial":false}