{"gold_per_floor":[110,130,130,55,55,90,115,148,148,163,163,178,178,209,209,209],"floor_reached":16,"playtime":1642,"items_purged":["Regret"],"score":236,"play_id":"b7a6dd22-9139-40ca-94a2-3ddce5a673ab","local_time":"20190204010453","is_ascension_mode":true,"campfire_choices":[{"data":"Zap","floor":11,"key":"SMITH"},{"data":"Buffer","floor":13,"key":"SMITH"},{"floor":15,"key":"REST"}],"neow_cost":"NONE","seed_source_timestamp":733390031239690,"circlet_count":0,"master_deck":["AscendersBane","Strike_B","Strike_B","Strike_B","Strike_B","Defend_B","Defend_B","Defend_B","Defend_B","Zap+1","Dualcast","Undo","Steam","Buffer+1","Self Repair","Conserve Battery","Barrage","Cold Snap"],"relics":["Cracked Core","NeowsBlessing","Shuriken","Anchor","Odd Mushroom","Happy Flower","Pen Nib","Lantern"],"potions_floor_usage":[7,7,7,8,8],"damage_taken":[{"damage":0,"enemies":"Small Slimes","floor":1,"turns":1},{"damage":0,"enemies":"2 Louse","floor":2,"turns":1},{"damage":0,"enemies":"3 Sentries","floor":6,"turns":1},{"damage":0,"enemies":"The Mushroom Lair","floor":7,"turns":4},{"damage":27,"enemies":"Lagavulin","floor":8,"turns":10},{"damage":5,"enemies":"Cultist","floor":10,"turns":4},{"damage":0,"enemies":"Large Slime","floor":12,"turns":5},{"damage":32,"enemies":"Gremlin Nob","floor":14,"turns":5},{"damage":0,"enemies":"Slime Boss","floor":16,"turns":3}],"seed_played":"-2688956377153122490","potions_obtained":[{"floor":1,"key":"EntropicBrew"},{"floor":6,"key":"Explosive Potion"},{"floor":7,"key":"AttackPotion"},{"floor":14,"key":"SteroidPotion"}],"is_trial":false,"path_per_floor":["M","M","?","$","?","E","?","E","T","M","R","M","R","E","R","B"],"character_chosen":"DEFECT","items_purchased":[],"campfire_rested":1,"item_purchase_floors":[],"current_hp_per_floor":[68,68,68,68,68,68,68,48,48,50,50,50,50,25,47,47],"gold":209,"neow_bonus":"THREE_ENEMY_KILL","is_prod":false,"is_daily":false,"chose_seed":false,"campfire_upgraded":2,"win_rate":0,"timestamp":1549238693,"path_taken":["M","M","?","$","?","E","?","E","T","M","R","M","R","E","R","BOSS"],"build_version":"2019-01-23","purchased_purges":1,"victory":false,"max_hp_per_floor":[75,75,75,75,75,75,75,75,75,75,75,75,75,75,75,75],"card_choices":[{"not_picked":["Streamline","Barrage"],"picked":"Undo","floor":1},{"not_picked":["Chaos","Turbo"],"picked":"Steam","floor":2},{"not_picked":["Ball Lightning","Steam Power"],"picked":"Buffer","floor":6},{"not_picked":["Ball Lightning","Turbo"],"picked":"Self Repair","floor":7},{"not_picked":["Scrape","Rip and Tear","Rebound"],"picked":"SKIP","floor":8},{"not_picked":["Leap","Static Discharge"],"picked":"Conserve Battery","floor":10},{"not_picked":["Aggregate","Steam"],"picked":"Barrage","floor":12},{"not_picked":["Stack","Streamline"],"picked":"Cold Snap","floor":14}],"player_experience":2150262,"relics_obtained":[{"floor":6,"key":"Anchor"},{"floor":7,"key":"Odd Mushroom"},{"floor":8,"key":"Happy Flower"},{"floor":9,"key":"Pen Nib"},{"floor":14,"key":"Lantern"}],"event_choices":[{"damage_healed":0,"gold_gain":0,"player_choice":"Box","damage_taken":0,"relics_obtained":["Shuriken"],"max_hp_gain":0,"max_hp_loss":0,"event_name":"Big Fish","floor":3,"gold_loss":0,"cards_obtained":["Regret"]},{"damage_healed":0,"gold_gain":0,"player_choice":"Ignored","damage_taken":0,"max_hp_gain":0,"max_hp_loss":0,"event_name":"Golden Wing","floor":5,"gold_loss":0},{"damage_healed":0,"gold_gain":0,"player_choice":"Fought Mushrooms","damage_taken":0,"max_hp_gain":0,"max_hp_loss":0,"event_name":"Mushrooms","floor":7,"gold_loss":0}],"is_beta":false,"boss_relics":[],"items_purged_floors":[4],"is_endless":false,"potions_floor_spawned":[1,6,7,14],"killed_by":"Slime Boss","ascension_level":13}