{"gold_per_floor":[118,118,393,68,85,115,115,126,126,126,158,158,43,91,91,189,189,207,226,226],"floor_reached":20,"playtime":537,"items_purged":["Regret"],"score":270,"play_id":"eff4935f-6b4b-455e-8818-47d7828a483e","local_time":"20181023103613","is_ascension_mode":true,"campfire_choices":[{"floor":7,"key":"REST"},{"floor":10,"key":"REST"},{"data":"Bouncing Flask","floor":12,"key":"SMITH"},{"data":"Noxious Fumes","floor":15,"key":"SMITH"}],"neow_cost":"NONE","seed_source_timestamp":1059409776084499,"circlet_count":0,"master_deck":["Defend_G","Defend_G","Defend_G","Defend_G","Defend_G","Strike_G","Strike_G","Strike_G","Strike_G","Survivor","Neutralize","AscendersBane","Poisoned Stab","Noxious Fumes+1","Caltrops+1","Deadly Poison","Footwork+1","Bouncing Flask+1","Caltrops+1","Caltrops+1","Burst","Dodge and Roll","Leg Sweep"],"relics":["Ring of the Snake","Frozen Egg 2","Mummified Hand","Gremlin Horn","Dream Catcher","Singing Bowl","Pen Nib","Black Star"],"potions_floor_usage":[6,20],"damage_taken":[{"damage":0,"enemies":"2 Louse","floor":1,"turns":3},{"damage":0,"enemies":"Small Slimes","floor":5,"turns":3},{"damage":27,"enemies":"Lagavulin","floor":6,"turns":8},{"damage":12,"enemies":"Cultist","floor":8,"turns":3},{"damage":11,"enemies":"3 Sentries","floor":11,"turns":6},{"damage":13,"enemies":"Hexaghost","floor":16,"turns":5},{"damage":21,"enemies":"Spheric Guardian","floor":18,"turns":5},{"damage":2,"enemies":"Shell Parasite","floor":19,"turns":4},{"damage":42,"enemies":"Masked Bandits","floor":20,"turns":3}],"seed_played":"4545864437786564603","potions_obtained":[{"floor":1,"key":"PowerPotion"},{"floor":11,"key":"SpeedPotion"}],"is_trial":false,"path_per_floor":["M","?","?","$","M","E","R","M","T","R","E","R","$","T","R","B",null,"M","M"],"character_chosen":"THE_SILENT","items_purchased":["Mummified Hand","Caltrops+1","Caltrops+1"],"campfire_rested":2,"item_purchase_floors":[4,4,13],"current_hp_per_floor":[63,56,56,56,56,29,50,38,38,59,48,48,48,48,48,35,61,40,38,0],"gold":226,"neow_bonus":"TRANSFORM_CARD","is_prod":false,"is_daily":false,"chose_seed":false,"campfire_upgraded":2,"win_rate":0,"timestamp":1540283773,"path_taken":["M","?","?","?","?","E","R","M","T","R","E","R","$","?","R","BOSS","M","M","?"],"build_version":"2018-10-18","purchased_purges":1,"victory":false,"max_hp_per_floor":[70,70,70,70,70,70,70,70,70,70,70,70,70,70,70,70,70,70,70,70],"card_choices":[{"not_picked":["Slice","Quick Slash"],"picked":"Noxious Fumes","floor":1},{"not_picked":["Underhanded Strike","Slice"],"picked":"Deadly Poison","floor":5},{"not_picked":["PiercingWail","Finisher"],"picked":"Footwork+1","floor":6},{"not_picked":["Slice","Underhanded Strike","Sucker Punch"],"picked":"SKIP","floor":8},{"not_picked":["Quick Slash","PiercingWail"],"picked":"Bouncing Flask","floor":10},{"not_picked":["Expertise","Sucker Punch"],"picked":"Caltrops+1","floor":11},{"not_picked":["Venomology","Die Die Die"],"picked":"Burst","floor":16},{"not_picked":["Reflex","Deadly Poison"],"picked":"Dodge and Roll","floor":18},{"not_picked":["Deflect","Cloak And Dagger"],"picked":"Leg Sweep","floor":19}],"player_experience":1103042,"relics_obtained":[{"floor":6,"key":"Gremlin Horn"},{"floor":9,"key":"Dream Catcher"},{"floor":11,"key":"Singing Bowl"},{"floor":14,"key":"Pen Nib"}],"event_choices":[{"damage_healed":0,"gold_gain":0,"player_choice":"Success","damage_taken":7,"relics_obtained":["Frozen Egg 2"],"max_hp_gain":0,"max_hp_loss":0,"event_name":"Scrap Ooze","floor":2,"gold_loss":0},{"damage_healed":0,"gold_gain":275,"player_choice":"Desecrate","damage_taken":0,"max_hp_gain":0,"max_hp_loss":0,"event_name":"Golden Shrine","floor":3,"gold_loss":0,"cards_obtained":["Regret"]},{"damage_healed":0,"gold_gain":0,"player_choice":"Fought Bandits","damage_taken":0,"max_hp_gain":0,"max_hp_loss":0,"event_name":"Masked Bandits","floor":20,"gold_loss":0}],"is_beta":false,"boss_relics":[{"not_picked":["Runic Dome","Empty Cage"],"picked":"Black Star"}],"items_purged_floors":[13],"is_endless":false,"potions_floor_spawned":[1,11],"killed_by":"Masked Bandits","ascension_level":10}