{"path_per_floor":["M","M","?","?","$","R","M","E","T","E","M","M","R","?","R","B",null,"M","?","M"],"character_chosen":"IRONCLAD","items_purchased":["Omamori"],"gold_per_floor":[111,131,306,256,112,112,82,109,109,144,158,170,170,170,170,300,300,318,241,254,254],"floor_reached":21,"campfire_rested":2,"playtime":2011,"current_hp_per_floor":[80,75,75,75,75,75,80,47,47,16,22,24,48,48,70,36,65,49,49,38,27],"items_purged":[],"gold":254,"score":234,"play_id":"b882d423-df91-4729-ae66-5e1ca10cab7f","local_time":"20180522120907","is_prod":false,"is_daily":false,"chose_seed":false,"is_ascension_mode":true,"campfire_upgraded":1,"timestamp":1526983747,"campfire_choices":[{"data":"Bash","floor":6,"key":"SMITH"},{"floor":13,"key":"REST"},{"floor":15,"key":"REST"}],"path_taken":["M","M","?","?","$","R","M","E","T","E","?","M","R","?","R","BOSS","M","?","?","M"],"build_version":"2018-05-17","seed_source_timestamp":0,"purchased_purges":0,"victory":false,"master_deck":["Strike_R","Strike_R","Strike_R","Strike_R","Defend_R","Defend_R","Defend_R","Defend_R","Bash+1","Intimidate","Iron Wave","Warcry","Perfected Strike","Armaments","Ghostly Armor","Whirlwind","Immolate","Flex+1","J.A.X.","Pommel Strike"],"max_hp_per_floor":[80,80,80,80,80,80,80,80,80,80,80,80,80,74,74,74,74,74,74,74,74],"relics":["Burning Blood","Omamori","Oddly Smooth Stone","Bag of Marbles","Red Skull","Golden Idol","Velvet Choker"],"card_choices":[{"not_picked":["Heavy Blade","Thunderclap"],"picked":"Intimidate","floor":1.0},{"not_picked":["Sword Boomerang","Heavy Blade"],"picked":"Iron Wave","floor":2},{"not_picked":["Clash","Headbutt"],"picked":"Warcry","floor":7},{"not_picked":["Warcry","Barricade"],"picked":"Perfected Strike","floor":8},{"not_picked":["Combust","Sword Boomerang"],"picked":"Armaments","floor":10},{"not_picked":["Wild Strike","Reckless Charge"],"picked":"Ghostly Armor","floor":11},{"not_picked":["Clash","Armaments"],"picked":"Whirlwind","floor":12},{"not_picked":["Limit Break","Barricade"],"picked":"Immolate","floor":16},{"not_picked":["Heavy Blade","Battle Trance+1"],"picked":"Flex+1","floor":18},{"not_picked":["Body Slam","Infernal Blade"],"picked":"Pommel Strike","floor":20}],"player_experience":500062,"potions_floor_usage":[16],"damage_taken":[{"damage":5.0,"enemies":"2 Louse","floor":1.0,"turns":4.0},{"damage":11.0,"enemies":"Jaw Worm","floor":2.0,"turns":8.0},{"damage":1,"enemies":"Looter","floor":7,"turns":4},{"damage":39,"enemies":"3 Sentries","floor":8,"turns":9},{"damage":37,"enemies":"Lagavulin","floor":10,"turns":6},{"damage":0,"enemies":"2 Fungi Beasts","floor":11,"turns":2},{"damage":4,"enemies":"Exordium Wildlife","floor":12,"turns":5},{"damage":40,"enemies":"The Guardian","floor":16,"turns":16},{"damage":22,"enemies":"2 Thieves","floor":18,"turns":4},{"damage":17,"enemies":"Shell Parasite","floor":20,"turns":5},{"damage":11,"enemies":"Snecko","floor":21,"turns":4}],"relics_obtained":[{"floor":8,"key":"Oddly Smooth Stone"},{"floor":9,"key":"Bag of Marbles"},{"floor":10,"key":"Red Skull"}],"event_choices":[{"event_name":"Liars Game","player_choice":"agreed","floor":3,"damage_taken":0},{"event_name":"The Cleric","player_choice":"Card Removal","floor":4,"damage_taken":0},{"event_name":"Golden Idol","player_choice":"Lose Max HP","floor":14,"damage_taken":0},{"event_name":"Drug Dealer","player_choice":"Got JAXXED","floor":19,"damage_taken":0}],"boss_relics":[{"not_picked":["White Beast Statue","Ectoplasm"],"picked":"Velvet Choker"}],"potions_floor_spawned":[11,12,18],"seed_played":"1638637532679252571","killed_by":"Snecko","ascension_level":5,"potions_obtained":[{"floor":11,"key":"GamblersBrew"},{"floor":12,"key":"AttackPotion"},{"floor":18,"key":"Dexterity Potion"}],"is_trial":false}