{"gold_per_floor":[117,133,53,69,69,104,114,114,137,169,66,66,91,145,145,220,220,236,120,136,153,153,153,153],"floor_reached":24,"playtime":922,"items_purged":[],"score":432,"play_id":"d49e0a9f-a5a2-429e-a09d-a374b046c609","local_time":"20190217173625","is_ascension_mode":true,"campfire_choices":[{"floor":8,"key":"REST"},{"floor":15,"key":"REST"},{"floor":23,"key":"REST"}],"neow_cost":"NONE","seed_source_timestamp":15110481749735043,"circlet_count":0,"master_deck":["AscendersBane","Defend_R","Defend_R","Defend_R","Defend_R","Bash","Iron Wave","Headbutt","Rage","Cleave","Iron Wave","Anger","Second Wind","Purity","Metallicize","Reaper","Feel No Pain","Thunderclap","Dual Wield","Bite","Bite","Bite","Bite","Bite"],"relics":["Burning Blood","NeowsBlessing","Strawberry","Art of War","Red Skull","StoneCalendar","Bronze Scales","Runic Cube"],"potions_floor_usage":[6,10,20],"damage_taken":[{"damage":0,"enemies":"Cultist","floor":1,"turns":1},{"damage":0,"enemies":"Small Slimes","floor":2,"turns":1},{"damage":0,"enemies":"Jaw Worm","floor":4,"turns":1},{"damage":35,"enemies":"Gremlin Nob","floor":6,"turns":5},{"damage":2,"enemies":"2 Fungi Beasts","floor":7,"turns":4},{"damage":6,"enemies":"Lagavulin","floor":10,"turns":6},{"damage":49,"enemies":"Gremlin Nob","floor":13,"turns":5},{"damage":61,"enemies":"The Guardian","floor":16,"turns":11},{"damage":14,"enemies":"3 Byrds","floor":18,"turns":4},{"damage":11,"enemies":"Chosen","floor":20,"turns":7},{"damage":46,"enemies":"Centurion and Healer","floor":21,"turns":8},{"damage":76,"enemies":"Slavers","floor":24,"turns":4}],"seed_played":"-3561262084665128400","potions_obtained":[{"floor":2,"key":"Weak Potion"},{"floor":7,"key":"Block Potion"},{"floor":16,"key":"SpeedPotion"},{"floor":18,"key":"Explosive Potion"},{"floor":20,"key":"Swift Potion"}],"is_trial":false,"path_per_floor":["M","M","$","M","$","E","M","R","T","E","$","?","E","T","R","B",null,"M","$","M","M","?","R","E"],"character_chosen":"IRONCLAD","items_purchased":["Rage","Purity","Fruit Juice"],"campfire_rested":3,"item_purchase_floors":[3,11,19],"current_hp_per_floor":[74,75,75,75,75,53,57,81,81,81,81,86,43,43,69,14,69,67,67,70,38,38,57,0],"gold":153,"neow_bonus":"THREE_ENEMY_KILL","is_prod":false,"is_daily":false,"chose_seed":false,"campfire_upgraded":0,"win_rate":0,"timestamp":1550421385,"path_taken":["M","?","?","M","$","E","M","R","T","E","$","?","E","?","R","BOSS","M","$","M","M","?","R","E"],"build_version":"2019-01-23","purchased_purges":0,"victory":false,"max_hp_per_floor":[75,75,75,75,75,82,82,82,82,82,82,87,87,87,87,87,87,87,87,92,92,64,64,64],"card_choices":[{"not_picked":["Anger","Flex"],"picked":"Iron Wave","floor":1},{"not_picked":["Sword Boomerang","Pummel"],"picked":"Headbutt","floor":2},{"not_picked":["Disarm","Body Slam"],"picked":"Cleave","floor":4},{"not_picked":["Warcry","Evolve"],"picked":"Iron Wave","floor":6},{"not_picked":["Clash","Perfected Strike"],"picked":"Anger","floor":7},{"not_picked":["Shrug It Off","Seeing Red"],"picked":"Second Wind","floor":10},{"not_picked":["Impervious","Shrug It Off"],"picked":"Metallicize","floor":13},{"not_picked":["Dark Embrace","Berserk"],"picked":"Reaper","floor":16},{"not_picked":["Anger","Flex"],"picked":"Feel No Pain","floor":18},{"not_picked":["Heavy Blade+1","Flex"],"picked":"Thunderclap","floor":20},{"not_picked":["Hemokinesis","Sever Soul"],"picked":"Dual Wield","floor":21}],"player_experience":407449,"relics_obtained":[{"floor":6,"key":"Strawberry"},{"floor":9,"key":"Art of War"},{"floor":10,"key":"Red Skull"},{"floor":13,"key":"StoneCalendar"},{"floor":14,"key":"Bronze Scales"}],"event_choices":[{"damage_healed":0,"gold_gain":0,"player_choice":"Donut","damage_taken":0,"max_hp_gain":5,"max_hp_loss":0,"event_name":"Big Fish","floor":12,"gold_loss":0},{"damage_healed":0,"gold_gain":0,"player_choice":"Became a vampire","damage_taken":0,"max_hp_gain":0,"max_hp_loss":28,"event_name":"Vampires","floor":22,"gold_loss":0,"cards_obtained":["Bite","Bite","Bite","Bite","Bite"]}],"is_beta":false,"boss_relics":[{"not_picked":["Busted Crown","Eternal Feather"],"picked":"Runic Cube"}],"items_purged_floors":[],"is_endless":false,"potions_floor_spawned":[2,7,16,18,20],"killed_by":"Slavers","ascension_level":18}