{"gold_per_floor":[113,63,63,83,97,97,122,74,74,85,98,115,133,147,147,222,222,234,234],"floor_reached":19,"playtime":909,"items_purged":[],"score":294,"play_id":"79722c2f-3328-48af-996b-ee1a464767b5","local_time":"20190205182724","is_ascension_mode":true,"campfire_choices":[{"data":"True Grit","floor":6.0,"key":"SMITH"},{"data":"Uppercut","floor":15.0,"key":"SMITH"}],"neow_cost":"NONE","seed_source_timestamp":14076723042336258,"circlet_count":0,"master_deck":["AscendersBane","Strike_R","Strike_R","Strike_R","Strike_R","Defend_R","Defend_R","Defend_R","Bash","Spot Weakness","Uppercut+1","True Grit+1","Dropkick","Ghostly Armor","Iron Wave","Sentinel","Cleave"],"special_seed":0,"relics":["Burning Blood","Shuriken","Ancient Tea Set","Fusion Hammer"],"potions_floor_usage":[],"damage_taken":[{"damage":7.0,"enemies":"Small Slimes","floor":1.0,"turns":4.0},{"damage":13.0,"enemies":"Jaw Worm","floor":4.0,"turns":4.0},{"damage":1.0,"enemies":"Cultist","floor":5.0,"turns":3.0},{"damage":36.0,"enemies":"Gremlin Nob","floor":7.0,"turns":5.0},{"damage":8.0,"enemies":"Blue Slaver","floor":10.0,"turns":3.0},{"damage":0.0,"enemies":"Exordium Thugs","floor":11.0,"turns":3.0},{"damage":0.0,"enemies":"2 Fungi Beasts","floor":12.0,"turns":4.0},{"damage":11.0,"enemies":"Blue Slaver","floor":13.0,"turns":5.0},{"damage":14.0,"enemies":"Looter","floor":14.0,"turns":3.0},{"damage":17,"enemies":"The Guardian","floor":16,"turns":13},{"damage":40,"enemies":"3 Byrds","floor":18,"turns":7},{"damage":41,"enemies":"Spheric Guardian","floor":19,"turns":5}],"seed_played":"5758509188122485033","potions_obtained":[{"floor":7.0,"key":"Explosive Potion"},{"floor":10.0,"key":"Fire Potion"},{"floor":11.0,"key":"Regen Potion"},{"floor":13.0,"key":"Swift Potion"}],"is_trial":false,"path_per_floor":["M","?","$","M","M","R","E","?","T","M","M","M","M","M","R","B",null,"M","M"],"character_chosen":"IRONCLAD","items_purchased":[],"campfire_rested":0,"item_purchase_floors":[],"current_hp_per_floor":[67,67,67,60,65,65,35,35,35,33,39,57,52,44,44,33,65,31,0],"gold":234,"neow_bonus":"TRANSFORM_CARD","is_prod":false,"is_daily":false,"chose_seed":false,"campfire_upgraded":2,"win_rate":0,"timestamp":1549387644,"path_taken":["M","?","$","M","M","R","E","?","T","M","M","M","M","M","R","BOSS","M","M"],"build_version":"2019-01-23","purchased_purges":0,"victory":false,"max_hp_per_floor":[75,75,75,75,75,75,75,75,75,75,75,75,75,75,75,75,75,75,75],"card_choices":[{"not_picked":["Thunderclap","Headbutt"],"picked":"Uppercut","floor":1.0},{"not_picked":["Corruption","Thunderclap","Anger"],"picked":"SKIP","floor":4.0},{"not_picked":["Havoc","Twin Strike"],"picked":"True Grit","floor":5.0},{"not_picked":["Pummel","Flex"],"picked":"Dropkick","floor":7.0},{"not_picked":["Searing Blow","Combust"],"picked":"Ghostly Armor","floor":10.0},{"not_picked":["Brutality","Cleave"],"picked":"Iron Wave","floor":11.0},{"not_picked":["Heavy Blade","Anger","Clothesline"],"picked":"SKIP","floor":12.0},{"not_picked":["True Grit","Shrug It Off"],"picked":"Sentinel","floor":13.0},{"not_picked":["Spot Weakness","Clash","Disarm"],"picked":"SKIP","floor":14.0},{"not_picked":["Clash","Ghostly Armor"],"picked":"Cleave","floor":18}],"player_experience":349639,"relics_obtained":[{"floor":7.0,"key":"Shuriken"},{"floor":9.0,"key":"Ancient Tea Set"}],"event_choices":[{"cards_removed":["Defend_R"],"damage_healed":0.0,"max_hp_gain":0.0,"max_hp_loss":0.0,"gold_gain":0.0,"event_name":"The Cleric","player_choice":"Card Removal","floor":2.0,"gold_loss":50.0,"damage_taken":0.0},{"damage_healed":0.0,"max_hp_gain":0.0,"max_hp_loss":0.0,"gold_gain":0.0,"event_name":"World of Goop","player_choice":"Left Gold","floor":8.0,"gold_loss":48.0,"damage_taken":0.0}],"is_beta":false,"boss_relics":[{"not_picked":["Coffee Dripper","Runic Pyramid"],"picked":"Fusion Hammer"}],"items_purged_floors":[],"is_endless":false,"potions_floor_spawned":[7,10,11,13],"killed_by":"Spheric Guardian","ascension_level":14}