{"path_per_floor":["M","?","?","M","M","R","E","M","T","M","R","M","E","M","R","B",null,"M","?","M","?","M","R"],"character_chosen":"THE_SILENT","items_purchased":[],"gold_per_floor":[11,11,111,131,144,144,179,193,193,211,211,230,259,270,270,372,372,382,382,399,399,409,409,409],"floor_reached":24,"campfire_rested":2,"playtime":1203,"current_hp_per_floor":[67,70,70,70,66,66,38,32,32,32,53,48,38,38,59,38,70,63,49,45,45,34,34,0],"items_purged":[],"gold":409,"score":267,"play_id":"e405b318-6c37-4eff-bde8-8124f9359e02","local_time":"20180509171426","is_prod":false,"is_daily":false,"chose_seed":false,"is_ascension_mode":true,"campfire_upgraded":2,"timestamp":1525878866,"path_taken":["M","?","?","M","M","R","E","M","T","M","R","M","E","?","R","BOSS","M","?","?","?","M","R","E"],"build_version":"2018-05-03","seed_source_timestamp":0,"purchased_purges":0,"victory":false,"master_deck":["Survivor","Neutralize","Flying Knee","Sucker Punch+1","Outmaneuver","Distraction","Expertise","Dash","Dash","Well Laid Plans","Unload+1","Acrobatics","Infinite Blades","Predator","Dagger Throw","Reflex","Deflect","Sucker Punch","Backstab","Malaise","Bite","Bite","Bite","Bite","Bite","Heel Hook+1","Dagger Throw+1"],"max_hp_per_floor":[70,70,70,70,70,70,70,70,70,70,70,70,70,70,70,70,70,70,49,49,49,49,49,49],"relics":["Ring of the Snake","Pen Nib","Gremlin Horn","Kunai","Pandora\u0027s Box"],"card_choices":[{"not_picked":["Quick Slash","Prepared"],"picked":"Deadly Poison","floor":1.0},{"not_picked":["Choke","Prepared"],"picked":"Flying Knee","floor":4.0},{"not_picked":["Flechettes","Poisoned Stab"],"picked":"Sucker Punch","floor":5.0},{"not_picked":["Malaise","Expertise"],"picked":"Outmaneuver","floor":7.0},{"not_picked":["Expertise","Slice"],"picked":"Distraction","floor":8.0},{"not_picked":["Deadly Poison","Bouncing Flask"],"picked":"Expertise","floor":10.0},{"not_picked":["Malaise","Quick Slash"],"picked":"Dash","floor":12.0},{"not_picked":["Outmaneuver","Footwork"],"picked":"Dash","floor":13.0},{"not_picked":["All Out Attack","Concentrate"],"picked":"Well Laid Plans","floor":14.0},{"not_picked":["Corpse Explosion","After Image"],"picked":"Unload","floor":16.0},{"not_picked":["Dodge and Roll","Deadly Poison"],"picked":"Malaise","floor":18.0},{"not_picked":["Finisher","Skewer"],"picked":"Heel Hook","floor":20.0},{"not_picked":["Dagger Spray","Bane"],"picked":"Dagger Throw","floor":22}],"player_experience":430369,"potions_floor_usage":[22],"damage_taken":[{"damage":3.0,"enemies":"Small Slimes","floor":1.0,"turns":5.0},{"damage":0.0,"enemies":"Cultist","floor":4.0,"turns":5.0},{"damage":4.0,"enemies":"2 Louse","floor":5.0,"turns":3.0},{"damage":28.0,"enemies":"Gremlin Nob","floor":7.0,"turns":5.0},{"damage":6.0,"enemies":"Blue Slaver","floor":8.0,"turns":4.0},{"damage":0.0,"enemies":"Gremlin Gang","floor":10.0,"turns":1.0},{"damage":5.0,"enemies":"Exordium Thugs","floor":12.0,"turns":4.0},{"damage":10.0,"enemies":"3 Sentries","floor":13.0,"turns":7.0},{"damage":0.0,"enemies":"Lots of Slimes","floor":14.0,"turns":4.0},{"damage":21.0,"enemies":"Slime Boss","floor":16.0,"turns":12.0},{"damage":7.0,"enemies":"2 Thieves","floor":18.0,"turns":4.0},{"damage":6.0,"enemies":"Spheric Guardian","floor":20.0,"turns":3.0},{"damage":21,"enemies":"Centurion and Healer","floor":22,"turns":4},{"damage":59,"enemies":"Book of Stabbing","floor":24,"turns":5}],"event_choices":[{"event_name":"Bonfire Elementals","player_choice":"COMMON","floor":2.0,"damage_taken":0.0},{"event_name":"Golden Shrine","player_choice":"Pray","floor":3.0,"damage_taken":0.0},{"event_name":"Vampires","player_choice":"Became a vampire","floor":19.0,"damage_taken":0.0},{"event_name":"Ghosts","player_choice":"Ignored","floor":21.0,"damage_taken":0.0}],"boss_relics":[],"potions_floor_spawned":[4,8,10,12,16,20],"seed_played":"7730545540027052475","killed_by":"Book of Stabbing","ascension_level":3,"is_trial":false}