{"gold_per_floor":[112,82,99,73,73,107,123,140,140,173,192,207,382,53,53,53],"floor_reached":16,"playtime":583,"items_purged":["Doubt"],"score":206,"play_id":"d558e777-d040-44c3-8f0b-baf43d6020c9","local_time":"20181129094723","is_ascension_mode":true,"campfire_choices":[{"floor":15,"key":"REST"}],"neow_cost":"NONE","seed_source_timestamp":994819697267361,"circlet_count":0,"master_deck":["AscendersBane","Defend_G","Defend_G","Defend_G","Defend_G","Defend_G","Strike_G","Strike_G","Strike_G","Strike_G","Survivor","Neutralize","Heel Hook","Escape Plan","Slice","Terror","Dodge and Roll","Escape Plan","Tools of the Trade","Escape Plan"],"relics":["Ring of the Snake","NeowsBlessing","Darkstone Periapt","Molten Egg 2","Singing Bowl","Blue Candle"],"potions_floor_usage":[10,10,16],"damage_taken":[{"damage":0,"enemies":"2 Louse","floor":1,"turns":1},{"damage":0,"enemies":"Cultist","floor":3,"turns":1},{"damage":0,"enemies":"Gremlin Nob","floor":6,"turns":1},{"damage":0,"enemies":"Small Slimes","floor":7,"turns":4},{"damage":0,"enemies":"Red Slaver","floor":8,"turns":4},{"damage":21,"enemies":"Lagavulin","floor":10,"turns":5},{"damage":13,"enemies":"3 Louse","floor":11,"turns":6},{"damage":8,"enemies":"Exordium Thugs","floor":12,"turns":7},{"damage":52,"enemies":"The Guardian","floor":16,"turns":19}],"seed_played":"-1719812735995746128","potions_obtained":[{"floor":1,"key":"AttackPotion"},{"floor":2,"key":"GhostInAJar"},{"floor":2,"key":"SpeedPotion"},{"floor":6,"key":"SkillPotion"},{"floor":10,"key":"Energy Potion"}],"is_trial":false,"path_per_floor":["M","?","M","$","?","E","M","M","T","E","M","M","?","$","R","B"],"character_chosen":"THE_SILENT","items_purchased":["Slice","Blue Candle"],"campfire_rested":1,"item_purchase_floors":[4,14],"current_hp_per_floor":[63,63,63,63,63,63,63,63,63,42,29,23,29,29,52,0],"gold":53,"neow_bonus":"THREE_ENEMY_KILL","is_prod":false,"is_daily":false,"chose_seed":false,"campfire_upgraded":0,"win_rate":0,"timestamp":1543481243,"path_taken":["M","?","?","$","?","E","M","M","T","E","M","?","?","?","R","BOSS"],"build_version":"2018-11-15","purchased_purges":1,"victory":false,"max_hp_per_floor":[70,70,70,70,70,70,70,70,70,70,70,72,78,78,78,78],"card_choices":[{"not_picked":["Dagger Spray","Tactician"],"picked":"Heel Hook","floor":1},{"not_picked":["Blade Dance","Underhanded Strike"],"picked":"Escape Plan","floor":3},{"not_picked":["Riddle With Holes","Expertise"],"picked":"Terror","floor":6},{"not_picked":["Cloak And Dagger","Bane"],"picked":"Dodge and Roll","floor":7},{"not_picked":["Eviscerate","Storm of Steel"],"picked":"Escape Plan","floor":8},{"not_picked":["PiercingWail","Cloak And Dagger"],"picked":"Tools of the Trade","floor":10},{"not_picked":["Endless Agony+1","Setup"],"picked":"Escape Plan","floor":11},{"not_picked":["Slice+1","Poisoned Stab+1","Tactician"],"picked":"Singing Bowl","floor":12}],"player_experience":1385812,"relics_obtained":[{"floor":6,"key":"Darkstone Periapt"},{"floor":9,"key":"Molten Egg 2"},{"floor":10,"key":"Singing Bowl"}],"event_choices":[{"damage_healed":0,"gold_gain":0,"player_choice":"Bought 2 Potions","damage_taken":0,"max_hp_gain":0,"max_hp_loss":0,"event_name":"The Woman in Blue","floor":2,"gold_loss":0},{"cards_removed":["Strike_G"],"damage_healed":0,"gold_gain":0,"player_choice":"Offered Basic","damage_taken":0,"max_hp_gain":0,"max_hp_loss":0,"event_name":"Bonfire Elementals","floor":5,"gold_loss":0},{"damage_healed":0,"gold_gain":175,"player_choice":"AGREE","damage_taken":0,"max_hp_gain":0,"max_hp_loss":0,"event_name":"Liars Game","floor":13,"gold_loss":0,"cards_obtained":["Doubt"]}],"is_beta":false,"boss_relics":[],"items_purged_floors":[14],"is_endless":false,"potions_floor_spawned":[1,6,8,10],"killed_by":"The Guardian","ascension_level":10}