{"gold_per_floor":[109,120,195,195,145,145,170,97,122,122,140,140,156,55,55,55],"floor_reached":16,"playtime":885,"items_purged":["Strike_R","Defend_R","Defend_R"],"score":132,"play_id":"6633e920-0916-48e5-8209-b6bbdef9e57a","local_time":"20190115191542","is_ascension_mode":true,"campfire_choices":[{"floor":6,"key":"REST"},{"floor":10,"key":"REST"},{"data":"Infernal Blade","floor":15,"key":"SMITH"}],"neow_cost":"NONE","seed_source_timestamp":12265275572892770,"circlet_count":0,"master_deck":["Strike_R","Strike_R","Strike_R","Defend_R","Defend_R","Bash","Infernal Blade+1","Cleave","Iron Wave","Shrug It Off"],"relics":["Burning Blood","Smiling Mask","Kunai","Ancient Tea Set"],"potions_floor_usage":[16,16],"damage_taken":[{"damage":18,"enemies":"Jaw Worm","floor":1,"turns":4},{"damage":11,"enemies":"2 Louse","floor":2,"turns":2},{"damage":35,"enemies":"3 Sentries","floor":7,"turns":11},{"damage":0,"enemies":"Cultist","floor":11,"turns":3},{"damage":6,"enemies":"Looter","floor":13,"turns":3},{"damage":78,"enemies":"Hexaghost","floor":16,"turns":14}],"seed_played":"8541381506801739800","potions_obtained":[{"floor":1,"key":"AttackPotion"},{"floor":2,"key":"Fire Potion"},{"floor":13,"key":"FairyPotion"}],"is_trial":false,"path_per_floor":["M","M","?","?","$","R","E","$","T","R","M","?","M","$","R","B"],"character_chosen":"IRONCLAD","items_purchased":["Iron Wave","Shrug It Off"],"campfire_rested":2,"item_purchase_floors":[8,14],"current_hp_per_floor":[60,55,44,44,44,68,39,39,39,63,69,69,69,69,69,0],"gold":55,"neow_bonus":"RANDOM_COMMON_RELIC","is_prod":false,"is_daily":false,"chose_seed":false,"campfire_upgraded":1,"win_rate":0,"timestamp":1547576142,"path_taken":["M","M","?","?","$","R","E","$","T","R","M","?","M","$","R","BOSS"],"build_version":"2019-01-10","purchased_purges":3,"victory":false,"max_hp_per_floor":[80,80,80,80,80,80,80,80,80,80,80,80,80,80,80,80],"card_choices":[{"not_picked":["Corruption","Dual Wield"],"picked":"Infernal Blade","floor":1},{"not_picked":["Clash","Thunderclap","Twin Strike"],"picked":"SKIP","floor":2},{"not_picked":["Sentinel","Headbutt"],"picked":"Cleave","floor":7},{"not_picked":["Havoc","Warcry","Clash"],"picked":"SKIP","floor":11},{"not_picked":["Whirlwind","Twin Strike","Blood for Blood"],"picked":"SKIP","floor":13}],"player_experience":239457,"relics_obtained":[{"floor":7,"key":"Kunai"},{"floor":9,"key":"Ancient Tea Set"}],"event_choices":[{"damage_healed":0,"gold_gain":75,"player_choice":"Gather Gold","damage_taken":11,"max_hp_gain":0,"max_hp_loss":0,"event_name":"World of Goop","floor":3,"gold_loss":0},{"damage_healed":0,"gold_gain":0,"player_choice":"Ignored","damage_taken":0,"max_hp_gain":0,"max_hp_loss":0,"event_name":"Liars Game","floor":4,"gold_loss":0},{"cards_removed":["Strike_R"],"damage_healed":0,"gold_gain":0,"player_choice":"Purged","damage_taken":0,"max_hp_gain":0,"max_hp_loss":0,"event_name":"Purifier","floor":12,"gold_loss":0}],"is_beta":false,"boss_relics":[],"items_purged_floors":[5,8,14],"is_endless":false,"potions_floor_spawned":[1,2,13],"killed_by":"Hexaghost","ascension_level":7}