{"gold_per_floor":[118,118,118,118,43,74,87,98,98,98,126,144,179,179,179,256,256,266,266,240,258,258,95,95,128,128,140,154,154,170,198,210,222],"floor_reached":33,"playtime":1180,"items_purged":["Regret"],"score":656,"play_id":"678d2be1-e988-4392-9031-583892b5f657","local_time":"20181205203953","is_ascension_mode":true,"campfire_choices":[{"data":"Zap","floor":15,"key":"SMITH"},{"floor":24,"key":"REST"},{"floor":29,"key":"REST"},{"floor":32,"key":"REST"}],"neow_cost":"NONE","seed_source_timestamp":193270005703031,"circlet_count":0,"master_deck":["AscendersBane","Strike_B","Strike_B","Defend_B","Defend_B","Defend_B","Defend_B","Zap+1","Dualcast","Gash","Hyperbeam+1","FTL","Gash","Biased Cognition+1","Steam","All For One","Steam Power","Fission","Skim","Leap","Reboot","Steam Power+1","Genetic Algorithm","BootSequence","Go for the Eyes"],"special_seed":0,"relics":["Cracked Core","NeowsBlessing","Frozen Egg 2","Pear","Anchor","Dodecahedron","Fusion Hammer","Kunai","Bronze Scales","Lantern","PreservedInsect","MawBank"],"potions_floor_usage":[12,25,30],"damage_taken":[{"damage":0.0,"enemies":"Small Slimes","floor":1.0,"turns":1.0},{"damage":0,"enemies":"Lagavulin","floor":6,"turns":1},{"damage":0,"enemies":"Cultist","floor":7,"turns":1},{"damage":3,"enemies":"2 Louse","floor":8,"turns":2},{"damage":10,"enemies":"3 Sentries","floor":11,"turns":3},{"damage":0,"enemies":"Gremlin Gang","floor":12,"turns":2},{"damage":19,"enemies":"Lagavulin","floor":13,"turns":6},{"damage":10,"enemies":"Slime Boss","floor":16,"turns":5},{"damage":12,"enemies":"3 Byrds","floor":18,"turns":3},{"damage":0,"enemies":"2 Thieves","floor":21,"turns":2},{"damage":21,"enemies":"Gremlin Leader","floor":25,"turns":5},{"damage":7,"enemies":"Centurion and Healer","floor":27,"turns":2},{"damage":37,"enemies":"Shelled Parasite and Fungi","floor":28,"turns":6},{"damage":11,"enemies":"Snake Plant","floor":30,"turns":4},{"damage":17,"enemies":"Book of Stabbing","floor":31,"turns":3},{"damage":52,"enemies":"Automaton","floor":33,"turns":8}],"seed_played":"-1668454829283253253","potions_obtained":[{"floor":1.0,"key":"FearPotion"},{"floor":6,"key":"FocusPotion"},{"floor":11,"key":"PowerPotion"},{"floor":12,"key":"Fruit Juice"},{"floor":21,"key":"Regen Potion"},{"floor":27,"key":"Block Potion"}],"is_trial":false,"path_per_floor":["M","?","?","?","$","E","M","M","T","?","E","M","E","?","R","B",null,"M","T","$","M","?","$","R","E","T","M","M","R","M","E","R","B"],"character_chosen":"DEFECT","items_purchased":["Leap","Bronze Scales"],"campfire_rested":3,"item_purchase_floors":[20,23],"current_hp_per_floor":[64,57,57,57,57,67,67,64,64,64,54,59,40,40,40,30,72,60,60,60,60,60,60,85,73,73,66,29,54,43,26,51,0],"gold":222,"neow_bonus":"THREE_ENEMY_KILL","is_prod":false,"is_daily":false,"chose_seed":false,"campfire_upgraded":1,"win_rate":0,"timestamp":1544060393,"path_taken":["M","?","?","?","$","E","?","M","T","?","E","?","E","?","R","BOSS","M","?","$","M","?","?","R","E","T","?","M","R","M","E","R","BOSS"],"build_version":"2018-12-05","purchased_purges":1,"victory":false,"max_hp_per_floor":[71,71,71,71,71,81,81,81,81,81,81,86,86,86,86,86,86,86,86,86,86,86,86,86,86,86,86,86,86,86,86,86,86],"card_choices":[{"not_picked":["Hello World","Barrage"],"picked":"Gash","floor":1.0},{"not_picked":["Go for the Eyes","Coolheaded"],"picked":"Gash","floor":6},{"not_picked":["Go for the Eyes","Hologram"],"picked":"Biased Cognition+1","floor":7},{"not_picked":["Redo","Doom and Gloom"],"picked":"Steam","floor":8},{"not_picked":["Darkness","Double Energy","Lockon"],"picked":"SKIP","floor":11},{"not_picked":["Leap","Gash"],"picked":"All For One","floor":12},{"not_picked":["Skim","Scrape"],"picked":"Steam Power","floor":13},{"not_picked":["Rainbow","Hyperbeam"],"picked":"Fission","floor":16},{"not_picked":["Leap","Conserve Battery"],"picked":"Skim","floor":18},{"not_picked":["Redo+1","Beam Cell","Coolheaded"],"picked":"SKIP","floor":21},{"not_picked":["Hologram","Doom and Gloom+1"],"picked":"Steam Power+1","floor":25},{"not_picked":["Auto Shields","Coolheaded"],"picked":"Genetic Algorithm","floor":27},{"not_picked":["Stack","Melter+1","Conserve Battery"],"picked":"SKIP","floor":28},{"not_picked":["Force Field","Aggregate"],"picked":"BootSequence","floor":30},{"not_picked":["Turbo","Heatsinks+1"],"picked":"Go for the Eyes","floor":31}],"player_experience":1185938,"relics_obtained":[{"floor":6,"key":"Pear"},{"floor":11,"key":"Anchor"},{"floor":13,"key":"Dodecahedron"},{"floor":19,"key":"Kunai"},{"floor":25,"key":"Lantern"},{"floor":26,"key":"PreservedInsect"},{"floor":31,"key":"MawBank"}],"event_choices":[{"cards_removed":["Strike_B"],"damage_healed":0.0,"max_hp_gain":0.0,"max_hp_loss":0.0,"gold_gain":0.0,"event_name":"Golden Wing","player_choice":"Card Removal","floor":2.0,"gold_loss":0.0,"damage_taken":7.0},{"damage_healed":0.0,"max_hp_gain":0.0,"max_hp_loss":0.0,"gold_gain":0.0,"event_name":"Big Fish","player_choice":"Box","floor":3.0,"gold_loss":0.0,"damage_taken":0.0,"relics_obtained":["Frozen Egg 2"],"cards_obtained":["Regret"]},{"damage_healed":0,"gold_gain":0,"player_choice":"2 cards matched","damage_taken":0,"max_hp_gain":0,"max_hp_loss":0,"event_name":"Match and Keep!","floor":4,"gold_loss":0,"cards_obtained":["Hyperbeam","FTL"]},{"damage_healed":0,"gold_gain":0,"player_choice":"Upgraded","damage_taken":0,"max_hp_gain":0,"max_hp_loss":0,"event_name":"Upgrade Shrine","floor":10,"gold_loss":0,"cards_upgraded":["Hyperbeam"]},{"cards_removed":["Strike_B"],"damage_healed":0,"gold_gain":0,"player_choice":"Purged","damage_taken":0,"max_hp_gain":0,"max_hp_loss":0,"event_name":"Purifier","floor":14,"gold_loss":0},{"damage_healed":0,"gold_gain":0,"player_choice":"Read","damage_taken":0,"max_hp_gain":0,"max_hp_loss":0,"event_name":"The Library","floor":22,"gold_loss":0,"cards_obtained":["Reboot"]}],"is_beta":true,"boss_relics":[{"not_picked":["Coffee Dripper","Ectoplasm"],"picked":"Fusion Hammer"}],"items_purged_floors":[5],"is_endless":false,"potions_floor_spawned":[1,6,11,12,21,27,28],"killed_by":"Automaton","ascension_level":20}