{"path_per_floor":["M","?","?","$","?","R","?","E","T","R","T","E","M","?","R","B",null,"M","?","?","$","M","E","R","M","T","E","R","?"],"character_chosen":"DEFECT","items_purchased":["DataDisk","Bronze Scales","Capacitor+1"],"gold_per_floor":[111,111,111,36,36,36,93,128,128,128,128,158,175,140,140,235,235,253,503,428,53,69,98,98,116,116,147,147,147,147],"floor_reached":30,"campfire_rested":3,"playtime":1052,"item_purchase_floors":[21,21,21],"current_hp_per_floor":[75,85,68,68,68,68,46,32,32,57,57,51,51,72,72,72,82,80,80,80,80,71,28,53,41,48,16,43,43,41],"items_purged":["Normality"],"gold":147,"score":425,"play_id":"3f0ff5a6-5d56-4baa-9adf-ee3b6853e73f","local_time":"20180619113744","is_prod":false,"is_daily":false,"chose_seed":false,"is_ascension_mode":true,"campfire_upgraded":2,"win_rate":0,"timestamp":1529401064,"campfire_choices":[{"data":"Ball Lightning","floor":6.0,"key":"SMITH"},{"floor":10.0,"key":"REST"},{"data":"Glacier","floor":15.0,"key":"SMITH"},{"floor":24,"key":"REST"},{"floor":28,"key":"REST"}],"path_taken":["M","?","?","$","?","R","?","E","T","R","?","E","?","?","R","BOSS","BOSS","M","?","?","$","M","E","R","M","T","E","R","?","E"],"build_version":"2018-06-14v2","seed_source_timestamp":495760564422266,"purchased_purges":1,"victory":false,"master_deck":["Defend_B","Defend_B","Defend_B","Defend_B+1","Zap","Dualcast+1","Machine Learning","Ball Lightning+1","Streamline","Cold Snap","Glacier+1","Rebound","Creative AI+1","Reprogram+1","Capacitor+1","Redo+1","Melter+1","Streamline+1","FTL","Bite","Bite","Bite","Bite","Bite"],"max_hp_per_floor":[75,85,85,85,85,85,85,85,85,85,85,85,85,85,85,85,85,85,85,85,85,85,85,85,85,92,92,92,64,64],"special_seed":0,"relics":["Cracked Core","Pear","Centennial Puzzle","Toolbox","Letter Opener","Frozen Egg 2","Oddly Smooth Stone","Lizard Tail","DataDisk","Bronze Scales","Ice Cream","Strawberry","Du-Vu Doll"],"card_choices":[{"not_picked":["All For One","Thunder Strike"],"picked":"Machine Learning","floor":0.0},{"not_picked":["Barrage","Coolheaded"],"picked":"Ball Lightning","floor":1.0},{"not_picked":["Skim","Coolheaded"],"picked":"Streamline","floor":7.0},{"not_picked":["Turbo","Double Energy"],"picked":"Cold Snap","floor":8.0},{"not_picked":["Melter","Hologram"],"picked":"Glacier","floor":12.0},{"not_picked":["Streamline","Sunder"],"picked":"Rebound","floor":13.0},{"not_picked":["Reboot","Thunder Strike"],"picked":"Creative AI+1","floor":16},{"not_picked":["Redo","Turbo+1"],"picked":"Reprogram+1","floor":18},{"not_picked":["Compile Driver+1","Beam Cell+1"],"picked":"Redo+1","floor":22},{"not_picked":["Rip and Tear","Seek"],"picked":"Melter+1","floor":23},{"not_picked":["Darkness","Stack"],"picked":"Streamline+1","floor":25},{"not_picked":["Rip and Tear","Self Repair+1"],"picked":"FTL","floor":27}],"player_experience":755654,"potions_floor_usage":[27,27,27,30],"damage_taken":[{"damage":0.0,"enemies":"Small Slimes","floor":1.0,"turns":3.0},{"damage":22.0,"enemies":"3 Sentries","floor":7.0,"turns":5.0},{"damage":14.0,"enemies":"3 Sentries","floor":8.0,"turns":5.0},{"damage":6.0,"enemies":"Gremlin Nob","floor":12.0,"turns":3.0},{"damage":0.0,"enemies":"2 Louse","floor":13.0,"turns":1.0},{"damage":0.0,"enemies":"Slime Boss","floor":16.0,"turns":8.0},{"damage":2,"enemies":"Shell Parasite","floor":18,"turns":6},{"damage":9,"enemies":"Chosen","floor":22,"turns":3},{"damage":43,"enemies":"Book of Stabbing","floor":23,"turns":5},{"damage":12,"enemies":"Snake Plant","floor":25,"turns":2},{"damage":32,"enemies":"Slavers","floor":27,"turns":4},{"damage":2,"enemies":"Book of Stabbing","floor":30,"turns":2}],"relics_obtained":[{"floor":8.0,"key":"Toolbox"},{"floor":9.0,"key":"Letter Opener"},{"floor":11.0,"key":"Frozen Egg 2"},{"floor":12.0,"key":"Oddly Smooth Stone"},{"floor":23,"key":"Ice Cream"},{"floor":26,"key":"Strawberry"},{"floor":27,"key":"Du-Vu Doll"}],"event_choices":[{"event_name":"Big Fish","player_choice":"Box","floor":2.0,"damage_taken":0.0},{"event_name":"Shining Light","player_choice":"Entered Light","floor":3.0,"damage_taken":0.0},{"event_name":"Living Wall","player_choice":"Forget","floor":5.0,"damage_taken":0.0},{"event_name":"Dead Adventurer","player_choice":"Searched \u00272\u0027 times","floor":7.0,"damage_taken":0.0},{"event_name":"The Cleric","player_choice":"Healed","floor":14.0,"damage_taken":0.0},{"event_name":"Golden Shrine","player_choice":"Desecrate","floor":19,"damage_taken":0},{"event_name":"Beggar","player_choice":"Gave Gold","floor":20,"damage_taken":0},{"event_name":"Vampires","player_choice":"Became a vampire","floor":29,"damage_taken":0}],"boss_relics":[{"not_picked":["Snecko Eye","Philosopher\u0027s Stone"],"picked":"Lizard Tail"}],"items_purged_floors":[],"is_endless":false,"potions_floor_spawned":[1,7,8,12,18,23,27],"seed_played":"-3088376439590523673","killed_by":"Book of Stabbing","ascension_level":5,"potions_obtained":[{"floor":1.0,"key":"AttackPotion"},{"floor":7.0,"key":"Poison Potion"},{"floor":8.0,"key":"SneckoOil"},{"floor":12.0,"key":"LiquidBronze"},{"floor":18,"key":"SteroidPotion"},{"floor":23,"key":"Block Potion"},{"floor":27,"key":"AttackPotion"}],"is_trial":false}