{"gold_per_floor":[113,113,28,28,48,77,91,91,91,119,84,110,110],"floor_reached":13,"playtime":363,"items_purged":[],"score":252,"play_id":"0ebed98e-3b62-4260-90f0-cf43d7657363","local_time":"20181030131102","is_ascension_mode":true,"campfire_choices":[{"data":"Neutralize","floor":8.0,"key":"SMITH"}],"neow_cost":"NONE","seed_source_timestamp":723891828426259,"circlet_count":0,"master_deck":["Defend_G","Defend_G","Defend_G","Defend_G","Defend_G+1","Strike_G","Strike_G+1","Strike_G","Strike_G","Strike_G","Survivor","Neutralize+1","AscendersBane","Dagger Throw","Noxious Fumes","Deadly Poison","Poisoned Stab","Unload","Footwork","Dagger Spray"],"special_seed":0,"relics":["Ring of the Snake","NeowsBlessing","Mummified Hand","Bottled Tornado","Bag of Marbles"],"potions_floor_usage":[12],"damage_taken":[{"damage":0.0,"enemies":"Jaw Worm","floor":1.0,"turns":1.0},{"damage":0.0,"enemies":"2 Louse","floor":5.0,"turns":1.0},{"damage":0.0,"enemies":"Gremlin Nob","floor":6.0,"turns":1.0},{"damage":0.0,"enemies":"Cultist","floor":7.0,"turns":3.0},{"damage":12,"enemies":"Lagavulin","floor":10,"turns":7},{"damage":24,"enemies":"Gremlin Nob","floor":12,"turns":4},{"damage":19,"enemies":"Exordium Thugs","floor":13,"turns":3}],"seed_played":"1685854490852410883","potions_obtained":[{"floor":5.0,"key":"GamblersBrew"},{"floor":6.0,"key":"Energy Potion"}],"is_trial":false,"path_per_floor":["M","?","$","$","M","E","M","R","T","E","?","E"],"character_chosen":"THE_SILENT","items_purchased":["Noxious Fumes"],"campfire_rested":0,"item_purchase_floors":[3],"current_hp_per_floor":[59,39,39,39,39,39,39,39,39,27,43,19,0],"gold":110,"neow_bonus":"THREE_ENEMY_KILL","is_prod":false,"is_daily":false,"chose_seed":false,"campfire_upgraded":1,"win_rate":0,"timestamp":1540919462,"path_taken":["M","?","?","$","M","E","M","R","T","E","?","E","?"],"build_version":"2018-10-25v2","purchased_purges":0,"victory":false,"max_hp_per_floor":[66,66,66,66,66,66,66,66,66,66,66,66,66],"card_choices":[{"not_picked":["Well Laid Plans","Blade Dance"],"picked":"Dagger Throw","floor":1.0},{"not_picked":["Dagger Spray","Blade Dance"],"picked":"Deadly Poison","floor":5.0},{"not_picked":["PiercingWail","Dagger Throw"],"picked":"Poisoned Stab","floor":6.0},{"not_picked":["Flying Knee","Blade Dance"],"picked":"Unload","floor":7.0},{"not_picked":["Terror","Underhanded Strike"],"picked":"Footwork","floor":10},{"not_picked":["Dagger Throw","Reflex"],"picked":"Dagger Spray","floor":12}],"player_experience":1106723,"relics_obtained":[{"floor":6.0,"key":"Mummified Hand"},{"floor":10,"key":"Bottled Tornado"},{"floor":12,"key":"Bag of Marbles"}],"event_choices":[{"damage_healed":0.0,"max_hp_gain":0.0,"max_hp_loss":0.0,"gold_gain":0.0,"event_name":"Shining Light","player_choice":"Entered Light","floor":2.0,"gold_loss":0.0,"damage_taken":20.0,"cards_upgraded":["Strike_G","Defend_G"]},{"damage_healed":16,"gold_gain":0,"player_choice":"Healed","damage_taken":0,"max_hp_gain":0,"max_hp_loss":0,"event_name":"The Cleric","floor":11,"gold_loss":35}],"is_beta":false,"boss_relics":[],"items_purged_floors":[],"is_endless":false,"potions_floor_spawned":[5,6,10],"killed_by":"Exordium Thugs","ascension_level":20}