{"gold_per_floor":[110,70,80,80,91,91,124,124,150,180,180,180,180,180,180,180],"floor_reached":16,"playtime":414,"items_purged":[],"score":201,"play_id":"2f7ec2f9-8219-49de-9040-01fb2e856f3d","local_time":"20190217185050","is_ascension_mode":true,"campfire_choices":[{"data":"Corruption","floor":6,"key":"SMITH"},{"floor":8,"key":"REST"},{"floor":11,"key":"REST"},{"data":"Inflame","floor":15,"key":"SMITH"}],"neow_cost":"NONE","seed_source_timestamp":15115453760609909,"circlet_count":0,"master_deck":["AscendersBane","Strike_R","Strike_R","Strike_R","Strike_R","Defend_R","Defend_R","Defend_R","Defend_R","Bash","Flex","Corruption+1","Shrug It Off","Infernal Blade","Armaments","Inflame+1","Bludgeon"],"relics":["Burning Blood","NeowsBlessing","Boot","Omamori","Lantern","Kunai","Mango"],"potions_floor_usage":[7,10],"damage_taken":[{"damage":0,"enemies":"2 Louse","floor":1,"turns":1},{"damage":0,"enemies":"Jaw Worm","floor":3,"turns":1},{"damage":0,"enemies":"Small Slimes","floor":5,"turns":2},{"damage":52,"enemies":"Lagavulin","floor":7,"turns":10},{"damage":37,"enemies":"3 Sentries","floor":10,"turns":9},{"damage":69,"enemies":"The Guardian","floor":16,"turns":8}],"seed_played":"7267393989139482580","potions_obtained":[{"floor":5,"key":"BloodPotion"},{"floor":7,"key":"Fire Potion"}],"is_trial":false,"path_per_floor":["M","$","M","?","M","R","E","R","T","E","R","?","T","?","R","B"],"character_chosen":"IRONCLAD","items_purchased":["Corruption"],"campfire_rested":2,"item_purchase_floors":[2],"current_hp_per_floor":[74,74,75,80,80,80,42,66,66,35,59,59,59,68,68,0],"gold":180,"neow_bonus":"THREE_ENEMY_KILL","is_prod":false,"is_daily":false,"chose_seed":false,"campfire_upgraded":2,"win_rate":0,"timestamp":1550425850,"path_taken":["M","$","M","?","M","R","E","R","T","E","R","?","?","?","R","BOSS"],"build_version":"2019-01-23","purchased_purges":0,"victory":false,"max_hp_per_floor":[75,75,75,80,80,80,80,80,80,80,80,80,80,94,94,94],"card_choices":[{"not_picked":["Pummel","Anger"],"picked":"Flex","floor":1},{"not_picked":["Clothesline","Feel No Pain"],"picked":"Shrug It Off","floor":3},{"not_picked":["Flex","Wild Strike"],"picked":"Infernal Blade","floor":5},{"not_picked":["Clothesline","Warcry"],"picked":"Armaments","floor":7},{"not_picked":["Immolate","Battle Trance"],"picked":"Inflame","floor":10}],"player_experience":410601,"relics_obtained":[{"floor":7,"key":"Boot"},{"floor":9,"key":"Omamori"},{"floor":10,"key":"Lantern"},{"floor":13,"key":"Kunai"}],"event_choices":[{"damage_healed":0,"gold_gain":0,"player_choice":"Donut","damage_taken":0,"max_hp_gain":5,"max_hp_loss":0,"event_name":"Big Fish","floor":4,"gold_loss":0},{"damage_healed":0,"gold_gain":0,"cards_transformed":["Strike_R"],"player_choice":"Change","damage_taken":0,"max_hp_gain":0,"max_hp_loss":0,"event_name":"Living Wall","floor":12,"gold_loss":0,"cards_obtained":["Bludgeon"]},{"damage_healed":0,"gold_gain":0,"player_choice":"Success","damage_taken":5,"relics_obtained":["Mango"],"max_hp_gain":0,"max_hp_loss":0,"event_name":"Scrap Ooze","floor":14,"gold_loss":0}],"is_beta":false,"boss_relics":[],"items_purged_floors":[],"is_endless":false,"potions_floor_spawned":[5,7],"killed_by":"The Guardian","ascension_level":18}