{"path_per_floor":["M","?","$","M","$","E","R","M","T","E","?","M","E","M","R","B",null,"M","$","M","M","M","R","M","R","T","M"],"character_chosen":"DEFECT","items_purchased":["Coolheaded","Coolheaded","Strength Potion","Hello World","Thinking Ahead"],"gold_per_floor":[115,115,90,101,27,61,61,81,81,110,110,122,152,171,171,272,272,286,58,73,84,95,95,110,110,110,125,125],"floor_reached":28,"campfire_rested":2,"playtime":2361,"item_purchase_floors":[3,5,5,19,19],"current_hp_per_floor":[75,60,60,60,60,60,60,60,60,44,44,44,43,43,65,50,75,68,68,52,52,49,49,43,65,65,46,0],"items_purged":[],"gold":125,"score":294,"play_id":"beafb117-595d-4d51-be73-939546c55838","local_time":"20180605004144","is_prod":false,"is_daily":false,"chose_seed":false,"is_ascension_mode":true,"campfire_upgraded":2,"win_rate":0,"timestamp":1528152104,"campfire_choices":[{"data":"Darkness","floor":7,"key":"SMITH"},{"floor":15,"key":"REST"},{"data":"Undo","floor":23,"key":"SMITH"},{"floor":25,"key":"REST"}],"path_taken":["M","?","$","M","$","E","R","M","T","E","?","M","E","M","R","BOSS","M","$","M","?","M","R","M","R","T","M","M"],"build_version":"2018-05-31","seed_source_timestamp":158397825871278,"purchased_purges":0,"victory":false,"master_deck":["Zap","Dualcast+1","Heatsinks","Coolheaded","Darkness+1","Coolheaded","Conserve Battery","Aggregate","Defragment","Streamline","Seek","Auto Shields","Machine Learning","Ball Lightning","Sweeping Beam","Stack","Turbo","FTL","Conserve Battery","Tempest","BootSequence+1","Hello World","Thinking Ahead","Undo+1","Cold Snap","Coolheaded+1","Rebound","Stack+1"],"max_hp_per_floor":[75,75,75,75,75,75,75,75,75,75,75,75,75,75,75,75,75,75,75,75,75,75,75,75,75,75,75,75],"relics":["Cracked Core","NeowsBlessing","Toolbox","Meat on the Bone","Bottled Flame","Whetstone","Pandora\u0027s Box","Calipers"],"card_choices":[{"not_picked":["Conserve Battery","Reprogram"],"picked":"Heatsinks","floor":1},{"not_picked":["Barrage","Compile Driver"],"picked":"Darkness","floor":4},{"not_picked":["Reprogram","Stack"],"picked":"Conserve Battery","floor":6},{"not_picked":["Conserve Battery","Stack"],"picked":"Aggregate","floor":8},{"not_picked":["Sunder","Capacitor"],"picked":"Defragment","floor":10},{"not_picked":["Go for the Eyes","Coolheaded"],"picked":"Streamline","floor":12},{"not_picked":["Aggregate","Sweeping Beam"],"picked":"Seek","floor":13},{"not_picked":["Chaos","Stack"],"picked":"Auto Shields","floor":14},{"not_picked":["Seek","Thunder Strike"],"picked":"Machine Learning","floor":16},{"not_picked":["Steam","Beam Cell"],"picked":"BootSequence+1","floor":18},{"not_picked":["Coolheaded","Turbo"],"picked":"Undo","floor":20},{"not_picked":["Beam Cell","Go for the Eyes"],"picked":"Cold Snap","floor":21},{"not_picked":["Barrage+1","Cold Snap+1"],"picked":"Coolheaded+1","floor":22},{"not_picked":["Streamline","Hyperbeam"],"picked":"Rebound","floor":24},{"not_picked":["Skim","Cold Snap"],"picked":"Stack+1","floor":27}],"player_experience":581955,"potions_floor_usage":[10,10,14,21,21,22,27],"damage_taken":[{"damage":0,"enemies":"2 Louse","floor":1,"turns":1},{"damage":0,"enemies":"Jaw Worm","floor":4,"turns":1},{"damage":0,"enemies":"Lagavulin","floor":6,"turns":1},{"damage":0,"enemies":"Cultist","floor":8,"turns":3},{"damage":16,"enemies":"Gremlin Nob","floor":10,"turns":4},{"damage":0,"enemies":"Blue Slaver","floor":12,"turns":3},{"damage":13,"enemies":"Lagavulin","floor":13,"turns":5},{"damage":0,"enemies":"Lots of Slimes","floor":14,"turns":2},{"damage":15,"enemies":"Slime Boss","floor":16,"turns":8},{"damage":7,"enemies":"Spheric Guardian","floor":18,"turns":4},{"damage":16,"enemies":"Chosen","floor":20,"turns":5},{"damage":0,"enemies":"Snake Plant","floor":21,"turns":3},{"damage":3,"enemies":"3 Cultists","floor":22,"turns":5},{"damage":18,"enemies":"Cultist and Chosen","floor":24,"turns":6},{"damage":19,"enemies":"Sentry and Sphere","floor":27,"turns":5},{"damage":53,"enemies":"3 Cultists","floor":28,"turns":5}],"relics_obtained":[{"floor":6,"key":"Toolbox"},{"floor":9,"key":"Meat on the Bone"},{"floor":10,"key":"Bottled Flame"},{"floor":13,"key":"Whetstone"},{"floor":26,"key":"Calipers"}],"event_choices":[{"event_name":"Shining Light","player_choice":"Entered Light","floor":2,"damage_taken":0},{"event_name":"Wheel of Change","player_choice":"Card Removal","floor":11,"damage_taken":0}],"boss_relics":[{"not_picked":["Orrery","Cursed Key"],"picked":"Pandora\u0027s Box"}],"items_purged_floors":[],"potions_floor_spawned":[1,13,16,18,20,24,27],"seed_played":"-4727933524524647472","killed_by":"3 Cultists","ascension_level":2,"potions_obtained":[{"floor":1,"key":"PowerPotion"},{"floor":13,"key":"AttackPotion"},{"floor":16,"key":"FocusPotion"},{"floor":18,"key":"FearPotion"},{"floor":20,"key":"Fire Potion"},{"floor":24,"key":"PowerPotion"},{"floor":27,"key":"Dexterity Potion"}],"is_trial":false}