{"gold_per_floor":[113,124,24,24,24,53,53,53,53,69,81,81,114,114,114,114],"floor_reached":16,"playtime":706,"items_purged":["Strike_R"],"score":213,"play_id":"40a78577-bbea-4c3d-9fb7-175a4a56f815","local_time":"20190122202320","is_ascension_mode":true,"campfire_choices":[{"data":"Rage","floor":7,"key":"SMITH"},{"data":"Cleave","floor":12,"key":"SMITH"},{"data":"True Grit","floor":15,"key":"SMITH"}],"neow_cost":"NONE","seed_source_timestamp":12874312874836217,"circlet_count":0,"master_deck":["AscendersBane","Strike_R","Strike_R","Strike_R","Defend_R","Defend_R+1","Defend_R","Defend_R","Bash","Whirlwind","True Grit+1","Havoc+1","Rage+1","Cleave+1"],"relics":["Burning Blood","NeowsBlessing","PreservedInsect","Mango","Turnip","Darkstone Periapt"],"potions_floor_usage":[16],"damage_taken":[{"damage":0,"enemies":"Small Slimes","floor":1,"turns":1},{"damage":0,"enemies":"2 Louse","floor":2,"turns":1},{"damage":0,"enemies":"Lagavulin","floor":6,"turns":1},{"damage":2,"enemies":"Jaw Worm","floor":10,"turns":3},{"damage":13,"enemies":"Blue Slaver","floor":11,"turns":5},{"damage":8,"enemies":"3 Sentries","floor":13,"turns":3},{"damage":75,"enemies":"The Guardian","floor":16,"turns":13}],"seed_played":"-4798749381637634186","potions_obtained":[{"floor":1,"key":"SteroidPotion"},{"floor":10,"key":"SpeedPotion"},{"floor":13,"key":"Block Potion"}],"is_trial":false,"path_per_floor":["M","M","$","?","?","E","R","?","T","M","M","R","E","T","R","B"],"character_chosen":"IRONCLAD","items_purchased":["Havoc"],"campfire_rested":0,"item_purchase_floors":[3],"current_hp_per_floor":[78,80,80,80,80,80,80,64,78,82,75,75,73,73,73,0],"gold":114,"neow_bonus":"THREE_ENEMY_KILL","is_prod":false,"is_daily":false,"chose_seed":false,"campfire_upgraded":3,"win_rate":0,"timestamp":1548185000,"path_taken":["M","M","$","?","?","E","R","?","T","M","M","R","E","?","R","BOSS"],"build_version":"2019-01-17v2","purchased_purges":1,"victory":false,"max_hp_per_floor":[80,80,80,80,80,80,80,80,94,94,94,94,94,94,94,94],"card_choices":[{"not_picked":["Bloodletting","Headbutt"],"picked":"Whirlwind","floor":1},{"not_picked":["Evolve","Wild Strike"],"picked":"True Grit","floor":2},{"not_picked":["Shrug It Off","Flame Barrier"],"picked":"Cleave","floor":6},{"not_picked":["Perfected Strike","Thunderclap","Blood for Blood"],"picked":"SKIP","floor":10},{"not_picked":["Disarm","Twin Strike","Searing Blow"],"picked":"SKIP","floor":11},{"not_picked":["Cleave","Infernal Blade","Fiend Fire"],"picked":"SKIP","floor":13}],"player_experience":295946,"relics_obtained":[{"floor":6,"key":"PreservedInsect"},{"floor":9,"key":"Mango"},{"floor":13,"key":"Turnip"},{"floor":14,"key":"Darkstone Periapt"}],"event_choices":[{"damage_healed":0,"gold_gain":0,"cards_transformed":["Strike_R"],"player_choice":"Change","damage_taken":0,"max_hp_gain":0,"max_hp_loss":0,"event_name":"Living Wall","floor":4,"gold_loss":0,"cards_obtained":["Rage"]},{"damage_healed":0,"gold_gain":0,"player_choice":"Leave","damage_taken":0,"max_hp_gain":0,"max_hp_loss":0,"event_name":"The Cleric","floor":5,"gold_loss":0},{"damage_healed":0,"gold_gain":0,"player_choice":"Entered Light","damage_taken":16,"max_hp_gain":0,"max_hp_loss":0,"event_name":"Shining Light","floor":8,"gold_loss":0,"cards_upgraded":["Defend_R","Havoc"]}],"is_beta":false,"boss_relics":[],"items_purged_floors":[3],"is_endless":false,"potions_floor_spawned":[1,10,13],"killed_by":"The Guardian","ascension_level":12}