{"gold_per_floor":[117,192,210,23,23,23,49,49,74,74],"floor_reached":10,"playtime":279,"items_purged":["Normality"],"score":128,"play_id":"a354ce89-1134-4c0e-8b63-9b52693ba732","local_time":"20181102194050","is_ascension_mode":true,"campfire_choices":[{"data":"Clothesline","floor":6.0,"key":"SMITH"},{"data":"Flame Barrier","floor":8.0,"key":"SMITH"}],"neow_cost":"CURSE","seed_source_timestamp":135720836629041,"circlet_count":0,"master_deck":["AscendersBane","Strike_R","Strike_R","Strike_R","Strike_R","Strike_R","Defend_R","Defend_R","Defend_R","Defend_R","Bash","Armaments","Clothesline+1","Shrug It Off","Flame Barrier+1"],"special_seed":0,"relics":["Burning Blood","Calipers","Blood Vial","Juzu Bracelet"],"potions_floor_usage":[],"damage_taken":[{"damage":1.0,"enemies":"2 Louse","floor":1.0,"turns":4.0},{"damage":17.0,"enemies":"Small Slimes","floor":3.0,"turns":4.0},{"damage":35.0,"enemies":"3 Sentries","floor":7.0,"turns":8.0},{"damage":44,"enemies":"Lagavulin","floor":10,"turns":9}],"seed_played":"6765988343887530969","potions_obtained":[{"floor":3.0,"key":"BloodPotion"}],"is_trial":false,"path_per_floor":["M","?","M","$","?","R","E","R","T","E"],"character_chosen":"IRONCLAD","items_purchased":["Explosive Potion","Shrug It Off"],"campfire_rested":0,"item_purchase_floors":[4,4],"current_hp_per_floor":[73,62,51,51,51,51,29,29,29,0],"gold":74,"neow_bonus":"ONE_RARE_RELIC","is_prod":false,"is_daily":false,"chose_seed":false,"campfire_upgraded":2,"win_rate":0,"timestamp":1541202050,"path_taken":["M","?","M","$","?","R","E","R","T","E"],"build_version":"2018-11-01v2","purchased_purges":1,"victory":false,"max_hp_per_floor":[75,75,75,75,75,75,75,75,75,75],"card_choices":[{"not_picked":["Rage","Sentinel"],"picked":"Armaments","floor":1.0},{"not_picked":["Warcry","Armaments"],"picked":"Clothesline","floor":3.0},{"not_picked":["Ghostly Armor","Combust"],"picked":"Flame Barrier","floor":7.0}],"player_experience":1131630,"relics_obtained":[{"floor":7.0,"key":"Blood Vial"},{"floor":9.0,"key":"Juzu Bracelet"}],"event_choices":[{"damage_healed":0.0,"max_hp_gain":0.0,"max_hp_loss":0.0,"gold_gain":75.0,"event_name":"World of Goop","player_choice":"Gather Gold","floor":2.0,"gold_loss":0.0,"damage_taken":11.0},{"damage_healed":0.0,"max_hp_gain":0.0,"max_hp_loss":0.0,"gold_gain":0.0,"event_name":"Liars Game","player_choice":"Ignored","floor":5.0,"gold_loss":0.0,"damage_taken":0.0}],"is_beta":true,"boss_relics":[],"items_purged_floors":[4],"is_endless":false,"potions_floor_spawned":[3],"killed_by":"Lagavulin","ascension_level":20}