{"gold_per_floor":[113,288,301,72,90,90,165,165,213,240,240,256,273,294,294,390,390,403,416,341,341,53,53,68,87,169,188,188,201,201,220,220,315,315,332,346,363,380,380,380,393,393,393,393,411,0,49,49,49,49],"floor_reached":51,"playtime":7687,"items_purged":["Doubt","Strike_R"],"score":720,"play_id":"eb905610-dae8-4f28-b4ab-e383a926f98b","local_time":"20190221143312","is_ascension_mode":true,"campfire_choices":[{"data":"Disarm","floor":6,"key":"SMITH"},{"data":"Uppercut","floor":8,"key":"SMITH"},{"floor":11,"key":"REST"},{"data":"True Grit","floor":15,"key":"SMITH"},{"data":"True Grit","floor":23,"key":"SMITH"},{"data":"Pummel","floor":28,"key":"SMITH"},{"data":"Corruption","floor":32,"key":"SMITH"},{"data":"Fiend Fire","floor":40,"key":"SMITH"},{"data":"Feel No Pain","floor":42,"key":"SMITH"},{"data":"Feel No Pain","floor":44,"key":"SMITH"},{"floor":49,"key":"REST"}],"neow_cost":"NONE","seed_source_timestamp":571787729397600,"circlet_count":0,"master_deck":["Strike_R","Strike_R","Strike_R","Defend_R","Defend_R","Defend_R","Defend_R","Bash","Uppercut+1","Disarm+1","True Grit+1","Corruption+1","Clothesline","True Grit+1","Inflame","Feel No Pain+1","Fiend Fire+1","Spot Weakness","Shrug It Off","Flame Barrier","Feel No Pain+1","Spot Weakness","Pummel+1","Inflame","Spot Weakness","Exhume","Iron Wave+1","Shrug It Off","Heavy Blade+1","Warcry+1"],"relics":["Burning Blood","Pen Nib","Oddly Smooth Stone","Anchor","Odd Mushroom","Eternal Feather","DollysMirror","Tiny Chest","Philosopher\u0027s Stone","Regal Pillow","Bird Faced Urn","Prayer Wheel"],"potions_floor_usage":[3,16,16,24,33,33,41,50,50],"damage_taken":[{"damage":6,"enemies":"2 Louse","floor":1,"turns":4},{"damage":9,"enemies":"Jaw Worm","floor":3,"turns":3},{"damage":10,"enemies":"Cultist","floor":5,"turns":4},{"damage":12,"enemies":"Lagavulin","floor":10,"turns":8},{"damage":0,"enemies":"Large Slime","floor":12,"turns":4},{"damage":3,"enemies":"Gremlin Gang","floor":13,"turns":6},{"damage":23,"enemies":"The Mushroom Lair","floor":14,"turns":7},{"damage":37,"enemies":"The Guardian","floor":16,"turns":10},{"damage":28,"enemies":"Shell Parasite","floor":18,"turns":12},{"damage":21,"enemies":"3 Byrds","floor":19,"turns":8},{"damage":5,"enemies":"Snake Plant","floor":24,"turns":7},{"damage":19,"enemies":"Shelled Parasite and Fungi","floor":25,"turns":11},{"damage":1,"enemies":"Centurion and Healer","floor":27,"turns":8},{"damage":8,"enemies":"Snake Plant","floor":29,"turns":6},{"damage":11,"enemies":"Chosen and Byrds","floor":31,"turns":9},{"damage":63,"enemies":"Automaton","floor":33,"turns":12},{"damage":24,"enemies":"Orb Walker","floor":35,"turns":4},{"damage":5,"enemies":"3 Shapes","floor":36,"turns":6},{"damage":2,"enemies":"3 Darklings","floor":37,"turns":7},{"damage":14,"enemies":"Maw","floor":38,"turns":8},{"damage":30,"enemies":"Spire Growth","floor":41,"turns":7},{"damage":14,"enemies":"4 Shapes","floor":45,"turns":10},{"damage":58,"enemies":"2 Orb Walkers","floor":47,"turns":7},{"damage":23,"enemies":"Donu and Deca","floor":50,"turns":8}],"seed_played":"6743739892213518215","potions_obtained":[{"floor":1,"key":"Energy Potion"},{"floor":3,"key":"FearPotion"},{"floor":12,"key":"FearPotion"},{"floor":19,"key":"GamblersBrew"},{"floor":24,"key":"Dexterity Potion"},{"floor":25,"key":"Energy Potion"},{"floor":38,"key":"Block Potion"},{"floor":41,"key":"Ancient Potion"},{"floor":47,"key":"Swift Potion"}],"is_trial":false,"path_per_floor":["M","?","M","$","M","R","?","R","T","E","R","M","M","?","R","B",null,"M","M","?","$","$","R","M","M","T","M","R","M","?","M","R","B",null,"M","M","M","M","?","R","M","R","T","R","M","$","?","$","R","B",null],"character_chosen":"IRONCLAD","items_purchased":["True Grit","Corruption","Clothesline","Flame Barrier","DollysMirror","Bird Faced Urn"],"campfire_rested":2,"item_purchase_floors":[4,4,4,22,22,46],"current_hp_per_floor":[80,80,77,77,73,73,62,62,62,56,80,80,80,63,63,32,80,58,43,43,43,43,55,56,43,43,48,63,61,80,75,80,23,80,62,63,67,59,59,74,50,65,65,80,72,72,30,30,80,69],"gold":49,"neow_bonus":"RANDOM_COMMON_RELIC","is_prod":false,"is_daily":false,"chose_seed":false,"campfire_upgraded":9,"win_rate":0,"timestamp":1550777592,"path_taken":["M","?","M","$","M","R","?","R","T","E","R","M","?","?","R","BOSS","M","M","?","?","$","R","M","?","T","M","R","M","?","M","R","BOSS","M","?","M","M","?","R","?","R","T","R","M","$","?","?","R","BOSS"],"build_version":"2019-01-23","purchased_purges":2,"victory":true,"max_hp_per_floor":[80,80,80,80,80,80,80,80,80,80,80,80,80,80,80,80,80,80,80,80,80,80,80,80,80,80,80,80,80,80,80,80,80,80,80,80,80,80,80,80,80,80,80,80,80,80,80,80,80,80],"card_choices":[{"not_picked":["Body Slam","Sever Soul"],"picked":"Uppercut","floor":1},{"not_picked":["Infernal Blade","Body Slam"],"picked":"Disarm","floor":3},{"not_picked":["Rage","Havoc"],"picked":"True Grit","floor":5},{"not_picked":["Pommel Strike","Combust","Offering"],"picked":"SKIP","floor":10},{"not_picked":["True Grit","Intimidate"],"picked":"Inflame","floor":12},{"not_picked":["Battle Trance","Body Slam"],"picked":"Feel No Pain","floor":13},{"not_picked":["Feed","Offering"],"picked":"Fiend Fire","floor":16},{"not_picked":["Headbutt","Battle Trance"],"picked":"Spot Weakness","floor":18},{"not_picked":["Wild Strike","Intimidate+1"],"picked":"Shrug It Off","floor":19},{"not_picked":["Whirlwind","Thunderclap"],"picked":"Seeing Red+1","floor":24},{"not_picked":["Wild Strike+1","Body Slam"],"picked":"Spot Weakness","floor":25},{"not_picked":["Heavy Blade","Dual Wield"],"picked":"Pummel","floor":27},{"not_picked":["Perfected Strike","Wild Strike+1"],"picked":"Inflame","floor":29},{"not_picked":["Fire Breathing","Havoc"],"picked":"Spot Weakness","floor":31},{"not_picked":["Reaper","Immolate"],"picked":"Exhume","floor":33},{"not_picked":["Dropkick","Twin Strike"],"picked":"Iron Wave+1","floor":35},{"not_picked":["Intimidate","Rupture"],"picked":"Shrug It Off","floor":36},{"not_picked":["Uppercut","Havoc","Cleave+1"],"picked":"SKIP","floor":37},{"not_picked":["Intimidate","Spot Weakness+1","Cleave+1"],"picked":"SKIP","floor":38},{"not_picked":["Rage+1","Fire Breathing","Armaments"],"picked":"SKIP","floor":41},{"not_picked":["Body Slam","Sword Boomerang+1"],"picked":"Heavy Blade+1","floor":45},{"not_picked":["Anger+1","Cleave+1"],"picked":"Warcry+1","floor":47}],"player_experience":250158,"relics_obtained":[{"floor":9,"key":"Oddly Smooth Stone"},{"floor":10,"key":"Anchor"},{"floor":14,"key":"Odd Mushroom"},{"floor":26,"key":"Tiny Chest"},{"floor":43,"key":"Regal Pillow"},{"floor":47,"key":"Prayer Wheel"}],"event_choices":[{"damage_healed":0,"gold_gain":175,"player_choice":"AGREE","damage_taken":0,"max_hp_gain":0,"max_hp_loss":0,"event_name":"Liars Game","floor":2,"gold_loss":0,"cards_obtained":["Doubt"]},{"damage_healed":0,"gold_gain":75,"player_choice":"Gather Gold","damage_taken":11,"max_hp_gain":0,"max_hp_loss":0,"event_name":"World of Goop","floor":7,"gold_loss":0},{"damage_healed":0,"gold_gain":0,"player_choice":"Fought Mushrooms","damage_taken":0,"max_hp_gain":0,"max_hp_loss":0,"event_name":"Mushrooms","floor":14,"gold_loss":0},{"cards_removed":["Strike_R"],"damage_healed":0,"gold_gain":0,"player_choice":"Gave Gold","damage_taken":0,"max_hp_gain":0,"max_hp_loss":0,"event_name":"Beggar","floor":20,"gold_loss":75},{"cards_removed":["Seeing Red"],"damage_healed":19,"gold_gain":0,"player_choice":"Offered Uncommon","damage_taken":0,"max_hp_gain":0,"max_hp_loss":0,"event_name":"Bonfire Elementals","floor":30,"gold_loss":0},{"damage_healed":0,"gold_gain":0,"player_choice":"0 cards matched","damage_taken":0,"max_hp_gain":0,"max_hp_loss":0,"event_name":"Match and Keep!","floor":39,"gold_loss":0,"cards_obtained":[]},{"damage_healed":0,"gold_gain":0,"player_choice":"Fight","damage_taken":0,"max_hp_gain":0,"max_hp_loss":0,"event_name":"Mysterious Sphere","floor":47,"gold_loss":0}],"is_beta":false,"boss_relics":[{"not_picked":["Velvet Choker","Runic Cube"],"picked":"Eternal Feather"},{"not_picked":["Snecko Eye","Astrolabe"],"picked":"Philosopher\u0027s Stone"}],"items_purged_floors":[4,46],"is_endless":false,"potions_floor_spawned":[1,3,12,19,24,25,38,41,47],"ascension_level":3}