{"path_per_floor":["M","M","M","M","?","E","?","M","T","$","R","T","?","M","R","B",null],"character_chosen":"IRONCLAD","items_purchased":["Whetstone","Art of War"],"gold_per_floor":[119,132,152,167,167,198,298,308,332,40,40,70,70,83,83,187,187,187],"floor_reached":18,"campfire_rested":2,"playtime":617,"current_hp_per_floor":[80,80,80,71,55,35,35,27,27,27,51,51,51,47,71,30,80,0],"items_purged":[],"gold":187,"score":178,"play_id":"acdf4be0-dc22-4f71-9e75-b11d54d12339","local_time":"20180424230756","is_prod":false,"is_daily":false,"chose_seed":false,"is_ascension_mode":true,"campfire_upgraded":0,"timestamp":1524604076,"path_taken":["M","?","M","M","?","E","?","?","T","$","R","?","?","M","R","BOSS","M"],"build_version":"2018-04-19","seed_source_timestamp":193762267346341,"purchased_purges":0,"victory":false,"master_deck":["Strike_R+1","Strike_R","Strike_R","Strike_R+1","Strike_R","Defend_R","Defend_R","Defend_R+1","Bash+1","Flex","Perfected Strike","Pommel Strike","Flex","Juggernaut","Heavy Blade+1","Thunderclap+1","Cleave+1","Juggernaut"],"max_hp_per_floor":[80,80,80,80,80,80,80,80,80,80,80,80,80,80,80,80,80,80],"relics":["Black Blood","Molten Egg 2","Prayer Wheel","Whetstone","Art of War","Tiny Chest"],"card_choices":[{"not_picked":["Metallicize","True Grit"],"picked":"Flex","floor":1},{"not_picked":["Heavy Blade","Clothesline"],"picked":"Perfected Strike","floor":2},{"not_picked":["Clash","Sword Boomerang"],"picked":"Pommel Strike","floor":3},{"not_picked":["Armaments","Iron Wave"],"picked":"Flex","floor":4},{"not_picked":["Twin Strike","Flex"],"picked":"Juggernaut","floor":6},{"not_picked":["Armaments","Cleave"],"picked":"Heavy Blade","floor":8},{"not_picked":["Body Slam","Heavy Blade"],"picked":"Thunderclap","floor":12},{"not_picked":["Brutality","Armaments"],"picked":"Cleave","floor":14},{"not_picked":["Double Tap","Feed"],"picked":"Juggernaut","floor":16}],"player_experience":382613,"potions_floor_usage":[4,6,16],"damage_taken":[{"damage":6,"enemies":"Cultist","floor":1,"turns":4},{"damage":5,"enemies":"2 Louse","floor":2,"turns":4},{"damage":0,"enemies":"Small Slimes","floor":3,"turns":3},{"damage":15,"enemies":"Gremlin Gang","floor":4,"turns":5},{"damage":26,"enemies":"Lagavulin","floor":6,"turns":4},{"damage":14,"enemies":"Large Slime","floor":8,"turns":6},{"damage":10,"enemies":"Lots of Slimes","floor":14,"turns":3},{"damage":47,"enemies":"The Guardian","floor":16,"turns":10},{"damage":80,"enemies":"Shell Parasite","floor":18,"turns":7}],"event_choices":[{"event_name":"Shining Light","player_choice":"Entered Light","floor":5,"damage_taken":0},{"event_name":"Wheel of Change","player_choice":"Gold","floor":7,"damage_taken":0},{"event_name":"Purifier","player_choice":"One Purge","floor":13,"damage_taken":0}],"boss_relics":[{"not_picked":["Eternal Feather","Runic Pyramid"],"picked":"Black Blood"}],"potions_floor_spawned":[1,3,8,16],"seed_played":"2978239888134573167","killed_by":"Shell Parasite","ascension_level":2,"is_trial":false}