{"gold_per_floor":[110,128,128,144,164,193,268,286,286,286,305,325,150,164,164,269,319,336,435,454,19,37,37,67,67,92,92,92,111,0,12,12,116,116,132,142,142],"floor_reached":37,"playtime":4611,"items_purged":["Strike_B","Defend_B"],"score":495,"play_id":"c52961e9-5330-4962-abd1-2d9e4ec2984e","local_time":"20190220050154","is_ascension_mode":false,"campfire_choices":[{"data":"Loop","floor":10,"key":"SMITH"},{"data":"Hologram","floor":15,"key":"SMITH"},{"data":"Creative AI","floor":23,"key":"SMITH"},{"floor":25,"key":"REST"},{"floor":28,"key":"REST"},{"data":"Apotheosis","floor":32,"key":"SMITH"}],"neow_cost":"NONE","seed_source_timestamp":35963831516677,"circlet_count":0,"master_deck":["Strike_B","Strike_B","Strike_B","Defend_B","Defend_B","Defend_B","Zap","Dualcast","Capacitor","Hologram+1","Self Repair","Conserve Battery","Loop+1","Leap","Buffer","Loop","Defragment","Cold Snap","Coolheaded+1","Creative AI+1","Glacier","Apotheosis+1","Electrodynamics","Darkness","Biased Cognition"],"relics":["Cracked Core","NeowsBlessing","FossilizedHelix","Mercury Hourglass","Tiny House","Ancient Tea Set","Gremlin Horn","Vajra","Black Star"],"potions_floor_usage":[6,16,16,24,31,33,37,37],"damage_taken":[{"damage":0,"enemies":"2 Louse","floor":1,"turns":1},{"damage":0,"enemies":"Jaw Worm","floor":2,"turns":1},{"damage":0,"enemies":"Small Slimes","floor":4,"turns":1},{"damage":14,"enemies":"Looter","floor":5,"turns":4},{"damage":20,"enemies":"3 Sentries","floor":6,"turns":8},{"damage":0,"enemies":"Blue Slaver","floor":8,"turns":5},{"damage":6,"enemies":"Large Slime","floor":11,"turns":7},{"damage":0,"enemies":"3 Louse","floor":12,"turns":2},{"damage":0,"enemies":"Red Slaver","floor":14,"turns":3},{"damage":0,"enemies":"Slime Boss","floor":16,"turns":8},{"damage":3,"enemies":"Chosen","floor":18,"turns":6},{"damage":14,"enemies":"3 Byrds","floor":20,"turns":6},{"damage":31,"enemies":"Sentry and Sphere","floor":22,"turns":7},{"damage":2,"enemies":"Gremlin Leader","floor":24,"turns":6},{"damage":6,"enemies":"Shelled Parasite and Fungi","floor":29,"turns":7},{"damage":12,"enemies":"Centurion and Healer","floor":31,"turns":8},{"damage":0,"enemies":"Champ","floor":33,"turns":15},{"damage":30,"enemies":"3 Shapes","floor":35,"turns":3},{"damage":47,"enemies":"3 Darklings","floor":36,"turns":5},{"damage":8,"enemies":"Jaw Worm Horde","floor":37,"turns":2}],"seed_played":"-5510070788138264312","potions_obtained":[{"floor":2,"key":"LiquidBronze"},{"floor":4,"key":"Swift Potion"},{"floor":6,"key":"LiquidBronze"},{"floor":8,"key":"Fire Potion"},{"floor":17,"key":"Fire Potion"},{"floor":20,"key":"SkillPotion"},{"floor":24,"key":"EssenceOfSteel"},{"floor":29,"key":"Weak Potion"},{"floor":36,"key":"Explosive Potion"}],"is_trial":false,"path_per_floor":["M","M","?","M","M","E","?","M","T","R","M","M","$","M","R","B",null,"M","?","M","$","M","R","E","R","T","?","R","M","?","M","R","B",null,"M","M","M"],"character_chosen":"DEFECT","items_purchased":["Defragment","Cold Snap","Ancient Tea Set","Apotheosis"],"campfire_rested":2,"item_purchase_floors":[13,13,21,21],"current_hp_per_floor":[75,75,75,75,68,55,44,51,51,51,52,59,59,59,59,66,80,77,77,63,63,39,39,37,61,61,46,71,75,75,73,73,80,85,55,8,0],"gold":142,"neow_bonus":"THREE_ENEMY_KILL","is_prod":false,"is_daily":false,"chose_seed":false,"campfire_upgraded":4,"win_rate":0.0,"timestamp":1550664114,"path_taken":["M","M","?","M","M","E","?","M","T","R","M","M","$","M","R","BOSS","M","?","M","$","M","R","E","R","T","?","R","M","?","M","R","BOSS","M","M","M"],"build_version":"2019-01-23","purchased_purges":2,"victory":false,"max_hp_per_floor":[75,75,75,75,75,75,75,75,75,75,75,75,75,75,75,75,80,80,80,80,80,80,80,80,80,80,85,85,85,85,85,85,85,85,85,85,85],"card_choices":[{"not_picked":["Conserve Battery","Hologram"],"picked":"Capacitor","floor":1},{"not_picked":["Gash","Leap"],"picked":"Hologram","floor":2},{"not_picked":["Auto Shields","Streamline"],"picked":"Self Repair","floor":4},{"not_picked":["Reprogram","Heatsinks"],"picked":"Conserve Battery","floor":5},{"not_picked":["White Noise","Cold Snap"],"picked":"Loop","floor":6},{"not_picked":["Fusion","Scrape"],"picked":"Leap","floor":8},{"not_picked":["Go for the Eyes","Ball Lightning"],"picked":"Buffer","floor":11},{"not_picked":["Compile Driver","Sweeping Beam"],"picked":"Loop","floor":12},{"not_picked":["Chaos","Gash"],"picked":"Coolheaded","floor":14},{"not_picked":["Amplify","All For One"],"picked":"Creative AI","floor":16},{"not_picked":["Sweeping Beam","Genetic Algorithm"],"picked":"Glacier","floor":17},{"not_picked":["Gash","Coolheaded","Self Repair"],"picked":"SKIP","floor":18},{"not_picked":["Leap","Sweeping Beam","Self Repair"],"picked":"SKIP","floor":20},{"not_picked":["Go for the Eyes","Streamline","Skim"],"picked":"SKIP","floor":22},{"not_picked":["Beam Cell","Compile Driver"],"picked":"Electrodynamics","floor":24},{"not_picked":["Reinforced Body","Stack"],"picked":"Darkness","floor":29},{"not_picked":["Leap","Sweeping Beam","Coolheaded+1"],"picked":"SKIP","floor":31},{"not_picked":["Creative AI","Fission"],"picked":"Biased Cognition","floor":33},{"not_picked":["Go for the Eyes+1","Leap","Rip and Tear+1"],"picked":"SKIP","floor":35},{"not_picked":["Beam Cell","Leap","Ball Lightning"],"picked":"SKIP","floor":36}],"player_experience":6346,"relics_obtained":[{"floor":6,"key":"FossilizedHelix"},{"floor":9,"key":"Mercury Hourglass"},{"floor":24,"key":"Gremlin Horn"},{"floor":26,"key":"Vajra"}],"event_choices":[{"damage_healed":0,"gold_gain":0,"player_choice":"Ignored","damage_taken":0,"max_hp_gain":0,"max_hp_loss":0,"event_name":"Liars Game","floor":3,"gold_loss":0},{"damage_healed":0,"gold_gain":75,"player_choice":"Gather Gold","damage_taken":11,"max_hp_gain":0,"max_hp_loss":0,"event_name":"World of Goop","floor":7,"gold_loss":0},{"damage_healed":0,"gold_gain":99,"player_choice":"Stole From Cult","damage_taken":0,"max_hp_gain":0,"max_hp_loss":0,"event_name":"Nest","floor":19,"gold_loss":0},{"damage_healed":0,"gold_gain":0,"player_choice":"Shed Blood","damage_taken":20,"max_hp_gain":5,"max_hp_loss":0,"event_name":"Forgotten Altar","floor":27,"gold_loss":0},{"damage_healed":0,"gold_gain":0,"player_choice":"Paid Fearfully","damage_taken":0,"max_hp_gain":0,"max_hp_loss":0,"event_name":"Masked Bandits","floor":30,"gold_loss":111}],"is_beta":false,"boss_relics":[{"not_picked":["Coffee Dripper","Busted Crown"],"picked":"Tiny House"},{"not_picked":["Lizard Tail","Snecko Eye"],"picked":"Black Star"}],"items_purged_floors":[13,21],"is_endless":false,"potions_floor_spawned":[2,4,6,8,20,24,29,36],"killed_by":"Jaw Worm Horde","ascension_level":0}