{"gold_per_floor":[119,137,63,13,32,58,58,72,153,164,174,48,76,94,94,193,193,203,49,49,63,63,63,63,63,109,143,143,161,0,0],"floor_reached":31,"playtime":2014,"items_purged":["Defend_R","Defend_R"],"score":384,"play_id":"ebbc096b-7941-4af4-a26c-6d1051c968ec","local_time":"20190119093302","is_ascension_mode":true,"campfire_choices":[{"data":"Rage","floor":7,"key":"SMITH"},{"floor":15,"key":"REST"},{"data":"Rage","floor":23,"key":"SMITH"},{"data":"Body Slam","floor":25,"key":"SMITH"},{"data":"Iron Wave","floor":28,"key":"SMITH"}],"neow_cost":"NONE","seed_source_timestamp":12574786014925080,"circlet_count":0,"master_deck":["Strike_R+1","Strike_R","Strike_R","Strike_R","Defend_R","Bash","Trip","Anger","Rage+1","Rage+1","Inflame","Battle Trance","Body Slam+1","Burning Pact","Headbutt+1","Iron Wave+1","RitualDagger","Rampage","Shrug It Off"],"relics":["Burning Blood","Turnip","Pear","Omamori","Coffee Dripper","Whetstone","Centennial Puzzle"],"potions_floor_usage":[13,16,21,27,27,31],"damage_taken":[{"damage":9,"enemies":"2 Louse","floor":1,"turns":2},{"damage":4,"enemies":"Jaw Worm","floor":2,"turns":4},{"damage":0,"enemies":"Small Slimes","floor":5,"turns":3},{"damage":28,"enemies":"Gremlin Nob","floor":6,"turns":4},{"damage":13,"enemies":"Exordium Wildlife","floor":8,"turns":4},{"damage":10,"enemies":"2 Fungi Beasts","floor":10,"turns":3},{"damage":0,"enemies":"3 Louse","floor":11,"turns":4},{"damage":6,"enemies":"3 Sentries","floor":13,"turns":7},{"damage":23,"enemies":"Exordium Thugs","floor":14,"turns":4},{"damage":52,"enemies":"Slime Boss","floor":16,"turns":10},{"damage":8,"enemies":"Spheric Guardian","floor":18,"turns":4},{"damage":0,"enemies":"2 Thieves","floor":21,"turns":3},{"damage":57,"enemies":"Gremlin Leader","floor":27,"turns":8},{"damage":17,"enemies":"Centurion and Healer","floor":29,"turns":4},{"damage":14,"enemies":"Shelled Parasite and Fungi","floor":31,"turns":2}],"seed_played":"1903807179202511077","potions_obtained":[{"floor":5,"key":"Strength Potion"},{"floor":6,"key":"Regen Potion"},{"floor":11,"key":"SteroidPotion"},{"floor":14,"key":"SkillPotion"},{"floor":18,"key":"SteroidPotion"},{"floor":29,"key":"EssenceOfSteel"}],"is_trial":false,"path_per_floor":["M","M","$","?","M","E","R","M","T","M","M","$","E","M","R","B",null,"M","$","?","M","?","R","?","R","T","E","R","M","?","M"],"character_chosen":"IRONCLAD","items_purchased":["Rage","Body Slam","Iron Wave"],"campfire_rested":1,"item_purchase_floors":[3,12,19],"current_hp_per_floor":[69,71,71,71,77,55,55,48,58,54,60,60,60,43,70,39,77,75,75,69,75,75,75,75,75,75,24,24,13,13,0],"gold":0,"neow_bonus":"RANDOM_COLORLESS","is_prod":false,"is_daily":false,"chose_seed":false,"campfire_upgraded":4,"win_rate":0,"timestamp":1547886782,"path_taken":["M","M","$","?","M","E","R","M","T","M","M","$","E","M","R","BOSS","M","$","?","M","?","R","?","R","T","E","R","M","?","M"],"build_version":"2019-01-17v2","purchased_purges":2,"victory":false,"max_hp_per_floor":[80,80,80,80,80,80,80,80,90,90,90,90,90,90,90,90,90,90,90,90,90,90,90,90,90,90,90,90,90,90,90],"card_choices":[{"not_picked":["Pommel Strike","Pummel"],"picked":"Anger","floor":1},{"not_picked":["Cleave","Rampage"],"picked":"Rage","floor":2},{"not_picked":["Corruption","Sever Soul"],"picked":"Inflame","floor":5},{"not_picked":["Combust","Disarm","Heavy Blade"],"picked":"SKIP","floor":6},{"not_picked":["Wild Strike","Perfected Strike"],"picked":"Battle Trance","floor":8},{"not_picked":["Heavy Blade","Warcry","Twin Strike"],"picked":"SKIP","floor":10},{"not_picked":["Clash","Inflame","Heavy Blade"],"picked":"SKIP","floor":11},{"not_picked":["Blood for Blood","Demon Form"],"picked":"Burning Pact","floor":13},{"not_picked":["Heavy Blade","Rupture","Armaments"],"picked":"SKIP","floor":14},{"not_picked":["Fire Breathing+1","Armaments"],"picked":"Headbutt","floor":18},{"not_picked":["Flame Barrier+1","Perfected Strike"],"picked":"Rampage","floor":21},{"not_picked":["Twin Strike","Body Slam"],"picked":"Shrug It Off","floor":27},{"not_picked":["Body Slam","Carnage","Inflame"],"picked":"SKIP","floor":29}],"player_experience":267271,"relics_obtained":[{"floor":6,"key":"Turnip"},{"floor":9,"key":"Pear"},{"floor":13,"key":"Omamori"},{"floor":26,"key":"Whetstone"},{"floor":27,"key":"Centennial Puzzle"}],"event_choices":[{"cards_removed":["Defend_R"],"damage_healed":0,"gold_gain":0,"player_choice":"Card Removal","damage_taken":0,"max_hp_gain":0,"max_hp_loss":0,"event_name":"The Cleric","floor":4,"gold_loss":50},{"damage_healed":0,"gold_gain":0,"player_choice":"Joined the Cult","damage_taken":6,"max_hp_gain":0,"max_hp_loss":0,"event_name":"Nest","floor":20,"gold_loss":0,"cards_obtained":["RitualDagger"]},{"cards_removed":["Strike_R"],"damage_healed":0,"gold_gain":0,"player_choice":"Elegance","damage_taken":0,"max_hp_gain":0,"max_hp_loss":0,"event_name":"Back to Basics","floor":24,"gold_loss":0},{"damage_healed":0,"gold_gain":0,"player_choice":"Paid Fearfully","damage_taken":0,"max_hp_gain":0,"max_hp_loss":0,"event_name":"Masked Bandits","floor":30,"gold_loss":161}],"is_beta":false,"boss_relics":[{"not_picked":["Lizard Tail","Runic Dome"],"picked":"Coffee Dripper"}],"items_purged_floors":[12,19],"is_endless":false,"potions_floor_spawned":[5,6,11,14,18,29],"killed_by":"Shelled Parasite and Fungi","ascension_level":9}