{"gold_per_floor":[119,130,205,205,170,170,200,217,243,270,282,282,294,329,329,329],"floor_reached":16,"playtime":400,"items_purged":[],"score":218,"play_id":"a7d6e904-07f0-4b94-9f14-6deeebb1e55e","local_time":"20181111114040","is_ascension_mode":true,"campfire_choices":[{"data":"Underhanded Strike","floor":6.0,"key":"SMITH"},{"data":"Distraction","floor":12.0,"key":"SMITH"},{"data":"Dagger Throw","floor":15.0,"key":"SMITH"}],"neow_cost":"NONE","seed_source_timestamp":0,"circlet_count":0,"master_deck":["AscendersBane","Defend_G","Defend_G","Defend_G","Defend_G","Defend_G","Strike_G","Strike_G","Strike_G","Strike_G","Strike_G","Survivor","Neutralize","Backstab","Underhanded Strike+1","PiercingWail","Dagger Throw+1","Distraction+1","Escape Plan","Backflip","Flying Knee"],"special_seed":0,"relics":["Ring of the Snake","NeowsBlessing","Bag of Marbles","Calipers","Omamori","Pear","Blue Candle"],"potions_floor_usage":[],"damage_taken":[{"damage":0.0,"enemies":"2 Louse","floor":1.0,"turns":1.0},{"damage":0.0,"enemies":"Small Slimes","floor":2.0,"turns":1.0},{"damage":0.0,"enemies":"Lagavulin","floor":7.0,"turns":1.0},{"damage":0.0,"enemies":"Jaw Worm","floor":8.0,"turns":1.0},{"damage":4.0,"enemies":"3 Sentries","floor":10.0,"turns":7.0},{"damage":0.0,"enemies":"Lots of Slimes","floor":11.0,"turns":3.0},{"damage":4.0,"enemies":"Large Slime","floor":13.0,"turns":6.0},{"damage":8.0,"enemies":"Gremlin Nob","floor":14.0,"turns":3.0},{"damage":0,"enemies":"The Guardian","floor":16,"turns":2}],"seed_played":"2731160393304377342","potions_obtained":[{"floor":1.0,"key":"Regen Potion"},{"floor":7.0,"key":"FearPotion"},{"floor":13.0,"key":"Poison Potion"}],"is_trial":false,"path_per_floor":["M","M","?","?","?","R","E","M","T","E","M","R","M","E","R","B"],"character_chosen":"THE_SILENT","items_purchased":[],"campfire_rested":0,"item_purchase_floors":[],"current_hp_per_floor":[63,63,52,34,51,51,51,51,51,72,72,72,68,60,60,60],"gold":329,"neow_bonus":"THREE_ENEMY_KILL","is_prod":false,"is_daily":false,"chose_seed":false,"campfire_upgraded":3,"win_rate":0,"timestamp":1541932840,"path_taken":["M","M","?","?","?","R","E","?","T","E","?","R","?","E","R","BOSS"],"build_version":"2018-11-08","purchased_purges":0,"victory":false,"max_hp_per_floor":[70,70,70,70,70,70,70,70,70,80,80,80,80,80,80,80],"card_choices":[{"not_picked":["Dagger Spray","Masterful Stab"],"picked":"Backstab","floor":1.0},{"not_picked":["Dagger Spray","Acrobatics"],"picked":"Underhanded Strike","floor":2.0},{"not_picked":["Sucker Punch","Backflip"],"picked":"PiercingWail","floor":7.0},{"not_picked":["Predator","Acrobatics"],"picked":"Dagger Throw","floor":8.0},{"not_picked":["Outmaneuver","Wraith Form v2"],"picked":"Distraction","floor":10.0},{"not_picked":["Blade Dance","Slice"],"picked":"Escape Plan","floor":11.0},{"not_picked":["Reflex","Deadly Poison"],"picked":"Backflip","floor":13.0},{"not_picked":["Backflip","Deadly Poison"],"picked":"Flying Knee","floor":14.0}],"player_experience":1152248,"relics_obtained":[{"floor":7.0,"key":"Calipers"},{"floor":9.0,"key":"Omamori"},{"floor":10.0,"key":"Pear"},{"floor":14.0,"key":"Blue Candle"}],"event_choices":[{"damage_healed":0.0,"max_hp_gain":0.0,"max_hp_loss":0.0,"gold_gain":75.0,"event_name":"World of Goop","player_choice":"Gather Gold","floor":3.0,"gold_loss":0.0,"damage_taken":11.0},{"damage_healed":0.0,"max_hp_gain":0.0,"max_hp_loss":0.0,"gold_gain":0.0,"event_name":"Scrap Ooze","player_choice":"Success","floor":4.0,"gold_loss":0.0,"damage_taken":18.0,"relics_obtained":["Bag of Marbles"]},{"damage_healed":17.0,"max_hp_gain":0.0,"max_hp_loss":0.0,"gold_gain":0.0,"event_name":"The Cleric","player_choice":"Healed","floor":5.0,"gold_loss":35.0,"damage_taken":0.0}],"is_beta":false,"boss_relics":[],"items_purged_floors":[],"is_endless":false,"potions_floor_spawned":[1,7,13],"killed_by":"The Guardian","ascension_level":10}