{"gold_per_floor":[115,130,55,66,141,174,174,174,174,174,174,201,214,249,249,349,349,369,339,353,229,247,247,273,289,289,289,307,257,272,291,291,291],"floor_reached":33,"playtime":2277,"items_purged":["Strike_R","Strike_R"],"score":416,"play_id":"c8bd4967-14ac-420e-8f9e-af5fca44d112","local_time":"20190118183917","is_ascension_mode":true,"campfire_choices":[{"floor":7.0,"key":"REST"},{"floor":10.0,"key":"REST"},{"data":"True Grit","floor":15.0,"key":"SMITH"},{"data":"Havoc","floor":23.0,"key":"SMITH"},{"data":"Havoc","floor":27.0,"key":"SMITH"},{"floor":32.0,"key":"REST"}],"neow_cost":"TEN_PERCENT_HP_LOSS","seed_source_timestamp":12520561591748623,"circlet_count":0,"master_deck":["Strike_R","Strike_R","Defend_R","Defend_R","Defend_R+1","Bash","Immolate","Perfected Strike","Evolve","Anger+1","Parasite","True Grit+1","Anger","Havoc","Disarm","Havoc+1","Havoc+1","Warcry","Pummel+1","Corruption"],"special_seed":0,"relics":["Burning Blood","Dead Branch","Mercury Hourglass","PreservedInsect","Meat on the Bone","Eternal Feather","Calipers","Paper Frog"],"potions_floor_usage":[33,33],"damage_taken":[{"damage":7.0,"enemies":"Jaw Worm","floor":1.0,"turns":2.0},{"damage":3.0,"enemies":"Small Slimes","floor":2.0,"turns":4.0},{"damage":6.0,"enemies":"Cultist","floor":4.0,"turns":4.0},{"damage":40.0,"enemies":"Lagavulin","floor":6.0,"turns":5.0},{"damage":10.0,"enemies":"3 Sentries","floor":12.0,"turns":3.0},{"damage":0.0,"enemies":"2 Fungi Beasts","floor":13.0,"turns":1.0},{"damage":16.0,"enemies":"Gremlin Nob","floor":14.0,"turns":3.0},{"damage":20.0,"enemies":"Slime Boss","floor":16.0,"turns":7.0},{"damage":42.0,"enemies":"Shell Parasite","floor":18.0,"turns":6.0},{"damage":2.0,"enemies":"Spheric Guardian","floor":20.0,"turns":3.0},{"damage":4.0,"enemies":"Snake Plant","floor":22.0,"turns":4.0},{"damage":37.0,"enemies":"Book of Stabbing","floor":24.0,"turns":5.0},{"damage":3.0,"enemies":"3 Cultists","floor":25.0,"turns":3.0},{"damage":37.0,"enemies":"Centurion and Healer","floor":28.0,"turns":6.0},{"damage":22.0,"enemies":"Chosen and Byrds","floor":30.0,"turns":6.0},{"damage":13.0,"enemies":"Cultist and Chosen","floor":31.0,"turns":5.0},{"damage":78,"enemies":"Collector","floor":33,"turns":7}],"seed_played":"469708863243454670","potions_obtained":[{"floor":12.0,"key":"AttackPotion"},{"floor":13.0,"key":"Weak Potion"},{"floor":14.0,"key":"Swift Potion"},{"floor":16.0,"key":"Swift Potion"},{"floor":19.0,"key":"Energy Potion"},{"floor":19.0,"key":"FearPotion"},{"floor":24.0,"key":"SkillPotion"},{"floor":28.0,"key":"SpeedPotion"},{"floor":31.0,"key":"SkillPotion"}],"is_trial":false,"path_per_floor":["M","M","$","M","?","E","R","?","T","R","?","E","M","E","R","B",null,"M","?","M","$","M","R","E","M","T","R","M","?","M","M","R","B"],"character_chosen":"IRONCLAD","items_purchased":["Havoc"],"campfire_rested":3,"item_purchase_floors":[21],"current_hp_per_floor":[71,72,72,72,61,27,48,34,34,55,72,68,72,62,62,48,66,42,42,46,46,48,57,38,53,53,62,43,43,39,44,72,0],"gold":291,"neow_bonus":"TRANSFORM_TWO_CARDS","is_prod":false,"is_daily":false,"chose_seed":false,"campfire_upgraded":3,"win_rate":0,"timestamp":1547833157,"path_taken":["M","M","$","M","?","E","R","?","T","R","?","E","M","E","R","BOSS","M","?","?","$","M","R","E","M","T","R","M","?","M","M","R","BOSS"],"build_version":"2019-01-17v2","purchased_purges":2,"victory":false,"max_hp_per_floor":[72,72,72,72,72,72,72,72,72,72,72,72,72,72,72,72,72,72,72,72,72,72,72,72,72,72,72,72,72,72,72,72,72],"card_choices":[{"not_picked":["Sword Boomerang","Thunderclap"],"picked":"Evolve","floor":1.0},{"not_picked":["Shrug It Off","Armaments"],"picked":"Anger","floor":2.0},{"not_picked":["Cleave","Clothesline","Ghostly Armor"],"picked":"SKIP","floor":4.0},{"not_picked":["True Grit","Immolate","Body Slam"],"picked":"SKIP","floor":6.0},{"not_picked":["Dropkick","Searing Blow"],"picked":"True Grit","floor":12.0},{"not_picked":["Havoc","Bloodletting","Entrench"],"picked":"SKIP","floor":13.0},{"not_picked":["Twin Strike","Iron Wave"],"picked":"Anger","floor":14.0},{"not_picked":["Shrug It Off","Twin Strike"],"picked":"Havoc","floor":18.0},{"not_picked":["Fire Breathing+1","Flame Barrier"],"picked":"Disarm","floor":20.0},{"not_picked":["Heavy Blade","Offering"],"picked":"Havoc","floor":22.0},{"not_picked":["Wild Strike","Sever Soul","Heavy Blade+1"],"picked":"SKIP","floor":24.0},{"not_picked":["Cleave","Shrug It Off"],"picked":"Warcry","floor":25.0},{"not_picked":["Clothesline+1","Armaments"],"picked":"Pummel+1","floor":28.0},{"not_picked":["Sword Boomerang","Rupture","Uppercut"],"picked":"SKIP","floor":30.0},{"not_picked":["Armaments","Body Slam+1"],"picked":"Corruption","floor":31.0}],"player_experience":259417,"relics_obtained":[{"floor":6.0,"key":"Dead Branch"},{"floor":9.0,"key":"Mercury Hourglass"},{"floor":12.0,"key":"PreservedInsect"},{"floor":14.0,"key":"Meat on the Bone"},{"floor":24.0,"key":"Calipers"},{"floor":26.0,"key":"Paper Frog"}],"event_choices":[{"damage_healed":0.0,"max_hp_gain":0.0,"max_hp_loss":0.0,"gold_gain":75.0,"event_name":"World of Goop","player_choice":"Gather Gold","floor":5.0,"gold_loss":0.0,"damage_taken":11.0},{"damage_healed":0.0,"max_hp_gain":0.0,"max_hp_loss":0.0,"gold_gain":0.0,"event_name":"Shining Light","player_choice":"Entered Light","floor":8.0,"gold_loss":0.0,"damage_taken":14.0,"cards_upgraded":["Defend_R","Anger"]},{"damage_healed":18.0,"max_hp_gain":0.0,"max_hp_loss":0.0,"gold_gain":0.0,"event_name":"Mushrooms","player_choice":"Healed and dodged fight","floor":11.0,"gold_loss":0.0,"damage_taken":0.0,"cards_obtained":["Parasite"]},{"damage_healed":0.0,"max_hp_gain":0.0,"max_hp_loss":0.0,"gold_gain":0.0,"event_name":"The Woman in Blue","player_choice":"Bought 2 Potions","floor":19.0,"gold_loss":0.0,"damage_taken":0.0},{"damage_healed":0.0,"max_hp_gain":0.0,"max_hp_loss":0.0,"gold_gain":0.0,"event_name":"The Joust","player_choice":"Bet on Owner","floor":29.0,"gold_loss":50.0,"damage_taken":0.0}],"is_beta":false,"boss_relics":[{"not_picked":["Ectoplasm","Sozu"],"picked":"Eternal Feather"}],"items_purged_floors":[3,21],"is_endless":false,"potions_floor_spawned":[12,13,14,16,24,28,31],"killed_by":"Collector","ascension_level":9}