{"gold_per_floor":[110,110,121,121,28,60,77,107,107,125,137,137,168,187,187,284,284,299,299,224,174,174],"floor_reached":22,"playtime":908,"items_purged":["Decay"],"score":369,"play_id":"a3933acf-1e48-4fa4-984f-d6252681f07b","local_time":"20181007173840","is_ascension_mode":true,"campfire_choices":[{"data":"Catalyst","floor":12,"key":"SMITH"},{"data":"Dash","floor":15,"key":"SMITH"}],"neow_cost":"NONE","seed_source_timestamp":103542714568408,"circlet_count":0,"master_deck":["Defend_G","Defend_G","Defend_G","Defend_G","Defend_G","Survivor","Neutralize","AscendersBane","Noxious Fumes+1","Deflect","Dark Shackles","Backflip","Catalyst+1","Quick Slash","Dash+1","Well Laid Plans","Flying Knee","Envenom","Clumsy","Decay","Escape Plan+1","Bite","Bite","Bite","Bite","Bite","Blur"],"relics":["Ring of the Snake","NeowsBlessing","Smiling Mask","Meat on the Bone","Gambling Chip","Art of War","Sundial","Calling Bell","Pen Nib","Paper Crane","Incense Burner"],"potions_floor_usage":[8,8,11],"damage_taken":[{"damage":0,"enemies":"Jaw Worm","floor":1,"turns":1},{"damage":0,"enemies":"2 Louse","floor":3,"turns":1},{"damage":0,"enemies":"3 Sentries","floor":6,"turns":1},{"damage":4,"enemies":"Cultist","floor":7,"turns":6},{"damage":27,"enemies":"Gremlin Nob","floor":8,"turns":4},{"damage":2,"enemies":"2 Fungi Beasts","floor":10,"turns":3},{"damage":0,"enemies":"Exordium Wildlife","floor":11,"turns":6},{"damage":3,"enemies":"3 Sentries","floor":13,"turns":7},{"damage":4,"enemies":"Blue Slaver","floor":14,"turns":4},{"damage":18,"enemies":"Hexaghost","floor":16,"turns":9},{"damage":16,"enemies":"Shell Parasite","floor":18,"turns":7},{"damage":8,"enemies":"2 Thieves","floor":20,"turns":5},{"damage":0,"enemies":"3 Cultists","floor":22,"turns":1}],"seed_played":"-8055684208773343731","potions_obtained":[{"floor":3,"key":"SpeedPotion"},{"floor":6,"key":"AttackPotion"},{"floor":7,"key":"Swift Potion"},{"floor":14,"key":"Strength Potion"},{"floor":16,"key":"Block Potion"}],"is_trial":false,"path_per_floor":["M","?","M","?","$","E","M","E","T","M","M","R","E","M","R","B",null,"M","?","M","$"],"character_chosen":"THE_SILENT","items_purchased":["Dark Shackles"],"campfire_rested":0,"item_purchase_floors":[5],"current_hp_per_floor":[63,38,38,38,38,38,46,31,31,41,41,41,38,46,46,40,63,47,47,43,43,45],"gold":174,"neow_bonus":"THREE_ENEMY_KILL","is_prod":false,"is_daily":false,"chose_seed":false,"campfire_upgraded":2,"win_rate":0,"timestamp":1538926720,"path_taken":["M","?","?","?","$","E","?","E","T","?","?","R","E","M","R","BOSS","M","?","M","$","?"],"build_version":"2018-10-04v2","purchased_purges":1,"victory":false,"max_hp_per_floor":[70,70,70,70,70,70,70,70,70,70,70,70,70,70,70,70,70,70,49,49,49,49],"card_choices":[{"not_picked":["Underhanded Strike","Dash"],"picked":"Noxious Fumes","floor":1},{"not_picked":["Sucker Punch","Flechettes"],"picked":"Deflect","floor":3},{"not_picked":["Expertise","Dodge and Roll"],"picked":"Backflip","floor":6},{"not_picked":["Sucker Punch","Choke"],"picked":"Catalyst","floor":7},{"not_picked":["Acrobatics","Caltrops"],"picked":"Quick Slash","floor":8},{"not_picked":["Cloak And Dagger","Dagger Throw"],"picked":"Dash","floor":10},{"not_picked":["Blade Dance","Dodge and Roll"],"picked":"Well Laid Plans","floor":11},{"not_picked":["Setup","Accuracy"],"picked":"Flying Knee","floor":13},{"not_picked":["Riddle With Holes","Prepared","Outmaneuver"],"picked":"SKIP","floor":14},{"not_picked":["Corpse Explosion","Adrenaline"],"picked":"Envenom","floor":16},{"not_picked":["Flying Knee","Blade Dance"],"picked":"Escape Plan+1","floor":18},{"not_picked":["Cloak And Dagger","Choke"],"picked":"Blur","floor":20}],"player_experience":1068214,"relics_obtained":[{"floor":6,"key":"Meat on the Bone"},{"floor":8,"key":"Gambling Chip"},{"floor":9,"key":"Art of War"},{"floor":13,"key":"Sundial"},{"floor":17,"key":"Pen Nib"},{"floor":17,"key":"Paper Crane"},{"floor":17,"key":"Incense Burner"}],"event_choices":[{"event_name":"Scrap Ooze","player_choice":"success","floor":2,"damage_taken":25},{"event_name":"Living Wall","player_choice":"Grow","floor":4,"damage_taken":0},{"event_name":"Vampires","player_choice":"Became a vampire","floor":19,"damage_taken":0}],"is_beta":false,"boss_relics":[{"not_picked":["HoveringKite","Eternal Feather"],"picked":"Calling Bell"}],"items_purged_floors":[21],"is_endless":false,"potions_floor_spawned":[3,6,7,14,16],"killed_by":"3 Cultists","ascension_level":10}