{"gold_per_floor":[117,37,2,20,195,227,227,227,227,240,257,273,293,293,293,390,390,410,320,338,69,85,85,48,72,98,98,116,116,31,44,44,140,140,150,161,7,7,21,21,41,41,68,68,87,87,87,87,87,87],"floor_reached":50,"playtime":3021,"items_purged":["Defend_R"],"score":732,"play_id":"338d88ca-d206-459e-af39-12aede8ae3a6","local_time":"20190121191004","is_ascension_mode":true,"campfire_choices":[{"floor":8,"key":"REST"},{"floor":15,"key":"REST"},{"floor":23,"key":"REST"},{"data":"Iron Wave","floor":27,"key":"SMITH"},{"data":"Feel No Pain","floor":29,"key":"SMITH"},{"data":"Sentinel","floor":32,"key":"SMITH"},{"floor":40,"key":"REST"},{"data":"Shrug It Off","floor":42,"key":"SMITH"},{"floor":46,"key":"REST"},{"data":"Demon Form","floor":49,"key":"SMITH"}],"neow_cost":"PERCENT_DAMAGE","seed_source_timestamp":12781199247414446,"circlet_count":0,"master_deck":["AscendersBane","Strike_R","Strike_R","Defend_R+1","Defend_R+1","Limit Break+1","Shrug It Off+1","Spot Weakness","Burning Pact+1","Sentinel+1","Feel No Pain+1","Fiend Fire+1","Rampage+1","Flex","Demon Form+1","Inflame","Iron Wave+1","Disarm","Shrug It Off","Metamorphosis","Writhe"],"relics":["Burning Blood","Pocketwatch","Gremlin Horn","Busted Crown","War Paint","Strawberry","Anchor","Pear","Empty Cage","Oddly Smooth Stone","Whetstone"],"potions_floor_usage":[16,22,28,33,45,50,50,50],"damage_taken":[{"damage":10,"enemies":"Small Slimes","floor":1,"turns":4},{"damage":8,"enemies":"2 Louse","floor":4,"turns":5},{"damage":58,"enemies":"Gremlin Nob","floor":6,"turns":5},{"damage":3,"enemies":"Jaw Worm","floor":10,"turns":4},{"damage":10,"enemies":"Large Slime","floor":11,"turns":8},{"damage":7,"enemies":"Exordium Wildlife","floor":12,"turns":4},{"damage":16,"enemies":"Exordium Thugs","floor":13,"turns":4},{"damage":36,"enemies":"Hexaghost","floor":16,"turns":9},{"damage":12,"enemies":"Chosen","floor":18,"turns":4},{"damage":17,"enemies":"2 Thieves","floor":20,"turns":3},{"damage":29,"enemies":"Snake Plant","floor":22,"turns":5},{"damage":4,"enemies":"Snecko","floor":28,"turns":4},{"damage":3,"enemies":"Centurion and Healer","floor":31,"turns":6},{"damage":27,"enemies":"Automaton","floor":33,"turns":5},{"damage":41,"enemies":"3 Darklings","floor":35,"turns":5},{"damage":6,"enemies":"Orb Walker","floor":36,"turns":3},{"damage":22,"enemies":"3 Darklings","floor":39,"turns":4},{"damage":3,"enemies":"Spire Growth","floor":41,"turns":5},{"damage":35,"enemies":"Transient","floor":45,"turns":5},{"damage":110,"enemies":"Awakened One","floor":50,"turns":7}],"seed_played":"-5746002559735381277","potions_obtained":[{"floor":4,"key":"Strength Potion"},{"floor":11,"key":"Energy Potion"},{"floor":16,"key":"Dexterity Potion"},{"floor":20,"key":"Weak Potion"},{"floor":22,"key":"Poison Potion"},{"floor":31,"key":"EntropicBrew"},{"floor":39,"key":"Explosive Potion"}],"is_trial":false,"path_per_floor":["M","$","?","M","?","E","?","R","T","M","M","M","M","?","R","B",null,"M","?","M","$","M","R","$","T","T","R","M","R","?","M","R","B",null,"M","M","$","?","M","R","M","R","T","?","M","R","?","?","R","B"],"character_chosen":"IRONCLAD","items_purchased":["Burning Pact","Iron Wave","War Paint","Disarm","Oddly Smooth Stone"],"campfire_rested":5,"item_purchase_floors":[2,21,21,24,37],"current_hp_per_floor":[47,47,67,65,65,13,39,63,63,66,62,61,51,35,59,29,67,61,61,50,50,27,51,51,58,58,58,60,60,70,73,73,52,86,51,51,51,51,35,64,67,67,67,67,38,67,67,91,91,0],"gold":87,"neow_bonus":"TRANSFORM_TWO_CARDS","is_prod":false,"is_daily":false,"chose_seed":false,"campfire_upgraded":5,"win_rate":0,"timestamp":1548094204,"path_taken":["M","$","?","M","?","E","?","R","T","M","M","M","?","?","R","BOSS","M","?","M","$","M","R","$","?","T","R","M","R","?","M","R","BOSS","M","M","$","?","M","R","M","R","T","?","M","R","?","?","R","BOSS"],"build_version":"2019-01-17v2","purchased_purges":1,"victory":false,"max_hp_per_floor":[80,80,80,80,80,80,80,80,80,80,80,80,80,80,80,80,80,80,80,80,80,80,80,80,87,87,87,87,87,97,97,97,97,97,97,97,97,97,97,97,97,97,97,97,97,97,97,97,97,97],"card_choices":[{"not_picked":["Shrug It Off","Clash"],"picked":"Spot Weakness","floor":1},{"not_picked":["Sword Boomerang","Shockwave","Dropkick"],"picked":"SKIP","floor":4},{"not_picked":["Shockwave","Entrench"],"picked":"Sentinel","floor":6},{"not_picked":["Perfected Strike","Combust"],"picked":"Feel No Pain","floor":10},{"not_picked":["Cleave","Combust"],"picked":"Fiend Fire","floor":11},{"not_picked":["Armaments","Headbutt"],"picked":"Rampage","floor":12},{"not_picked":["Flame Barrier","Clothesline"],"picked":"Flex","floor":13},{"not_picked":["Double Tap","Offering"],"picked":"Demon Form","floor":16},{"not_picked":["Pommel Strike"],"picked":"SKIP","floor":18},{"not_picked":[],"picked":"Inflame","floor":20},{"not_picked":["Wild Strike"],"picked":"SKIP","floor":22},{"not_picked":["Headbutt"],"picked":"SKIP","floor":28},{"not_picked":["Sword Boomerang+1"],"picked":"SKIP","floor":31},{"not_picked":["Uppercut"],"picked":"SKIP","floor":35},{"not_picked":[],"picked":"Shrug It Off","floor":36},{"not_picked":["Clothesline"],"picked":"SKIP","floor":39},{"not_picked":["Wild Strike+1"],"picked":"SKIP","floor":41},{"not_picked":["Wild Strike"],"picked":"SKIP","floor":45},{"not_picked":[],"picked":"Metamorphosis","floor":47}],"player_experience":284900,"relics_obtained":[{"floor":6,"key":"Pocketwatch"},{"floor":9,"key":"Gremlin Horn"},{"floor":25,"key":"Strawberry"},{"floor":26,"key":"Anchor"},{"floor":43,"key":"Whetstone"}],"event_choices":[{"damage_healed":20,"gold_gain":0,"player_choice":"Healed","damage_taken":0,"max_hp_gain":0,"max_hp_loss":0,"event_name":"The Cleric","floor":3,"gold_loss":35},{"damage_healed":0,"gold_gain":175,"player_choice":"AGREE","damage_taken":0,"max_hp_gain":0,"max_hp_loss":0,"event_name":"Liars Game","floor":5,"gold_loss":0,"cards_obtained":["Doubt"]},{"damage_healed":26,"gold_gain":0,"player_choice":"Banana","damage_taken":0,"max_hp_gain":0,"max_hp_loss":0,"event_name":"Big Fish","floor":7,"gold_loss":0},{"damage_healed":0,"gold_gain":0,"player_choice":"Entered Light","damage_taken":16,"max_hp_gain":0,"max_hp_loss":0,"event_name":"Shining Light","floor":14,"gold_loss":0,"cards_upgraded":["Defend_R","Bash"]},{"cards_removed":["Strike_R"],"damage_healed":0,"gold_gain":0,"player_choice":"Upgrade and Remove","damage_taken":0,"max_hp_gain":0,"max_hp_loss":0,"event_name":"Designer","floor":19,"gold_loss":90,"cards_upgraded":["Limit Break"]},{"damage_healed":0,"gold_gain":0,"player_choice":"Obtained Relic","damage_taken":0,"relics_obtained":["Pear"],"max_hp_gain":0,"max_hp_loss":0,"event_name":"Addict","floor":30,"gold_loss":85},{"cards_removed":["Bash"],"damage_healed":0,"gold_gain":0,"player_choice":"Removed Attack","damage_taken":0,"max_hp_gain":0,"max_hp_loss":0,"event_name":"Falling","floor":38,"gold_loss":0},{"damage_healed":0,"gold_gain":0,"player_choice":"Ignored","damage_taken":0,"max_hp_gain":0,"max_hp_loss":0,"event_name":"Mysterious Sphere","floor":44,"gold_loss":0},{"damage_healed":0,"gold_gain":0,"player_choice":"Memory 1","damage_taken":0,"max_hp_gain":0,"max_hp_loss":0,"event_name":"SensoryStone","floor":47,"gold_loss":0},{"damage_healed":24,"gold_gain":0,"player_choice":"Writhe","damage_taken":0,"max_hp_gain":0,"max_hp_loss":0,"event_name":"Winding Halls","floor":48,"gold_loss":0,"cards_obtained":["Writhe"]}],"is_beta":false,"boss_relics":[{"not_picked":["Mark of Pain","Runic Cube"],"picked":"Busted Crown"},{"not_picked":["Black Blood","Lizard Tail"],"picked":"Empty Cage"}],"items_purged_floors":[21],"is_endless":false,"potions_floor_spawned":[4,11,12,13,16,20,22,31,39],"killed_by":"Awakened One","ascension_level":12}