{"gold_per_floor":[119,119,14,14,14,14,50,75,102,118,118,118],"floor_reached":12,"playtime":1430,"items_purged":[],"score":76,"play_id":"7a78aea9-3a90-433a-96fa-bea8ad97e759","local_time":"20190220135801","is_ascension_mode":false,"campfire_choices":[{"floor":6,"key":"REST"},{"floor":11,"key":"REST"}],"neow_cost":"NONE","seed_source_timestamp":0,"circlet_count":0,"master_deck":["Defend_G","Defend_G+1","Defend_G+1","Defend_G","Defend_G","Strike_G","Strike_G","Strike_G","Strike_G","Strike_G","Survivor","Neutralize","Eviscerate","Acrobatics","Underhanded Strike+1","Underhanded Strike","Backflip","Underhanded Strike"],"special_seed":0,"relics":["Ring of the Snake","Golden Idol","Letter Opener","Lantern"],"potions_floor_usage":[],"damage_taken":[{"damage":0,"enemies":"Small Slimes","floor":1,"turns":4},{"damage":46,"enemies":"Lagavulin","floor":7,"turns":12},{"damage":5,"enemies":"2 Louse","floor":8,"turns":3},{"damage":0,"enemies":"Jaw Worm","floor":10,"turns":2},{"damage":39,"enemies":"3 Sentries","floor":12,"turns":8}],"seed_played":"-4519110037671810698","potions_obtained":[{"floor":1,"key":"Block Potion"},{"floor":10,"key":"SteroidPotion"}],"is_trial":false,"path_per_floor":["M","?","$","?","?","R","E","M","T","M","R","E"],"character_chosen":"THE_SILENT","items_purchased":["Acrobatics","Underhanded Strike"],"campfire_rested":2,"item_purchase_floors":[3,3],"current_hp_per_floor":[77,62,62,62,43,66,20,15,15,15,38,0],"gold":118,"neow_bonus":"TEN_PERCENT_HP_BONUS","is_prod":false,"is_daily":false,"chose_seed":false,"campfire_upgraded":0,"win_rate":0.0,"timestamp":1550667481,"path_taken":["M","?","$","?","?","R","E","M","T","M","R","E"],"build_version":"2019-01-23","purchased_purges":0,"victory":false,"max_hp_per_floor":[77,77,77,77,77,77,77,77,77,77,77,77],"card_choices":[{"not_picked":["Deflect","Masterful Stab"],"picked":"Eviscerate","floor":1},{"not_picked":["Dash","Predator"],"picked":"Underhanded Strike","floor":7},{"not_picked":["Endless Agony","Eviscerate"],"picked":"Backflip","floor":8},{"not_picked":["PiercingWail","Sucker Punch"],"picked":"Underhanded Strike","floor":10}],"player_experience":10696,"relics_obtained":[{"floor":7,"key":"Letter Opener"},{"floor":9,"key":"Lantern"}],"event_choices":[{"damage_healed":0,"gold_gain":0,"player_choice":"Entered Light","damage_taken":15,"max_hp_gain":0,"max_hp_loss":0,"event_name":"Shining Light","floor":2,"gold_loss":0,"cards_upgraded":["Defend_G","Defend_G"]},{"damage_healed":0,"gold_gain":0,"player_choice":"Grow","damage_taken":0,"max_hp_gain":0,"max_hp_loss":0,"event_name":"Living Wall","floor":4,"gold_loss":0,"cards_upgraded":["Underhanded Strike"]},{"damage_healed":0,"gold_gain":0,"player_choice":"Take Damage","damage_taken":19,"relics_obtained":["Golden Idol"],"max_hp_gain":0,"max_hp_loss":0,"event_name":"Golden Idol","floor":5,"gold_loss":0}],"is_beta":false,"boss_relics":[],"items_purged_floors":[],"is_endless":false,"potions_floor_spawned":[1,10],"killed_by":"3 Sentries","ascension_level":0}