{"gold_per_floor":[111,111,130,95,60,94,113,141,141,165,236,248,248,264,264,264],"floor_reached":16,"playtime":5898,"items_purged":[],"score":171,"play_id":"9eb454c2-51cf-4a25-bb67-926671b74aa1","local_time":"20181104170118","is_ascension_mode":true,"campfire_choices":[{"floor":15,"key":"REST"}],"neow_cost":"NONE","seed_source_timestamp":834082850126846,"circlet_count":0,"master_deck":["AscendersBane","Strike_R","Strike_R","Strike_R","Strike_R","Strike_R","Defend_R+1","Defend_R","Defend_R","Defend_R+1","Bash+1","Cleave","Clash","Corruption","Bludgeon","Sentinel","Burning Pact+1","Entrench+1","Shrug It Off+1"],"relics":["Burning Blood","Letter Opener","Toxic Egg 2","The Courier","Lantern"],"potions_floor_usage":[6,8,16],"damage_taken":[{"damage":6,"enemies":"Cultist","floor":1,"turns":3},{"damage":7,"enemies":"Jaw Worm","floor":3,"turns":3},{"damage":30,"enemies":"Lagavulin","floor":6,"turns":7},{"damage":12,"enemies":"Small Slimes","floor":7,"turns":3},{"damage":32,"enemies":"Gremlin Nob","floor":8,"turns":4},{"damage":6,"enemies":"Looter","floor":12,"turns":2},{"damage":7,"enemies":"2 Fungi Beasts","floor":14,"turns":3},{"damage":41,"enemies":"The Guardian","floor":16,"turns":8}],"seed_played":"5029572227062747049","potions_obtained":[{"floor":3,"key":"SteroidPotion"},{"floor":6,"key":"Fire Potion"},{"floor":8,"key":"Dexterity Potion"}],"is_trial":false,"path_per_floor":["M","?","M","?","$","E","M","E","T","T","?","M","$","M","R","B"],"character_chosen":"IRONCLAD","items_purchased":["Corruption"],"campfire_rested":1,"item_purchase_floors":[5],"current_hp_per_floor":[72,56,55,75,75,51,45,19,19,19,19,19,19,18,42,1],"gold":264,"neow_bonus":"UPGRADE_CARD","is_prod":false,"is_daily":false,"chose_seed":false,"campfire_upgraded":0,"win_rate":0,"timestamp":1541347278,"path_taken":["M","?","M","?","?","E","?","E","T","?","?","M","$","M","R","BOSS"],"build_version":"2018-11-01","purchased_purges":0,"victory":false,"max_hp_per_floor":[80,80,80,80,80,80,80,80,80,80,80,80,80,80,80,80],"card_choices":[{"not_picked":["Havoc","Sword Boomerang"],"picked":"Cleave","floor":1},{"not_picked":["Corruption","Anger"],"picked":"Clash","floor":3},{"not_picked":["Carnage","Flex"],"picked":"Bludgeon","floor":6},{"not_picked":["Searing Blow","Ghostly Armor"],"picked":"Sentinel","floor":7},{"not_picked":["Anger","Hemokinesis"],"picked":"Burning Pact","floor":8},{"not_picked":["Reckless Charge","Perfected Strike"],"picked":"Entrench+1","floor":12},{"not_picked":["Anger","Wild Strike"],"picked":"Shrug It Off+1","floor":14}],"player_experience":1123074,"relics_obtained":[{"floor":6,"key":"Letter Opener"},{"floor":8,"key":"Toxic Egg 2"},{"floor":9,"key":"The Courier"},{"floor":10,"key":"Lantern"}],"event_choices":[{"damage_healed":0,"gold_gain":0,"player_choice":"Entered Light","damage_taken":16,"max_hp_gain":0,"max_hp_loss":0,"event_name":"Shining Light","floor":2,"gold_loss":0,"cards_upgraded":["Defend_R","Defend_R"]},{"damage_healed":20,"gold_gain":0,"player_choice":"Healed","damage_taken":0,"max_hp_gain":0,"max_hp_loss":0,"event_name":"The Cleric","floor":4,"gold_loss":35},{"damage_healed":0,"gold_gain":71,"player_choice":"Gained Gold","damage_taken":0,"max_hp_gain":0,"max_hp_loss":0,"event_name":"Golden Wing","floor":11,"gold_loss":0}],"is_beta":false,"boss_relics":[],"items_purged_floors":[],"is_endless":false,"potions_floor_spawned":[3,6,8],"killed_by":"The Guardian","ascension_level":11}