{"gold_per_floor":[114,114,124,134,99,99,133,133,133,149,110,123,123,152,152,255,255,272,187,187,152,167,192,192,192],"floor_reached":25,"playtime":2758,"items_purged":[],"score":436,"play_id":"0feefe4d-375c-4f11-84a1-ceb2e68ab77c","local_time":"20190107113628","is_ascension_mode":true,"campfire_choices":[{"data":"Inflame","floor":6,"key":"SMITH"},{"data":"Berserk","floor":8,"key":"SMITH"},{"data":"Metallicize","floor":13,"key":"SMITH"},{"data":"Heavy Blade","floor":15,"key":"SMITH"},{"data":"Inflame","floor":24,"key":"SMITH"}],"neow_cost":"NONE","seed_source_timestamp":943632603961628,"circlet_count":0,"master_deck":["AscendersBane","Strike_R","Strike_R","Strike_R","Strike_R","Defend_R","Defend_R","Defend_R","Defend_R","Bash","Pommel Strike","Metallicize+1","Disarm","Inflame+1","Berserk+1","Cleave","Rupture","Heavy Blade+1","Brutality","Offering","Ghostly Armor","Metallicize+1","Inflame+1","Iron Wave","Shrug It Off"],"relics":["Burning Blood","NeowsBlessing","Mummified Hand","Question Card","Shuriken","Eternal Feather","Potion Belt","Prayer Wheel"],"potions_floor_usage":[7,14,23,23,23],"damage_taken":[{"damage":0,"enemies":"2 Louse","floor":1,"turns":1},{"damage":0,"enemies":"Cultist","floor":3,"turns":1},{"damage":0,"enemies":"Small Slimes","floor":4,"turns":1},{"damage":17,"enemies":"Exordium Thugs","floor":5,"turns":5},{"damage":20,"enemies":"Lagavulin","floor":7,"turns":6},{"damage":6,"enemies":"2 Fungi Beasts","floor":10,"turns":4},{"damage":11,"enemies":"Blue Slaver","floor":12,"turns":3},{"damage":2,"enemies":"3 Sentries","floor":14,"turns":5},{"damage":4,"enemies":"Slime Boss","floor":16,"turns":5},{"damage":26,"enemies":"2 Thieves","floor":18,"turns":4},{"damage":15,"enemies":"3 Byrds","floor":22,"turns":6},{"damage":21,"enemies":"Book of Stabbing","floor":23,"turns":4},{"damage":32,"enemies":"Slavers","floor":25,"turns":4}],"seed_played":"-7950676783793699383","potions_obtained":[{"floor":5,"key":"SteroidPotion"},{"floor":7,"key":"EssenceOfSteel"},{"floor":14,"key":"PowerPotion"},{"floor":16,"key":"SkillPotion"},{"floor":22,"key":"Dexterity Potion"}],"is_trial":false,"path_per_floor":["M","?","M","M","M","R","E","R","T","M","$","M","R","E","R","B",null,"M","?","?","$","M","E","R","E"],"character_chosen":"IRONCLAD","items_purchased":["Rupture","Inflame"],"campfire_rested":0,"item_purchase_floors":[11,21],"current_hp_per_floor":[78,78,80,80,69,69,55,55,55,55,55,50,50,54,54,56,74,54,54,54,54,45,30,45,13],"gold":192,"neow_bonus":"THREE_ENEMY_KILL","is_prod":false,"is_daily":false,"chose_seed":false,"campfire_upgraded":5,"win_rate":0,"timestamp":1546857388,"path_taken":["M","?","M","M","?","R","E","R","T","M","$","?","R","E","R","BOSS","M","?","?","$","?","E","R","E"],"build_version":"2019-01-03v4","purchased_purges":0,"victory":false,"max_hp_per_floor":[80,80,80,80,80,80,80,80,80,80,80,80,80,80,80,80,80,80,80,80,80,80,80,80,80],"card_choices":[{"not_picked":["Heavy Blade","Feel No Pain"],"picked":"Pommel Strike","floor":1},{"not_picked":["Armaments","Twin Strike"],"picked":"Metallicize","floor":3},{"not_picked":["Thunderclap","Searing Blow"],"picked":"Disarm","floor":4},{"not_picked":["Hemokinesis","Sword Boomerang"],"picked":"Inflame","floor":5},{"not_picked":["Pommel Strike","Havoc"],"picked":"Berserk","floor":7},{"not_picked":["Clothesline","Searing Blow","Warcry"],"picked":"Cleave","floor":10},{"not_picked":["Anger","Sword Boomerang","Headbutt"],"picked":"Heavy Blade","floor":12},{"not_picked":["Sever Soul","Power Through","Armaments"],"picked":"Brutality","floor":14},{"not_picked":["Dark Embrace","Berserk","Barricade"],"picked":"Offering","floor":16},{"not_picked":["Heavy Blade","Armaments+1","Spot Weakness"],"picked":"Ghostly Armor","floor":18},{"not_picked":["Bloodletting","Shrug It Off","Flex+1"],"picked":"Iron Wave","floor":22},{"not_picked":["Warcry+1","Seeing Red","Armaments+1"],"picked":"Shrug It Off","floor":23}],"player_experience":1916314,"relics_obtained":[{"floor":7,"key":"Mummified Hand"},{"floor":9,"key":"Question Card"},{"floor":14,"key":"Shuriken"},{"floor":23,"key":"Prayer Wheel"}],"event_choices":[{"cards_removed":["Strike_R"],"damage_healed":0,"gold_gain":0,"player_choice":"Purged","damage_taken":0,"max_hp_gain":0,"max_hp_loss":0,"event_name":"Purifier","floor":2,"gold_loss":0},{"damage_healed":0,"gold_gain":0,"player_choice":"Obtained Relic","damage_taken":0,"relics_obtained":["Potion Belt"],"max_hp_gain":0,"max_hp_loss":0,"event_name":"Addict","floor":19,"gold_loss":85},{"damage_healed":0,"gold_gain":0,"player_choice":"Copied","damage_taken":0,"max_hp_gain":0,"max_hp_loss":0,"event_name":"Duplicator","floor":20,"gold_loss":0,"cards_obtained":["Metallicize"]}],"is_beta":false,"boss_relics":[{"not_picked":["Fusion Hammer","Lizard Tail"],"picked":"Eternal Feather"}],"items_purged_floors":[],"is_endless":false,"potions_floor_spawned":[5,7,14,16,18,22],"killed_by":"Slavers","ascension_level":11}