{"gold_per_floor":[119,130,205,205,205,205,238,238,238,238,163,163,189,44,44,149,149,167,177,227,242,117,117,152,152,152,212,312,312,343,193,193,295,295,315,326,151,168,188,188,214,226,226,226,244,244,4,80,80,80],"floor_reached":51,"playtime":4276,"items_purged":["Strike_B","Strike_B","Strike_B","Defend_B","Recycle+1"],"score":1259,"play_id":"ae1582aa-5b91-41ed-82d6-943f912a3ac5","local_time":"20190211193322","is_ascension_mode":true,"campfire_choices":[{"data":"Dualcast","floor":6.0,"key":"SMITH"},{"data":"Defragment","floor":8.0,"key":"SMITH"},{"data":"Defragment","floor":10.0,"key":"SMITH"},{"data":"Zap","floor":12.0,"key":"SMITH"},{"data":"Blizzard","floor":15.0,"key":"SMITH"},{"floor":23,"key":"REST"},{"data":"Chill","floor":25,"key":"SMITH"},{"data":"Echo Form","floor":29,"key":"SMITH"},{"floor":32,"key":"REST"},{"data":"Defragment","floor":40,"key":"SMITH"},{"floor":44,"key":"REST"},{"floor":49,"key":"REST"}],"neow_cost":"NONE","seed_source_timestamp":2475810889316330,"circlet_count":0,"master_deck":["AscendersBane","Zap+1","Dualcast+1","Defragment+1","Cold Snap","Cold Snap","Defragment+1","Blizzard+1","Cold Snap","Echo Form+1","Chill+1","Coolheaded","Defragment+1","Coolheaded+1","Reboot","Hologram+1","Darkness+1","Capacitor+1","Conserve Battery","FTL+1","Thinking Ahead+1"],"special_seed":0,"relics":["Cracked Core","Bag of Marbles","Symbiotic Virus","Meat on the Bone","Runic Dome","Pen Nib","Incense Burner","Tiny Chest","Letter Opener","Astrolabe","Toxic Egg 2","Lantern","Dodecahedron"],"potions_floor_usage":[30,33,42,50,50],"damage_taken":[{"damage":0.0,"enemies":"Small Slimes","floor":1.0,"turns":2.0},{"damage":0.0,"enemies":"Cultist","floor":2.0,"turns":4.0},{"damage":10.0,"enemies":"Gremlin Nob","floor":7.0,"turns":5.0},{"damage":3.0,"enemies":"Lagavulin","floor":13.0,"turns":6.0},{"damage":0.0,"enemies":"Slime Boss","floor":16.0,"turns":9.0},{"damage":4.0,"enemies":"Shell Parasite","floor":18.0,"turns":6.0},{"damage":6.0,"enemies":"Chosen","floor":19.0,"turns":3.0},{"damage":13,"enemies":"Shelled Parasite and Fungi","floor":21,"turns":4},{"damage":9,"enemies":"Gremlin Leader","floor":24,"turns":6},{"damage":5,"enemies":"Slavers","floor":27,"turns":6},{"damage":12,"enemies":"Book of Stabbing","floor":30,"turns":5},{"damage":3,"enemies":"Collector","floor":33,"turns":8},{"damage":9,"enemies":"3 Darklings","floor":35,"turns":4},{"damage":7,"enemies":"Orb Walker","floor":36,"turns":4},{"damage":23,"enemies":"Spire Growth","floor":38,"turns":5},{"damage":0,"enemies":"Jaw Worm Horde","floor":39,"turns":5},{"damage":21,"enemies":"Nemesis","floor":41,"turns":7},{"damage":17,"enemies":"Transient","floor":42,"turns":5},{"damage":0,"enemies":"Maw","floor":45,"turns":6},{"damage":0,"enemies":"Donu and Deca","floor":50,"turns":6}],"seed_played":"-772829570364352460","potions_obtained":[{"floor":1.0,"key":"Weak Potion"},{"floor":18.0,"key":"Strength Potion"},{"floor":24,"key":"GamblersBrew"},{"floor":30,"key":"Strength Potion"},{"floor":33,"key":"EssenceOfSteel"},{"floor":39,"key":"Dexterity Potion"},{"floor":45,"key":"EssenceOfSteel"}],"is_trial":false,"path_per_floor":["M","M","?","?","?","R","E","R","T","R","$","R","E","$","R","B",null,"M","M","?","M","$","R","E","R","T","E","?","R","E","$","R","B",null,"M","M","$","M","M","R","E","M","T","R","M","?","$","T","R","B",null],"character_chosen":"DEFECT","items_purchased":["Cold Snap","Thinking Ahead+1","Swift Potion"],"campfire_rested":4,"item_purchase_floors":[14,47,47],"current_hp_per_floor":[68,68,57,57,62,62,52,52,52,52,52,52,49,49,49,49,72,68,62,62,49,49,73,64,64,64,59,59,59,47,47,71,68,77,68,61,61,50,50,50,41,36,36,60,60,60,60,60,80,80],"gold":80,"neow_bonus":"THREE_CARDS","is_prod":false,"is_daily":false,"chose_seed":false,"campfire_upgraded":8,"win_rate":0,"timestamp":1549881202,"path_taken":["M","M","?","?","?","R","E","R","T","R","$","R","E","$","R","BOSS","M","M","?","?","$","R","E","R","T","E","?","R","E","$","R","BOSS","M","M","$","M","M","R","E","?","T","R","M","?","$","?","R","BOSS"],"build_version":"2019-01-23","purchased_purges":5,"victory":true,"max_hp_per_floor":[75,75,75,75,80,80,80,80,80,80,80,80,80,80,80,80,80,80,80,80,80,80,80,80,80,80,80,80,80,80,80,80,80,80,80,80,80,80,80,80,80,80,80,80,80,80,80,80,80,80],"card_choices":[{"not_picked":["Go for the Eyes","Beam Cell"],"picked":"Defragment","floor":0.0},{"not_picked":["Blizzard","Leap"],"picked":"Cold Snap","floor":1.0},{"not_picked":["Stack","Darkness"],"picked":"Cold Snap","floor":2.0},{"not_picked":["Rebound","Doom and Gloom"],"picked":"Defragment","floor":7.0},{"not_picked":["Ball Lightning","Beam Cell"],"picked":"Blizzard","floor":13.0},{"not_picked":["Machine Learning","Creative AI"],"picked":"Echo Form","floor":16.0},{"not_picked":["Conserve Battery+1","Turbo"],"picked":"Chill","floor":18.0},{"not_picked":["Compile Driver","Sweeping Beam"],"picked":"Coolheaded","floor":19.0},{"not_picked":["Compile Driver","Storm"],"picked":"Defragment","floor":21},{"not_picked":["Double Energy","Beam Cell"],"picked":"Coolheaded+1","floor":24},{"not_picked":["Steam Power","Echo Form","Beam Cell"],"picked":"SKIP","floor":27},{"not_picked":["Compile Driver","Auto Shields","Leap"],"picked":"SKIP","floor":30},{"not_picked":["Buffer","Meteor Strike"],"picked":"Reboot","floor":33},{"not_picked":["Chill","Redo"],"picked":"Capacitor+1","floor":35},{"not_picked":["Hologram","Beam Cell","Ball Lightning"],"picked":"SKIP","floor":36},{"not_picked":["Hologram","Ball Lightning"],"picked":"Conserve Battery","floor":38},{"not_picked":["Beam Cell","Sweeping Beam"],"picked":"FTL+1","floor":39},{"not_picked":["Gash+1","Beam Cell","Compile Driver"],"picked":"SKIP","floor":41},{"not_picked":["Lockon","Stack+1","Turbo+1"],"picked":"SKIP","floor":42},{"not_picked":["Auto Shields+1","Recycle+1","Skim+1"],"picked":"SKIP","floor":45}],"player_experience":547094,"relics_obtained":[{"floor":7.0,"key":"Bag of Marbles"},{"floor":9.0,"key":"Symbiotic Virus"},{"floor":13.0,"key":"Meat on the Bone"},{"floor":24,"key":"Pen Nib"},{"floor":26,"key":"Incense Burner"},{"floor":27,"key":"Tiny Chest"},{"floor":30,"key":"Letter Opener"},{"floor":41,"key":"Toxic Egg 2"},{"floor":43,"key":"Lantern"},{"floor":48,"key":"Dodecahedron"}],"event_choices":[{"damage_healed":0.0,"max_hp_gain":0.0,"max_hp_loss":0.0,"gold_gain":75.0,"event_name":"World of Goop","player_choice":"Gather Gold","floor":3.0,"gold_loss":0.0,"damage_taken":11.0},{"cards_removed":["Strike_B"],"damage_healed":0.0,"max_hp_gain":0.0,"max_hp_loss":0.0,"gold_gain":0.0,"event_name":"Living Wall","player_choice":"Forget","floor":4.0,"gold_loss":0.0,"damage_taken":0.0},{"damage_healed":0.0,"max_hp_gain":5.0,"max_hp_loss":0.0,"gold_gain":0.0,"event_name":"Big Fish","player_choice":"Donut","floor":5.0,"gold_loss":0.0,"damage_taken":0.0},{"damage_healed":0.0,"max_hp_gain":0.0,"max_hp_loss":0.0,"gold_gain":100.0,"event_name":"The Joust","player_choice":"Bet on Murderer","floor":20.0,"gold_loss":50.0,"damage_taken":0.0},{"damage_healed":0,"gold_gain":100,"player_choice":"Pray","damage_taken":0,"max_hp_gain":0,"max_hp_loss":0,"event_name":"Golden Shrine","floor":28,"gold_loss":0},{"damage_healed":0,"gold_gain":0,"player_choice":"Ignored","damage_taken":0,"max_hp_gain":0,"max_hp_loss":0,"event_name":"Tomb of Lord Red Mask","floor":46,"gold_loss":0}],"is_beta":false,"boss_relics":[{"not_picked":["Lizard Tail","Philosopher\u0027s Stone"],"picked":"Runic Dome"},{"not_picked":["Pandora\u0027s Box","White Beast Statue"],"picked":"Astrolabe"}],"items_purged_floors":[11,14,22,31,37],"is_endless":false,"potions_floor_spawned":[1,18,24,30,33,39,41,45],"ascension_level":12}