{"gold_per_floor":[117,130,141,141,141,141,141,177,177,191,210,210,241,257,257,351,351,374,387,387,387,401,401,416,431,431,454,479,479,479,520,520,616,616,640,471,487,487,506,506],"floor_reached":40,"playtime":2072,"items_purged":[],"score":840,"play_id":"beec5be2-cb4d-4bcb-8e3d-8bca13a347ae","local_time":"20190103105848","is_ascension_mode":true,"campfire_choices":[{"data":"Corruption","floor":6.0,"key":"SMITH"},{"floor":12.0,"key":"REST"},{"data":"Clothesline","floor":15.0,"key":"SMITH"},{"data":"Barricade","floor":23.0,"key":"SMITH"},{"data":"Disarm","floor":30.0,"key":"SMITH"},{"floor":32.0,"key":"REST"}],"neow_cost":"NONE","seed_source_timestamp":157017667722031,"circlet_count":0,"master_deck":["AscendersBane","Strike_R+1","Strike_R+1","Strike_R+1","Strike_R+1","Strike_R+1","Defend_R+1","Defend_R+1","Defend_R+1","Defend_R+1","Bash+1","Sword Boomerang","Corruption+1","Offering+1","Battle Trance","Feel No Pain","Clothesline+1","Intimidate","Intimidate","Barricade+1","Iron Wave","Disarm+1","Spot Weakness+1","Headbutt","Battle Trance","Flame Barrier","Reaper","Havoc+1","Demon Form"],"special_seed":0,"relics":["Burning Blood","Omamori","Golden Idol","Self Forming Clay","Meat on the Bone","Runic Pyramid","Nilry\u0027s Codex","Darkstone Periapt","Vajra","Champion Belt","Cursed Key","War Paint"],"potions_floor_usage":[40],"damage_taken":[{"damage":10.0,"enemies":"Small Slimes","floor":1.0,"turns":3.0},{"damage":9.0,"enemies":"2 Louse","floor":2.0,"turns":4.0},{"damage":2.0,"enemies":"Cultist","floor":3.0,"turns":4.0},{"damage":31.0,"enemies":"Lagavulin","floor":8.0,"turns":6.0},{"damage":12.0,"enemies":"Large Slime","floor":10.0,"turns":6.0},{"damage":27.0,"enemies":"Exordium Wildlife","floor":11.0,"turns":7.0},{"damage":21.0,"enemies":"Gremlin Nob","floor":13.0,"turns":5.0},{"damage":3.0,"enemies":"Blue Slaver","floor":14.0,"turns":5.0},{"damage":33.0,"enemies":"The Guardian","floor":16.0,"turns":12.0},{"damage":16.0,"enemies":"2 Thieves","floor":18.0,"turns":5.0},{"damage":18.0,"enemies":"3 Byrds","floor":19.0,"turns":2.0},{"damage":9.0,"enemies":"Centurion and Healer","floor":22.0,"turns":8.0},{"damage":6.0,"enemies":"Snake Plant","floor":24.0,"turns":6.0},{"damage":22.0,"enemies":"Sentry and Sphere","floor":25.0,"turns":7.0},{"damage":6.0,"enemies":"3 Cultists","floor":28.0,"turns":4.0},{"damage":35.0,"enemies":"Slavers","floor":31.0,"turns":5.0},{"damage":19.0,"enemies":"Champ","floor":33.0,"turns":11.0},{"damage":8.0,"enemies":"Orb Walker","floor":35.0,"turns":3.0},{"damage":36.0,"enemies":"3 Darklings","floor":37.0,"turns":5.0},{"damage":13,"enemies":"Sphere and 2 Shapes","floor":39,"turns":7},{"damage":80,"enemies":"Reptomancer","floor":40,"turns":3}],"seed_played":"3879753090182609376","potions_obtained":[{"floor":2.0,"key":"Poison Potion"},{"floor":11.0,"key":"Ancient Potion"},{"floor":13.0,"key":"FearPotion"},{"floor":14.0,"key":"Block Potion"},{"floor":18.0,"key":"LiquidBronze"},{"floor":24.0,"key":"GamblersBrew"},{"floor":25.0,"key":"EssenceOfSteel"},{"floor":28.0,"key":"Poison Potion"},{"floor":39,"key":"Weak Potion"}],"is_trial":false,"path_per_floor":["M","M","M","?","?","R","?","E","T","M","M","R","E","M","R","B",null,"M","M","?","?","M","R","M","M","T","T","M","$","R","E","R","B",null,"M","$","M","?","M","E"],"character_chosen":"IRONCLAD","items_purchased":["War Paint"],"campfire_rested":2,"item_purchase_floors":[36],"current_hp_per_floor":[64,61,65,65,65,65,65,40,40,34,13,35,20,35,35,20,61,51,51,51,30,39,39,51,47,47,47,47,47,47,30,52,51,69,67,67,74,74,75,0],"gold":506,"neow_bonus":"RANDOM_COMMON_RELIC","is_prod":false,"is_daily":false,"chose_seed":false,"campfire_upgraded":4,"win_rate":0,"timestamp":1546484328,"path_taken":["M","M","M","?","?","R","?","E","T","M","M","R","E","?","R","BOSS","M","M","?","?","M","R","M","M","T","?","M","$","R","E","R","BOSS","M","$","M","?","?","E"],"build_version":"2019-01-01","purchased_purges":0,"victory":false,"max_hp_per_floor":[75,75,75,75,75,75,75,75,75,75,75,75,75,75,75,75,75,75,75,75,75,75,75,75,75,75,75,75,75,75,75,75,75,75,75,75,75,75,75,75],"card_choices":[{"not_picked":["Twin Strike","Bloodletting"],"picked":"Sword Boomerang","floor":1.0},{"not_picked":["Warcry","Flex","Dual Wield"],"picked":"SKIP","floor":2.0},{"not_picked":["Evolve","Anger"],"picked":"Corruption","floor":3.0},{"not_picked":["Burning Pact","Exhume"],"picked":"Feel No Pain","floor":8.0},{"not_picked":["Power Through","Twin Strike"],"picked":"Clothesline","floor":10.0},{"not_picked":["Headbutt","Warcry"],"picked":"Intimidate","floor":11.0},{"not_picked":["Body Slam","Double Tap","Hemokinesis"],"picked":"SKIP","floor":13.0},{"not_picked":["Perfected Strike","Hemokinesis"],"picked":"Intimidate","floor":14.0},{"not_picked":["Fiend Fire","Offering"],"picked":"Barricade","floor":16.0},{"not_picked":["Havoc","True Grit"],"picked":"Iron Wave","floor":18.0},{"not_picked":["Pommel Strike","Iron Wave"],"picked":"Disarm","floor":19.0},{"not_picked":["Anger","Pommel Strike","Heavy Blade"],"picked":"SKIP","floor":22.0},{"not_picked":["Fire Breathing","Perfected Strike"],"picked":"Spot Weakness","floor":24.0},{"not_picked":["Intimidate","Heavy Blade"],"picked":"Headbutt","floor":25.0},{"not_picked":["Corruption","Clothesline"],"picked":"Battle Trance","floor":28.0},{"not_picked":["Iron Wave","Dropkick"],"picked":"Flame Barrier","floor":31.0},{"not_picked":["Double Tap","Limit Break"],"picked":"Reaper","floor":33.0},{"not_picked":["Clothesline","Iron Wave+1"],"picked":"Havoc+1","floor":35.0},{"not_picked":["Sever Soul","Reckless Charge","Infernal Blade"],"picked":"SKIP","floor":37.0},{"not_picked":["Clothesline","True Grit","Rage"],"picked":"SKIP","floor":39}],"player_experience":1301040,"relics_obtained":[{"floor":8.0,"key":"Self Forming Clay"},{"floor":13.0,"key":"Meat on the Bone"},{"floor":21.0,"key":"Nilry\u0027s Codex"},{"floor":26.0,"key":"Darkstone Periapt"},{"floor":27.0,"key":"Vajra"},{"floor":31.0,"key":"Champion Belt"}],"event_choices":[{"damage_healed":0.0,"max_hp_gain":0.0,"max_hp_loss":0.0,"gold_gain":0.0,"event_name":"Golden Idol","player_choice":"Take Wound","floor":4.0,"gold_loss":0.0,"damage_taken":0.0,"relics_obtained":["Golden Idol"],"cards_obtained":["Injury"]},{"damage_healed":0.0,"max_hp_gain":0.0,"max_hp_loss":0.0,"gold_gain":0.0,"event_name":"Living Wall","player_choice":"Grow","floor":5.0,"gold_loss":0.0,"damage_taken":0.0,"cards_upgraded":["Bash"]},{"damage_healed":0.0,"max_hp_gain":0.0,"max_hp_loss":0.0,"gold_gain":0.0,"event_name":"Match and Keep!","player_choice":"2 cards matched","floor":7.0,"gold_loss":0.0,"damage_taken":0.0,"cards_obtained":["Offering","Battle Trance"]},{"damage_healed":0.0,"max_hp_gain":0.0,"max_hp_loss":0.0,"gold_gain":0.0,"event_name":"Back to Basics","player_choice":"Simplicity","floor":20.0,"gold_loss":0.0,"damage_taken":0.0,"cards_upgraded":["Strike_R","Strike_R","Strike_R","Strike_R","Strike_R","Defend_R","Defend_R","Defend_R","Defend_R"]},{"damage_healed":0.0,"max_hp_gain":0.0,"max_hp_loss":0.0,"gold_gain":0.0,"event_name":"Cursed Tome","player_choice":"Obtained Book","floor":21.0,"gold_loss":0.0,"damage_taken":21.0},{"damage_healed":0.0,"max_hp_gain":0.0,"max_hp_loss":0.0,"gold_gain":0.0,"event_name":"Match and Keep!","player_choice":"1 cards matched","floor":38.0,"gold_loss":0.0,"damage_taken":0.0,"cards_obtained":["Demon Form"]}],"is_beta":true,"boss_relics":[{"not_picked":["Calling Bell","Coffee Dripper"],"picked":"Runic Pyramid"},{"not_picked":["Runic Dome","Lizard Tail"],"picked":"Cursed Key"}],"items_purged_floors":[],"is_endless":false,"potions_floor_spawned":[2,11,13,14,18,24,25,28,39],"killed_by":"Reptomancer","ascension_level":20}