{"gold_per_floor":[136,166,200,239,15,15,70,102,102,151,164,164,199,199,199,274,274,292,342,442,442,442,442,469,469,469,521,565,565,565,609,609,609],"floor_reached":33,"playtime":1167,"items_purged":[],"score":590,"play_id":"b27a40ab-d9fc-4bec-87b9-5e573b441198","local_time":"20190214112410","is_ascension_mode":true,"campfire_choices":[{"data":"Zap","floor":6.0,"key":"SMITH"},{"floor":12.0,"key":"REST"},{"data":"Defragment","floor":15.0,"key":"SMITH"},{"data":"HandOfGreed","floor":23.0,"key":"SMITH"},{"floor":25.0,"key":"REST"},{"floor":30,"key":"REST"},{"floor":32,"key":"REST"}],"neow_cost":"PERCENT_DAMAGE","seed_source_timestamp":73874926645784,"circlet_count":0,"master_deck":["AscendersBane","Strike_B","Strike_B","Defend_B","Defend_B","Defend_B","Defend_B","Zap+1","Dualcast","HandOfGreed+1","Dark Shackles","Steam","Defragment+1","Ball Lightning","Reinforced Body","Conserve Battery","Rebound","Capacitor","Genetic Algorithm","Electrodynamics","Conserve Battery","Defragment","Machine Learning","BootSequence","Defragment"],"special_seed":0,"relics":["Cracked Core","PreservedInsect","Blue Candle","Sundial","Kunai","Pear","Nuclear Battery","Nunchaku","Cables","Singing Bowl","Symbiotic Virus","Bottled Tornado"],"potions_floor_usage":[],"damage_taken":[{"damage":1.0,"enemies":"Cultist","floor":1.0,"turns":3.0},{"damage":0.0,"enemies":"Small Slimes","floor":2.0,"turns":2.0},{"damage":0.0,"enemies":"Jaw Worm","floor":3.0,"turns":3.0},{"damage":1.0,"enemies":"Looter","floor":4.0,"turns":3.0},{"damage":12.0,"enemies":"Lagavulin","floor":7.0,"turns":6.0},{"damage":3.0,"enemies":"3 Louse","floor":8.0,"turns":4.0},{"damage":7.0,"enemies":"3 Sentries","floor":10.0,"turns":5.0},{"damage":10.0,"enemies":"Large Slime","floor":11.0,"turns":6.0},{"damage":4.0,"enemies":"2 Fungi Beasts","floor":13.0,"turns":4.0},{"damage":30.0,"enemies":"Hexaghost","floor":16.0,"turns":9.0},{"damage":7.0,"enemies":"Spheric Guardian","floor":18.0,"turns":4.0},{"damage":22.0,"enemies":"Colosseum Slavers","floor":20.0,"turns":5.0},{"damage":0.0,"enemies":"Colosseum Nobs","floor":20.0,"turns":2.0},{"damage":34.0,"enemies":"Book of Stabbing","floor":24.0,"turns":5.0},{"damage":28.0,"enemies":"Slavers","floor":27.0,"turns":5.0},{"damage":0,"enemies":"3 Byrds","floor":28,"turns":2},{"damage":7,"enemies":"Sentry and Sphere","floor":31,"turns":4},{"damage":68,"enemies":"Automaton","floor":33,"turns":6}],"seed_played":"2760890071526590735","potions_obtained":[{"floor":2.0,"key":"Poison Potion"},{"floor":7.0,"key":"Poison Potion"},{"floor":11.0,"key":"AttackPotion"},{"floor":16.0,"key":"EssenceOfSteel"},{"floor":20.0,"key":"Energy Potion"},{"floor":27.0,"key":"Poison Potion"}],"is_trial":false,"path_per_floor":["M","M","M","M","$","R","E","M","T","E","M","R","M","?","R","B",null,"M","?","?","?","?","R","E","R","T","E","M","?","R","M","R","B"],"character_chosen":"DEFECT","items_purchased":["PreservedInsect","Explosive Potion"],"campfire_rested":4,"item_purchase_floors":[5,5],"current_hp_per_floor":[45,45,45,44,44,44,32,29,29,22,12,33,29,34,34,4,62,55,55,33,49,49,49,17,41,41,15,15,15,40,33,58,0],"gold":609,"neow_bonus":"RANDOM_COLORLESS_2","is_prod":false,"is_daily":false,"chose_seed":false,"campfire_upgraded":3,"win_rate":0,"timestamp":1550161450,"path_taken":["M","M","M","M","?","R","E","M","T","E","M","R","M","?","R","BOSS","M","?","?","?","?","R","E","R","T","E","M","?","R","M","R","BOSS"],"build_version":"2019-01-23","purchased_purges":0,"victory":false,"max_hp_per_floor":[71,71,71,71,71,71,71,71,71,71,71,71,71,81,81,81,81,81,81,81,81,81,81,83,83,83,85,85,85,85,85,85,85],"card_choices":[{"not_picked":["Redo","Leap"],"picked":"Steam","floor":1.0},{"not_picked":["Chill","Sweeping Beam"],"picked":"Defragment","floor":2.0},{"not_picked":["Go for the Eyes","Tempest"],"picked":"Ball Lightning","floor":3.0},{"not_picked":["Hologram","Multi-Cast"],"picked":"Reinforced Body","floor":4.0},{"not_picked":["Skim","Self Repair"],"picked":"Conserve Battery","floor":7.0},{"not_picked":["Redo","Coolheaded"],"picked":"Rebound","floor":8.0},{"not_picked":["White Noise","Gash"],"picked":"Capacitor","floor":10.0},{"not_picked":["Reprogram","Beam Cell"],"picked":"Genetic Algorithm","floor":11.0},{"not_picked":["Leap","Turbo","Rebound"],"picked":"SKIP","floor":13.0},{"not_picked":["Multi-Cast","Fission"],"picked":"Electrodynamics","floor":16.0},{"not_picked":["Turbo","Beam Cell","Double Energy"],"picked":"SKIP","floor":18.0},{"not_picked":["Ball Lightning","Steam"],"picked":"Conserve Battery","floor":20.0},{"not_picked":["Streamline","Redo","Aggregate"],"picked":"Singing Bowl","floor":24.0},{"not_picked":["Melter","Skim","Reprogram"],"picked":"Singing Bowl","floor":27.0},{"not_picked":["Beam Cell","Melter"],"picked":"Defragment","floor":28},{"not_picked":["Aggregate","Coolheaded"],"picked":"Defragment","floor":31}],"player_experience":1201906,"relics_obtained":[{"floor":7.0,"key":"Blue Candle"},{"floor":9.0,"key":"Sundial"},{"floor":10.0,"key":"Kunai"},{"floor":20.0,"key":"Nunchaku"},{"floor":20.0,"key":"Cables"},{"floor":24.0,"key":"Singing Bowl"},{"floor":26.0,"key":"Symbiotic Virus"},{"floor":27.0,"key":"Bottled Tornado"}],"event_choices":[{"damage_healed":0.0,"max_hp_gain":0.0,"max_hp_loss":0.0,"gold_gain":0.0,"event_name":"Scrap Ooze","player_choice":"Success","floor":14.0,"gold_loss":0.0,"damage_taken":5.0,"relics_obtained":["Pear"]},{"damage_healed":0.0,"max_hp_gain":0.0,"max_hp_loss":0.0,"gold_gain":50.0,"event_name":"Nest","player_choice":"Stole From Cult","floor":19.0,"gold_loss":0.0,"damage_taken":0.0},{"damage_healed":0.0,"max_hp_gain":0.0,"max_hp_loss":0.0,"gold_gain":0.0,"event_name":"Colosseum","player_choice":"Fight","floor":20.0,"gold_loss":0.0,"damage_taken":0.0},{"damage_healed":0.0,"max_hp_gain":0.0,"max_hp_loss":0.0,"gold_gain":0.0,"event_name":"Colosseum","player_choice":"Fought Nobs","floor":20.0,"gold_loss":0.0,"damage_taken":0.0},{"damage_healed":16.0,"max_hp_gain":0.0,"max_hp_loss":0.0,"gold_gain":0.0,"event_name":"The Library","player_choice":"Heal","floor":21.0,"gold_loss":0.0,"damage_taken":0.0},{"damage_healed":0.0,"max_hp_gain":0.0,"max_hp_loss":0.0,"gold_gain":0.0,"event_name":"Vampires","player_choice":"Ignored","floor":22.0,"gold_loss":0.0,"damage_taken":0.0},{"damage_healed":0,"gold_gain":0,"cards_transformed":["Strike_B","Strike_B"],"player_choice":"Became Test Subject","damage_taken":0,"max_hp_gain":0,"max_hp_loss":0,"event_name":"Drug Dealer","floor":29,"gold_loss":0,"cards_obtained":["Machine Learning","BootSequence"]}],"is_beta":false,"boss_relics":[{"not_picked":["FrozenCore","Velvet Choker"],"picked":"Nuclear Battery"}],"items_purged_floors":[],"is_endless":false,"potions_floor_spawned":[2,7,8,11,16,20,20,27],"killed_by":"Automaton","ascension_level":20}