{"gold_per_floor":[117,117,137,30,42,72,247,247,247,281,281,281,251,306,306,380,380,395,71,71,89,18,0,0],"floor_reached":24,"playtime":851,"items_purged":[],"score":330,"play_id":"6b73ab93-34df-4958-8677-8421ce348491","local_time":"20190204215140","is_ascension_mode":true,"campfire_choices":[{"floor":8,"key":"REST"},{"floor":15,"key":"REST"}],"neow_cost":"NONE","seed_source_timestamp":808989163993573,"circlet_count":0,"master_deck":["AscendersBane","Zap+1","Dualcast","Self Repair","Loop","Defragment","Auto Shields+1","Doubt","Stack","Defragment","Sunder+1","Echo Form","Loop","Force Field+1","Rip and Tear+1","Amplify+1","Self Repair","BootSequence+1","Sweeping Beam+1","Reboot+1","Conserve Battery+1","Consume+1","Ball Lightning+1","Ball Lightning+1","Hologram+1"],"relics":["Cracked Core","NeowsBlessing","Pantograph","Art of War","Lantern","DataDisk","Molten Egg 2","Toxic Egg 2","Pandora\u0027s Box","Meat on the Bone"],"potions_floor_usage":[6,14],"damage_taken":[{"damage":0,"enemies":"Jaw Worm","floor":1,"turns":1},{"damage":0,"enemies":"2 Louse","floor":3,"turns":1},{"damage":0,"enemies":"Cultist","floor":5,"turns":1},{"damage":45,"enemies":"Gremlin Nob","floor":6,"turns":4},{"damage":19,"enemies":"Lagavulin","floor":10,"turns":7},{"damage":6,"enemies":"Looter","floor":13,"turns":4},{"damage":32,"enemies":"Lagavulin Event","floor":14,"turns":5},{"damage":52,"enemies":"Hexaghost","floor":16,"turns":10},{"damage":12,"enemies":"Shell Parasite","floor":18,"turns":4},{"damage":24,"enemies":"2 Thieves","floor":21,"turns":4},{"damage":79,"enemies":"Slavers","floor":24,"turns":4}],"seed_played":"4266415295537100086","potions_obtained":[{"floor":5,"key":"GamblersBrew"},{"floor":6,"key":"Explosive Potion"},{"floor":16,"key":"FairyPotion"}],"is_trial":false,"path_per_floor":["M","?","M","?","M","E","?","R","T","E","?","T","M","?","R","B",null,"M","$","?","M","$","?","E"],"character_chosen":"DEFECT","items_purchased":["Consume+1","Meat on the Bone","Ball Lightning+1","Hologram+1"],"campfire_rested":2,"item_purchase_floors":[19,19,22,22],"current_hp_per_floor":[68,68,68,68,75,37,37,59,59,47,32,32,33,8,30,10,59,68,68,68,58,58,58,0],"gold":0,"neow_bonus":"THREE_ENEMY_KILL","is_prod":false,"is_daily":false,"chose_seed":false,"campfire_upgraded":0,"win_rate":0,"timestamp":1549313500,"path_taken":["M","?","M","?","?","E","?","R","T","E","?","?","?","?","R","BOSS","M","$","?","M","?","?","E"],"build_version":"2019-01-23","purchased_purges":0,"victory":false,"max_hp_per_floor":[75,75,75,75,75,75,75,75,75,75,75,75,75,75,75,75,75,75,75,75,75,75,75,75],"card_choices":[{"not_picked":["Stack","Turbo"],"picked":"Self Repair","floor":1},{"not_picked":["Ball Lightning","Hologram"],"picked":"Loop","floor":3},{"not_picked":["Chaos","Cold Snap"],"picked":"Defragment","floor":5},{"not_picked":["Go for the Eyes","Coolheaded"],"picked":"Auto Shields","floor":6},{"not_picked":["Aggregate","Doom and Gloom"],"picked":"Stack","floor":10},{"not_picked":["Compile Driver+1","Rebound+1"],"picked":"Defragment","floor":13},{"not_picked":["Rebound+1","Streamline+1"],"picked":"Sunder+1","floor":14},{"not_picked":["Multi-Cast+1","Thunder Strike+1"],"picked":"Echo Form","floor":16},{"not_picked":["Blizzard+1","Rebound+1"],"picked":"Conserve Battery+1","floor":18},{"not_picked":["Redo+1","Darkness+1"],"picked":"Ball Lightning+1","floor":21}],"player_experience":2168396,"relics_obtained":[{"floor":6,"key":"Art of War"},{"floor":9,"key":"Lantern"},{"floor":10,"key":"DataDisk"},{"floor":12,"key":"Molten Egg 2"}],"event_choices":[{"damage_healed":0,"gold_gain":0,"player_choice":"Grow","damage_taken":0,"max_hp_gain":0,"max_hp_loss":0,"event_name":"Living Wall","floor":2,"gold_loss":0,"cards_upgraded":["Zap"]},{"damage_healed":0,"gold_gain":0,"player_choice":"Paid Gold","damage_taken":0,"relics_obtained":["Pantograph"],"max_hp_gain":0,"max_hp_loss":0,"event_name":"WeMeetAgain","floor":4,"gold_loss":107},{"damage_healed":0,"gold_gain":175,"player_choice":"AGREE","damage_taken":0,"max_hp_gain":0,"max_hp_loss":0,"event_name":"Liars Game","floor":7,"gold_loss":0,"cards_obtained":["Doubt"]},{"damage_healed":0,"gold_gain":0,"player_choice":"Entered Light","damage_taken":15,"max_hp_gain":0,"max_hp_loss":0,"event_name":"Shining Light","floor":11,"gold_loss":0,"cards_upgraded":["Auto Shields","Strike_B"]},{"damage_healed":0,"gold_gain":0,"player_choice":"Searched \u00272\u0027 times","damage_taken":0,"relics_obtained":["Toxic Egg 2"],"max_hp_gain":0,"max_hp_loss":0,"event_name":"Dead Adventurer","floor":14,"gold_loss":0},{"damage_healed":0,"gold_gain":0,"player_choice":"Ignored","damage_taken":0,"max_hp_gain":0,"max_hp_loss":0,"event_name":"Ghosts","floor":20,"gold_loss":0},{"damage_healed":0,"gold_gain":0,"player_choice":"Paid Fearfully","damage_taken":0,"max_hp_gain":0,"max_hp_loss":0,"event_name":"Masked Bandits","floor":23,"gold_loss":18}],"is_beta":false,"boss_relics":[{"not_picked":["White Beast Statue","Orrery"],"picked":"Pandora\u0027s Box"}],"items_purged_floors":[],"is_endless":false,"potions_floor_spawned":[5,6,16],"killed_by":"Slavers","ascension_level":13}