{"gold_per_floor":[113,126,143,160,175,175,204,204,230,258,116,175,191,202,202,276,276,289,38,38,38,55,55,89,100,178,178,189,189,189],"floor_reached":30,"playtime":1235,"items_purged":[],"score":644,"play_id":"379d6e3f-ed1f-4f26-b277-2df5191103d7","local_time":"20181104232529","is_ascension_mode":true,"campfire_choices":[{"data":"Zap","floor":6.0,"key":"SMITH"},{"data":"Go for the Eyes","floor":8.0,"key":"SMITH"},{"data":"Consume","floor":15.0,"key":"SMITH"},{"floor":23.0,"key":"REST"},{"floor":27,"key":"REST"}],"neow_cost":"NONE","seed_source_timestamp":181722331380834,"circlet_count":0,"master_deck":["AscendersBane","Strike_B","Strike_B","Strike_B","Strike_B","Defend_B","Defend_B","Defend_B","Defend_B","Zap+1","Dualcast","Chill","Rip and Tear","Cold Snap","Sweeping Beam","Go for the Eyes+1","Rainbow","Coolheaded","Capacitor","Recycle","Loop","Consume+1","Echo Form","Loop","BootSequence","Force Field","Force Field","Glacier","Ball Lightning","Rainbow+1","Storm","Hologram+1","Writhe"],"special_seed":0,"relics":["Cracked Core","Mummified Hand","Potion Belt","Bag of Marbles","Tiny Chest","Orrery","DataDisk","Toxic Egg 2","Shuriken","Incense Burner"],"potions_floor_usage":[24],"damage_taken":[{"damage":1.0,"enemies":"Cultist","floor":1.0,"turns":3.0},{"damage":5.0,"enemies":"Small Slimes","floor":2.0,"turns":4.0},{"damage":2.0,"enemies":"2 Louse","floor":3.0,"turns":2.0},{"damage":0.0,"enemies":"Large Slime","floor":4.0,"turns":3.0},{"damage":10.0,"enemies":"3 Louse","floor":5.0,"turns":3.0},{"damage":6.0,"enemies":"3 Sentries","floor":7.0,"turns":6.0},{"damage":0.0,"enemies":"Gremlin Nob","floor":10.0,"turns":3.0},{"damage":14.0,"enemies":"3 Sentries","floor":12.0,"turns":8.0},{"damage":2.0,"enemies":"Looter","floor":13.0,"turns":3.0},{"damage":0.0,"enemies":"Exordium Wildlife","floor":14.0,"turns":2.0},{"damage":21.0,"enemies":"The Guardian","floor":16.0,"turns":9.0},{"damage":20.0,"enemies":"Shell Parasite","floor":18.0,"turns":7.0},{"damage":20.0,"enemies":"Colosseum Slavers","floor":20.0,"turns":7.0},{"damage":0.0,"enemies":"Chosen","floor":22.0,"turns":5.0},{"damage":27,"enemies":"Gremlin Leader","floor":24,"turns":9},{"damage":23,"enemies":"Snake Plant","floor":25,"turns":4},{"damage":18,"enemies":"Cultist and Chosen","floor":28,"turns":4},{"damage":18,"enemies":"Slavers","floor":30,"turns":1}],"seed_played":"-509784218291650173","potions_obtained":[{"floor":0.0,"key":"Fire Potion"},{"floor":0.0,"key":"SteroidPotion"},{"floor":0.0,"key":"Regen Potion"},{"floor":2.0,"key":"Energy Potion"},{"floor":4.0,"key":"PowerPotion"},{"floor":7.0,"key":"PowerPotion"},{"floor":13.0,"key":"Explosive Potion"},{"floor":14.0,"key":"FairyPotion"},{"floor":16.0,"key":"FairyPotion"},{"floor":22.0,"key":"SkillPotion"}],"is_trial":false,"path_per_floor":["M","M","M","M","M","R","E","R","T","E","$","E","M","M","R","B",null,"M","$","?","?","M","R","E","M","T","R","M","?","E"],"character_chosen":"DEFECT","items_purchased":["Capacitor","Strength Potion","DataDisk","Glacier"],"campfire_rested":2,"item_purchase_floors":[11,11,19,19],"current_hp_per_floor":[70,65,63,63,53,53,47,47,47,47,47,33,31,31,31,10,56,36,36,16,16,16,37,10,7,7,28,10,10,0],"gold":189,"neow_bonus":"THREE_SMALL_POTIONS","is_prod":false,"is_daily":false,"chose_seed":false,"campfire_upgraded":3,"win_rate":0,"timestamp":1541391929,"path_taken":["M","M","M","M","?","R","E","R","T","E","?","E","?","?","R","BOSS","M","$","?","?","M","R","E","M","T","R","M","?","E"],"build_version":"2018-11-02","purchased_purges":0,"victory":false,"max_hp_per_floor":[71,71,71,71,71,71,71,71,71,71,71,71,71,71,71,71,71,71,71,71,71,71,71,71,71,71,71,71,71,71],"card_choices":[{"not_picked":["Steam","Stack"],"picked":"Chill","floor":1.0},{"not_picked":["Amplify","Turbo"],"picked":"Rip and Tear","floor":2.0},{"not_picked":["Self Repair","Leap"],"picked":"Cold Snap","floor":3.0},{"not_picked":["Gash","Conserve Battery"],"picked":"Sweeping Beam","floor":4.0},{"not_picked":["Stack","Hologram"],"picked":"Go for the Eyes","floor":5.0},{"not_picked":["Lockon","Stack"],"picked":"Rainbow","floor":7.0},{"not_picked":["Go for the Eyes","Skim"],"picked":"Coolheaded","floor":10.0},{"not_picked":["Amplify","Go for the Eyes"],"picked":"Recycle","floor":12.0},{"not_picked":["Barrage","Chaos"],"picked":"Loop","floor":13.0},{"not_picked":["Lockon","Gash"],"picked":"Consume","floor":14.0},{"not_picked":["Seek","Hyperbeam"],"picked":"Echo Form","floor":16.0},{"not_picked":["Leap","Consume"],"picked":"Loop","floor":17.0},{"not_picked":["Chaos","Go for the Eyes"],"picked":"BootSequence","floor":17.0},{"not_picked":["Turbo","Hologram"],"picked":"Force Field","floor":17.0},{"not_picked":["Tempest","Steam Power"],"picked":"Force Field","floor":17.0},{"not_picked":["Scrape","Gash","Stack"],"picked":"SKIP","floor":18.0},{"not_picked":["Hologram","Rebound"],"picked":"Ball Lightning","floor":22.0},{"not_picked":["Coolheaded","Ball Lightning"],"picked":"Rainbow","floor":24},{"not_picked":["Leap+1","Barrage"],"picked":"Storm","floor":25},{"not_picked":["Fusion+1","Gash"],"picked":"Hologram+1","floor":28}],"player_experience":1154167,"relics_obtained":[{"floor":7.0,"key":"Mummified Hand"},{"floor":9.0,"key":"Potion Belt"},{"floor":10.0,"key":"Bag of Marbles"},{"floor":12.0,"key":"Tiny Chest"},{"floor":24,"key":"Toxic Egg 2"},{"floor":26,"key":"Shuriken"}],"event_choices":[{"damage_healed":0.0,"max_hp_gain":0.0,"max_hp_loss":0.0,"gold_gain":0.0,"event_name":"Colosseum","player_choice":"Fight","floor":20.0,"gold_loss":0.0,"damage_taken":0.0},{"damage_healed":0.0,"max_hp_gain":0.0,"max_hp_loss":0.0,"gold_gain":0.0,"event_name":"Colosseum","player_choice":"Fled From Nobs","floor":20.0,"gold_loss":0.0,"damage_taken":0.0},{"damage_healed":0.0,"max_hp_gain":0.0,"max_hp_loss":0.0,"gold_gain":0.0,"event_name":"Cursed Tome","player_choice":"Ignored","floor":21.0,"gold_loss":0.0,"damage_taken":0.0},{"damage_healed":0,"gold_gain":0,"player_choice":"Opened","damage_taken":0,"relics_obtained":["Incense Burner"],"max_hp_gain":0,"max_hp_loss":0,"event_name":"The Mausoleum","floor":29,"gold_loss":0,"cards_obtained":["Writhe"]}],"is_beta":true,"boss_relics":[{"not_picked":["Runic Pyramid","Empty Cage"],"picked":"Orrery"}],"items_purged_floors":[],"is_endless":false,"potions_floor_spawned":[2,4,7,13,14,16,20,22],"killed_by":"Slavers","ascension_level":20}