{"path_per_floor":["M","M","?","M","M","E","M","M","T","R","?","M","?","M","R","B",null,"M","?","$","T","?"],"character_chosen":"THE_SILENT","items_purchased":["Molten Egg 2","Whetstone"],"gold_per_floor":[114,128,98,114,125,152,164,183,183,183,183,193,268,285,285,384,414,432,432,31,31,31,31],"floor_reached":23,"campfire_rested":1,"playtime":1572,"item_purchase_floors":[20,20],"current_hp_per_floor":[58,54,54,52,52,54,36,36,36,57,62,62,51,51,51,4,59,40,24,24,24,24,0],"items_purged":[],"gold":31,"score":251,"play_id":"61ff679f-867f-4d4e-9c46-5d5b080bbbe9","local_time":"20180602213234","is_prod":false,"is_daily":false,"chose_seed":false,"is_ascension_mode":true,"campfire_upgraded":1,"win_rate":0,"timestamp":1527967954,"campfire_choices":[{"floor":10.0,"key":"REST"},{"data":"Doppelganger","floor":15,"key":"SMITH"}],"path_taken":["M","M","?","M","M","E","M","M","T","R","?","M","?","M","R","BOSS","M","?","$","?","?","E"],"build_version":"2018-05-31","seed_source_timestamp":0,"purchased_purges":0,"victory":false,"master_deck":["Defend_G","Defend_G+1","Defend_G","Defend_G","Defend_G","Strike_G+1","Strike_G+1","Strike_G","Strike_G","Strike_G","Survivor","Neutralize","Dagger Spray","Dagger Throw","Backstab","All Out Attack","All Out Attack","Outmaneuver","Doppelganger+1","Escape Plan","Burst+1","PiercingWail","Calculated Gamble+1","Necronomicurse"],"max_hp_per_floor":[70,70,70,70,70,70,70,70,70,70,70,70,70,70,70,70,75,75,75,75,75,75,75],"relics":["Ring of the Snake","Juzu Bracelet","Toolbox","Tiny House","Necronomicon","Molten Egg 2","Whetstone","Ornamental Fan"],"card_choices":[{"not_picked":["Underhanded Strike","Finisher"],"picked":"Dagger Spray","floor":1.0},{"not_picked":["Bouncing Flask","Riddle With Holes"],"picked":"Dagger Throw","floor":2.0},{"not_picked":["Sucker Punch","Footwork"],"picked":"Backstab","floor":4.0},{"not_picked":["Skewer","Flying Knee"],"picked":"All Out Attack","floor":5.0},{"not_picked":["Dash","Heel Hook"],"picked":"Outmaneuver","floor":6.0},{"not_picked":["Accuracy","Quick Slash"],"picked":"All Out Attack","floor":7.0},{"not_picked":["Poisoned Stab","Choke"],"picked":"Outmaneuver","floor":8.0},{"not_picked":["Expertise","Catalyst"],"picked":"Doppelganger","floor":12},{"not_picked":["Blade Dance","Prepared"],"picked":"Escape Plan","floor":14},{"not_picked":["Phantasmal Killer","A Thousand Cuts"],"picked":"Burst","floor":16},{"not_picked":["Deflect","Quick Slash"],"picked":"PiercingWail","floor":17},{"not_picked":["Deadly Poison","Bouncing Flask"],"picked":"Calculated Gamble+1","floor":18}],"player_experience":536796,"potions_floor_usage":[12,16,16,16,18],"damage_taken":[{"damage":5.0,"enemies":"Small Slimes","floor":1.0,"turns":5.0},{"damage":4.0,"enemies":"Cultist","floor":2.0,"turns":6.0},{"damage":2.0,"enemies":"Jaw Worm","floor":4.0,"turns":4.0},{"damage":0.0,"enemies":"3 Louse","floor":5.0,"turns":2.0},{"damage":12.0,"enemies":"Lagavulin","floor":6.0,"turns":5.0},{"damage":18.0,"enemies":"Large Slime","floor":7.0,"turns":5.0},{"damage":0.0,"enemies":"Blue Slaver","floor":8.0,"turns":3.0},{"damage":0,"enemies":"Exordium Thugs","floor":12,"turns":2},{"damage":0,"enemies":"Looter","floor":14,"turns":3},{"damage":47,"enemies":"The Guardian","floor":16,"turns":18},{"damage":19,"enemies":"2 Thieves","floor":18,"turns":3},{"damage":28,"enemies":"Gremlin Leader","floor":23,"turns":5}],"relics_obtained":[{"floor":6.0,"key":"Juzu Bracelet"},{"floor":9.0,"key":"Toolbox"},{"floor":19,"key":"Necronomicon"},{"floor":21,"key":"Ornamental Fan"}],"event_choices":[{"event_name":"The Woman in Blue","player_choice":"Bought 2 Potions","floor":3.0,"damage_taken":0.0},{"event_name":"Bonfire Elementals","player_choice":"COMMON","floor":11.0,"damage_taken":0.0},{"event_name":"World of Goop","player_choice":"Gather Gold","floor":13,"damage_taken":0},{"event_name":"Cursed Tome","player_choice":"Obtained Book","floor":19,"damage_taken":0},{"event_name":"Accursed Blacksmith","player_choice":"Forge","floor":22,"damage_taken":0}],"boss_relics":[{"not_picked":["White Beast Statue","Lizard Tail"],"picked":"Tiny House"}],"items_purged_floors":[],"potions_floor_spawned":[2,5,7,8,12],"seed_played":"-1100378937941728106","killed_by":"Gremlin Leader","ascension_level":6,"potions_obtained":[{"floor":2.0,"key":"Regen Potion"},{"floor":3.0,"key":"Strength Potion"},{"floor":3.0,"key":"Weak Potion"},{"floor":7.0,"key":"SteroidPotion"},{"floor":8.0,"key":"Strength Potion"},{"floor":12,"key":"Weak Potion"},{"floor":17,"key":"SpeedPotion"}],"is_trial":false}