{"gold_per_floor":[214,230,32,32,32,32,42,42,42,62,74,107,107,118,118,213,213,231,231,101,101,119,119,133,153,235,235,235,249,6,16,16,119,169,189,189,209,209,53,53,53,65,65,65,65],"floor_reached":45,"playtime":4186,"items_purged":[],"score":594,"play_id":"e9e9f501-dd45-44b7-adcb-edab34a47528","local_time":"20190216021939","is_ascension_mode":true,"campfire_choices":[{"data":"Dark Embrace","floor":6,"key":"SMITH"},{"data":"Shrug It Off","floor":8,"key":"SMITH"},{"floor":13,"key":"REST"},{"floor":15,"key":"REST"},{"data":"Barricade","floor":23,"key":"SMITH"},{"floor":27,"key":"REST"},{"floor":32,"key":"REST"},{"floor":40,"key":"REST"}],"neow_cost":"NONE","seed_source_timestamp":73574631187200,"circlet_count":0,"master_deck":["Strike_R","Strike_R","Strike_R","Defend_R","Defend_R+1","Defend_R","Defend_R","Bash","Sword Boomerang","Shrug It Off+1","Metallicize","True Grit","Body Slam","Flame Barrier+1","Barricade+1","Bludgeon+1","Immolate+1","Inflame+1","Seeing Red+1","PanicButton+1","Shrug It Off+1","Body Slam+1","Clothesline+1","Iron Wave","Thunderclap","Limit Break+1","Shrug It Off+1","Feel No Pain+1","Panacea+1","Armaments+1","Entrench+1"],"relics":["Burning Blood","Bag of Marbles","Anchor","Dodecahedron","Toxic Egg 2","Astrolabe","Blood Vial","Potion Belt","Tiny House","Lantern","Paper Frog"],"potions_floor_usage":[11,11,16,25,31,31,31,31,31,33,33,33,41,41,41,41,45,45],"damage_taken":[{"damage":1,"enemies":"Cultist","floor":1,"turns":4},{"damage":5,"enemies":"2 Louse","floor":2,"turns":3},{"damage":1,"enemies":"Small Slimes","floor":7,"turns":3},{"damage":13,"enemies":"Exordium Wildlife","floor":10,"turns":7},{"damage":0,"enemies":"Looter","floor":11,"turns":4},{"damage":45,"enemies":"3 Sentries","floor":12,"turns":16},{"damage":16,"enemies":"Large Slime","floor":14,"turns":9},{"damage":42,"enemies":"The Guardian","floor":16,"turns":20},{"damage":7,"enemies":"Shell Parasite","floor":18,"turns":7},{"damage":0,"enemies":"Chosen","floor":22,"turns":3},{"damage":13,"enemies":"Sentry and Sphere","floor":24,"turns":4},{"damage":56,"enemies":"Cultist and Chosen","floor":25,"turns":9},{"damage":7,"enemies":"Centurion and Healer","floor":29,"turns":9},{"damage":0,"enemies":"Snecko","floor":31,"turns":4},{"damage":0,"enemies":"Champ","floor":33,"turns":9},{"damage":28,"enemies":"3 Shapes","floor":35,"turns":4},{"damage":7,"enemies":"3 Darklings","floor":37,"turns":2},{"damage":74,"enemies":"Reptomancer","floor":41,"turns":8},{"damage":8,"enemies":"Spire Growth","floor":42,"turns":6},{"damage":28,"enemies":"Sphere and 2 Shapes","floor":45,"turns":5}],"seed_played":"-526072191845982716","potions_obtained":[{"floor":2,"key":"Swift Potion"},{"floor":10,"key":"PowerPotion"},{"floor":12,"key":"Ancient Potion"},{"floor":14,"key":"Swift Potion"},{"floor":18,"key":"Energy Potion"},{"floor":29,"key":"Energy Potion"},{"floor":31,"key":"SneckoOil"},{"floor":33,"key":"LiquidBronze"},{"floor":34,"key":"Ancient Potion"},{"floor":35,"key":"Energy Potion"},{"floor":37,"key":"BloodPotion"},{"floor":42,"key":"PowerPotion"}],"is_trial":false,"path_per_floor":["M","M","$","T","$","R","M","R","T","M","M","E","R","M","R","B",null,"M","?","$","?","M","R","M","M","T","R","?","M","$","M","R","B",null,"M","?","M","?","$","R","E","M","T","?","M"],"character_chosen":"IRONCLAD","items_purchased":["Bag of Marbles","Shrug It Off","PanicButton+1","Shrug It Off+1","Potion Belt","EntropicBrew","Lantern"],"campfire_rested":5,"item_purchase_floors":[3,3,20,20,30,30,39],"current_hp_per_floor":[80,80,80,80,80,80,80,80,80,73,79,40,64,54,78,42,80,79,79,79,79,80,80,73,25,25,49,49,50,50,58,80,80,85,63,63,64,64,64,85,25,25,25,25,0],"gold":65,"neow_bonus":"HUNDRED_GOLD","is_prod":false,"is_daily":false,"chose_seed":false,"campfire_upgraded":3,"win_rate":0,"timestamp":1550301579,"path_taken":["M","M","$","?","$","R","M","R","T","M","M","E","R","M","R","BOSS","M","?","$","?","M","R","M","M","T","R","?","M","$","M","R","BOSS","M","?","M","?","$","R","E","M","T","?","M"],"build_version":"2019-01-23","purchased_purges":0,"victory":false,"max_hp_per_floor":[80,80,80,80,80,80,80,80,80,80,80,80,80,80,80,80,80,80,80,80,80,80,80,80,80,80,80,80,80,80,80,80,80,85,85,85,85,85,85,85,85,85,85,85,85],"card_choices":[{"not_picked":["Twin Strike","Anger"],"picked":"Sword Boomerang","floor":1},{"not_picked":["Combust","Headbutt"],"picked":"Dark Embrace","floor":2},{"not_picked":["True Grit","Spot Weakness"],"picked":"Metallicize","floor":7},{"not_picked":["Armaments","Iron Wave"],"picked":"True Grit","floor":10},{"not_picked":["Blood for Blood","Battle Trance"],"picked":"Body Slam","floor":11},{"not_picked":["Brutality","Warcry","Wild Strike"],"picked":"SKIP","floor":12},{"not_picked":["Rampage","Sword Boomerang"],"picked":"Flame Barrier+1","floor":14},{"not_picked":["Brutality","Juggernaut"],"picked":"Barricade","floor":16},{"not_picked":["Wild Strike","Anger"],"picked":"Seeing Red+1","floor":18},{"not_picked":["Twin Strike","Cleave"],"picked":"Body Slam+1","floor":22},{"not_picked":["Clash","Intimidate+1"],"picked":"Clothesline+1","floor":24},{"not_picked":["Perfected Strike+1","Dropkick"],"picked":"Iron Wave","floor":25},{"not_picked":["Twin Strike","Rupture"],"picked":"Thunderclap","floor":29},{"not_picked":["Perfected Strike","Twin Strike"],"picked":"Second Wind+1","floor":31},{"not_picked":["Berserk","Dark Embrace"],"picked":"Limit Break+1","floor":33},{"not_picked":["Wild Strike","Power Through+1"],"picked":"Shrug It Off+1","floor":34},{"not_picked":["Sword Boomerang","Iron Wave"],"picked":"Feel No Pain+1","floor":35},{"not_picked":["Blind+1","Purity+1"],"picked":"Panacea+1","floor":36},{"not_picked":["Thunderclap","Second Wind+1"],"picked":"Armaments+1","floor":37},{"not_picked":["Heavy Blade","Anger+1"],"picked":"Entrench+1","floor":42}],"player_experience":172162,"relics_obtained":[{"floor":4,"key":"Anchor"},{"floor":9,"key":"Dodecahedron"},{"floor":12,"key":"Toxic Egg 2"},{"floor":43,"key":"Paper Frog"}],"event_choices":[{"damage_healed":0,"gold_gain":0,"player_choice":"Ignored","damage_taken":0,"max_hp_gain":0,"max_hp_loss":0,"event_name":"Ghosts","floor":19,"gold_loss":0},{"damage_healed":0,"gold_gain":0,"player_choice":"Opened","damage_taken":0,"relics_obtained":["Blood Vial"],"max_hp_gain":0,"max_hp_loss":0,"event_name":"The Mausoleum","floor":21,"gold_loss":0},{"damage_healed":0,"gold_gain":0,"player_choice":"Ignored","damage_taken":0,"max_hp_gain":0,"max_hp_loss":0,"event_name":"Cursed Tome","floor":28,"gold_loss":0},{"damage_healed":0,"gold_gain":0,"player_choice":"Memory 1","damage_taken":0,"max_hp_gain":0,"max_hp_loss":0,"event_name":"SensoryStone","floor":36,"gold_loss":0},{"cards_removed":["Second Wind"],"damage_healed":0,"gold_gain":0,"player_choice":"Removed Skill","damage_taken":0,"max_hp_gain":0,"max_hp_loss":0,"event_name":"Falling","floor":38,"gold_loss":0},{"damage_healed":0,"gold_gain":0,"player_choice":"Ignored","damage_taken":0,"max_hp_gain":0,"max_hp_loss":0,"event_name":"Mysterious Sphere","floor":44,"gold_loss":0}],"is_beta":false,"boss_relics":[{"not_picked":["Pandora\u0027s Box","Ectoplasm"],"picked":"Astrolabe"},{"not_picked":["Busted Crown","Mark of Pain"],"picked":"Tiny House"}],"items_purged_floors":[],"is_endless":false,"potions_floor_spawned":[2,10,12,14,18,29,31,33,35,37,42],"killed_by":"Sphere and 2 Shapes","ascension_level":4}