{"gold_per_floor":[117,130,148,159,178,178,207,230,283,297,321,321,151,180,180,258,258,275,292,159,186,197,197,197,228,228,228,263,263,86,100,100,173,173,186,186,286,302,317,344,344,344,344,260,272,298,298,313,313,313,313,313,313,23,57,57],"floor_reached":57,"playtime":4347,"items_purged":["Strike_G","Bane","Distraction"],"score":2745,"play_id":"824019b8-b664-402e-8367-74e813b37735","local_time":"20190102205228","is_ascension_mode":true,"campfire_choices":[{"data":"Skewer","floor":6.0,"key":"SMITH"},{"floor":12.0,"key":"REST"},{"data":"Wraith Form v2","floor":15.0,"key":"SMITH"},{"data":"Glass Knife","floor":23.0,"key":"SMITH"},{"data":"Night Terror","floor":27.0,"key":"SMITH"},{"data":"Footwork","floor":29.0,"key":"SMITH"},{"data":"Neutralize","floor":32.0,"key":"SMITH"},{"floor":41.0,"key":"REST"},{"floor":47,"key":"RECALL"},{"floor":49,"key":"REST"},{"floor":53,"key":"REST"}],"neow_cost":"NONE","seed_source_timestamp":141288165521160,"circlet_count":0,"master_deck":["AscendersBane","Survivor","Neutralize+1","Backstab","Blur","Dagger Throw","Skewer+1","Terror","Wraith Form v2+1","Caltrops","Deflect","Endless Agony","Night Terror+1","Predator","Dodge and Roll","Cloak And Dagger","Glass Knife+1","Concentrate","Die Die Die","Die Die Die","Backstab","Dash","Footwork+1","Backflip","Cloak And Dagger","Well Laid Plans","Corpse Explosion","A Thousand Cuts","Deflect+1","Finesse","Bandage Up","PiercingWail","Deflect+1","Crippling Poison","PiercingWail","Caltrops+1","Backflip","Footwork+1","Backflip","PiercingWail"],"special_seed":0,"relics":["Ring of the Snake","Anchor","Dream Catcher","Odd Mushroom","Tiny Chest","Omamori","Regal Pillow","Pandora\u0027s Box","Red Mask","Oddly Smooth Stone","Happy Flower","Paper Crane","Cursed Key","Torii","Bronze Scales","Frozen Egg 2","Art of War","FossilizedHelix"],"potions_floor_usage":[46,50,56,56],"damage_taken":[{"damage":18.0,"enemies":"Jaw Worm","floor":1.0,"turns":6.0},{"damage":0.0,"enemies":"2 Louse","floor":2.0,"turns":3.0},{"damage":0.0,"enemies":"Small Slimes","floor":3.0,"turns":4.0},{"damage":8.0,"enemies":"Looter","floor":4.0,"turns":3.0},{"damage":0.0,"enemies":"3 Louse","floor":5.0,"turns":3.0},{"damage":0.0,"enemies":"Gremlin Nob","floor":7.0,"turns":2.0},{"damage":6.0,"enemies":"The Mushroom Lair","floor":8.0,"turns":4.0},{"damage":0.0,"enemies":"Exordium Wildlife","floor":10.0,"turns":2.0},{"damage":10.0,"enemies":"3 Sentries","floor":14.0,"turns":8.0},{"damage":20.0,"enemies":"The Guardian","floor":16.0,"turns":11.0},{"damage":1.0,"enemies":"Spheric Guardian","floor":18.0,"turns":3.0},{"damage":1.0,"enemies":"Chosen","floor":19.0,"turns":4.0},{"damage":0.0,"enemies":"Masked Bandits","floor":21.0,"turns":2.0},{"damage":0.0,"enemies":"3 Cultists","floor":22.0,"turns":5.0},{"damage":4.0,"enemies":"Gremlin Leader","floor":25.0,"turns":6.0},{"damage":3.0,"enemies":"Slavers","floor":28.0,"turns":5.0},{"damage":0.0,"enemies":"Snake Plant","floor":31.0,"turns":4.0},{"damage":15.0,"enemies":"Champ","floor":33.0,"turns":18.0},{"damage":0.0,"enemies":"3 Shapes","floor":35.0,"turns":3.0},{"damage":0.0,"enemies":"Mind Bloom Boss Battle","floor":37.0,"turns":7.0},{"damage":0.0,"enemies":"3 Darklings","floor":38.0,"turns":2.0},{"damage":0.0,"enemies":"Transient","floor":39.0,"turns":6.0},{"damage":43.0,"enemies":"Reptomancer","floor":40.0,"turns":11.0},{"damage":6.0,"enemies":"Writhing Mass","floor":45.0,"turns":7.0},{"damage":17,"enemies":"Nemesis","floor":46,"turns":6},{"damage":13,"enemies":"Spire Growth","floor":48,"turns":5},{"damage":42,"enemies":"Donu and Deca","floor":50,"turns":8},{"damage":19,"enemies":"Awakened One","floor":51,"turns":24},{"damage":53,"enemies":"Shield and Spear","floor":55,"turns":8},{"damage":12,"enemies":"The Heart","floor":56,"turns":12}],"seed_played":"-5752724966432768382","potions_obtained":[{"floor":1.0,"key":"SteroidPotion"},{"floor":2.0,"key":"SpeedPotion"},{"floor":4.0,"key":"PowerPotion"},{"floor":8.0,"key":"Block Potion"},{"floor":19.0,"key":"Fire Potion"},{"floor":21.0,"key":"SkillPotion"},{"floor":22.0,"key":"Weak Potion"},{"floor":28.0,"key":"SkillPotion"},{"floor":33.0,"key":"AttackPotion"},{"floor":37.0,"key":"Fruit Juice"},{"floor":38.0,"key":"AttackPotion"},{"floor":40.0,"key":"Poison Potion"},{"floor":55,"key":"GhostInAJar"}],"is_trial":false,"path_per_floor":["M","M","M","M","M","R","E","?","T","M","T","R","$","E","R","B",null,"M","M","$","?","M","R","?","E","T","R","E","R","$","M","R","B",null,"M","?","?","M","M","E","R","T","T","$","M","E","R","M","R","B","B",null,"R","$","E","B",null],"character_chosen":"THE_SILENT","items_purchased":["Endless Agony","SteroidPotion","Footwork","Backflip","Well Laid Plans","Caltrops+1","PowerPotion","Footwork+1","Backflip"],"campfire_rested":4,"item_purchase_floors":[13,13,20,20,30,44,54,54,54],"current_hp_per_floor":[41,41,41,33,33,33,33,27,27,27,27,46,46,36,36,16,54,53,52,52,52,52,52,52,48,48,48,45,45,45,45,45,30,57,57,52,61,61,65,26,62,62,62,62,60,47,47,38,71,33,18,58,71,71,18,10],"gold":57,"neow_bonus":"RANDOM_COMMON_RELIC","is_prod":false,"is_daily":false,"chose_seed":false,"campfire_upgraded":6,"win_rate":0,"timestamp":1546433548,"path_taken":["M","M","M","M","M","R","E","?","T","M","?","R","$","E","R","BOSS","M","M","$","?","M","R","?","E","T","R","E","R","$","M","R","BOSS","M","?","?","M","M","E","R","?","T","$","M","E","R","?","R","BOSS","BOSS","R","$","E","BOSS"],"build_version":"2019-01-01","purchased_purges":3,"victory":true,"max_hp_per_floor":[66,66,66,66,66,66,66,66,66,66,66,66,66,66,66,66,66,66,66,66,66,66,66,66,66,66,66,66,66,66,66,66,66,66,66,66,71,71,71,71,71,71,71,71,71,71,71,71,71,71,71,71,71,71,71,71],"card_choices":[{"not_picked":["PiercingWail","Expertise"],"picked":"Backstab","floor":1.0},{"not_picked":["Deflect","Masterful Stab"],"picked":"Blur","floor":2.0},{"not_picked":["Tactician","Outmaneuver","Acrobatics"],"picked":"SKIP","floor":3.0},{"not_picked":["Sucker Punch","Masterful Stab"],"picked":"Dagger Throw","floor":4.0},{"not_picked":["Sucker Punch","Dagger Throw"],"picked":"Skewer","floor":5.0},{"not_picked":["Quick Slash","Blade Dance"],"picked":"Terror","floor":7.0},{"not_picked":["Masterful Stab","Escape Plan"],"picked":"Wraith Form v2","floor":8.0},{"not_picked":["Catalyst","Underhanded Strike"],"picked":"Caltrops","floor":10.0},{"not_picked":["Blade Dance","Infinite Blades"],"picked":"Deflect","floor":12.0},{"not_picked":["Grand Finale","Terror","Distraction"],"picked":"SKIP","floor":14.0},{"not_picked":["Venomology","Unload"],"picked":"Night Terror","floor":16.0},{"not_picked":["Blur","Dagger Spray"],"picked":"Backstab","floor":18.0},{"not_picked":["Poisoned Stab+1","Underhanded Strike"],"picked":"Dash","floor":19.0},{"not_picked":["Bane","Flechettes+1","Catalyst"],"picked":"SKIP","floor":22.0},{"not_picked":["Terror","Heel Hook","Riddle With Holes"],"picked":"SKIP","floor":25.0},{"not_picked":["Escape Plan","Slice"],"picked":"Cloak And Dagger","floor":28.0},{"not_picked":["Deadly Poison","Escape Plan"],"picked":"Corpse Explosion","floor":31.0},{"not_picked":["Corpse Explosion","Unload"],"picked":"A Thousand Cuts","floor":33.0},{"not_picked":["Deadly Poison","Slice"],"picked":"Deflect+1","floor":35.0},{"not_picked":["Blind","Swift Strike"],"picked":"Finesse","floor":36.0},{"not_picked":["Magnetism","Forethought"],"picked":"Bandage Up","floor":36.0},{"not_picked":["Concentrate","Well Laid Plans"],"picked":"PiercingWail","floor":37.0},{"not_picked":["Bane","Underhanded Strike"],"picked":"Deflect+1","floor":38.0},{"not_picked":["Backflip","Dagger Throw"],"picked":"Crippling Poison","floor":39.0},{"not_picked":["Dagger Throw","All Out Attack"],"picked":"PiercingWail","floor":40.0},{"not_picked":["Masterful Stab","Sucker Punch"],"picked":"Backflip","floor":45.0},{"not_picked":["Bane+1","Poisoned Stab+1","Deadly Poison+1"],"picked":"SKIP","floor":46},{"not_picked":["Underhanded Strike","Expertise+1","Phantasmal Killer"],"picked":"SKIP","floor":48},{"not_picked":["Backstab+1","Acrobatics"],"picked":"PiercingWail","floor":55}],"player_experience":1290969,"relics_obtained":[{"floor":7.0,"key":"Dream Catcher"},{"floor":8.0,"key":"Odd Mushroom"},{"floor":9.0,"key":"Tiny Chest"},{"floor":11.0,"key":"Omamori"},{"floor":14.0,"key":"Regal Pillow"},{"floor":21.0,"key":"Red Mask"},{"floor":25.0,"key":"Happy Flower"},{"floor":28.0,"key":"Paper Crane"},{"floor":37.0,"key":"Torii"},{"floor":40.0,"key":"Bronze Scales"},{"floor":42.0,"key":"Frozen Egg 2"},{"floor":46,"key":"Art of War"},{"floor":55,"key":"FossilizedHelix"}],"event_choices":[{"damage_healed":0.0,"max_hp_gain":0.0,"max_hp_loss":0.0,"gold_gain":0.0,"event_name":"Mushrooms","player_choice":"Fought Mushrooms","floor":8.0,"gold_loss":0.0,"damage_taken":0.0},{"damage_healed":0.0,"max_hp_gain":0.0,"max_hp_loss":0.0,"gold_gain":0.0,"event_name":"Masked Bandits","player_choice":"Fought Bandits","floor":21.0,"gold_loss":0.0,"damage_taken":0.0},{"damage_healed":0.0,"max_hp_gain":0.0,"max_hp_loss":0.0,"gold_gain":0.0,"event_name":"The Mausoleum","player_choice":"Opened","floor":24.0,"gold_loss":0.0,"damage_taken":0.0,"relics_obtained":["Oddly Smooth Stone"],"cards_obtained":["Writhe"]},{"damage_healed":0.0,"max_hp_gain":0.0,"max_hp_loss":0.0,"gold_gain":0.0,"event_name":"SensoryStone","player_choice":"Memory 2","floor":36.0,"gold_loss":0.0,"damage_taken":5.0},{"damage_healed":0.0,"max_hp_gain":0.0,"max_hp_loss":0.0,"gold_gain":0.0,"event_name":"MindBloom","player_choice":"Fight","floor":37.0,"gold_loss":0.0,"damage_taken":0.0}],"is_beta":true,"boss_relics":[{"not_picked":["Calling Bell","Orrery"],"picked":"Pandora\u0027s Box"},{"not_picked":["Snecko Eye","Coffee Dripper"],"picked":"Cursed Key"}],"items_purged_floors":[13,30,54],"is_endless":false,"potions_floor_spawned":[1,2,4,8,19,21,22,28,33,37,38,40,55],"ascension_level":20}