{"gold_per_floor":[112,129,140,156,176,176,351,381,426,426,426,199,210,224,224,224],"floor_reached":16,"playtime":2328,"items_purged":["Doubt"],"score":104,"play_id":"a059d86a-b440-465d-be70-a4a87a1780bb","local_time":"20190125130938","is_ascension_mode":false,"campfire_choices":[{"data":"Pommel Strike","floor":6,"key":"SMITH"},{"floor":11,"key":"REST"},{"floor":15,"key":"DIG"}],"neow_cost":"NONE","seed_source_timestamp":1419502388777300,"circlet_count":0,"master_deck":["Strike_R","Strike_R","Strike_R+1","Strike_R","Strike_R","Defend_R","Defend_R","Defend_R","Defend_R","Bash","Pommel Strike+1","Anger","Bloodletting","Thunderclap+1","Rampage"],"relics":["Burning Blood","Shovel","Anchor","Orichalcum","Mummified Hand"],"potions_floor_usage":[5,8,16],"damage_taken":[{"damage":1,"enemies":"Cultist","floor":1,"turns":4},{"damage":2,"enemies":"2 Louse","floor":2,"turns":3},{"damage":2,"enemies":"Small Slimes","floor":3,"turns":3},{"damage":5,"enemies":"Looter","floor":4,"turns":3},{"damage":27,"enemies":"Gremlin Gang","floor":5,"turns":5},{"damage":35,"enemies":"Gremlin Nob","floor":8,"turns":5},{"damage":1,"enemies":"Exordium Wildlife","floor":13,"turns":4},{"damage":3,"enemies":"Looter","floor":14,"turns":2},{"damage":63,"enemies":"The Guardian","floor":16,"turns":7}],"seed_played":"5656474799422625690","potions_obtained":[{"floor":1,"key":"GamblersBrew"},{"floor":5,"key":"Regen Potion"},{"floor":13,"key":"AttackPotion"}],"is_trial":false,"path_per_floor":["M","M","M","M","M","R","?","E","T","?","R","$","M","M","R","B"],"character_chosen":"IRONCLAD","items_purchased":["Orichalcum"],"campfire_rested":1,"item_purchase_floors":[12],"current_hp_per_floor":[88,88,88,88,67,67,67,47,47,29,55,55,60,63,63,0],"gold":224,"neow_bonus":"TEN_PERCENT_HP_BONUS","is_prod":false,"is_daily":false,"chose_seed":false,"campfire_upgraded":1,"win_rate":0,"timestamp":1548439778,"path_taken":["M","M","M","M","?","R","?","E","T","?","R","$","M","M","R","BOSS"],"build_version":"2019-01-23","purchased_purges":1,"victory":false,"max_hp_per_floor":[88,88,88,88,88,88,88,88,88,88,88,88,88,88,88,88],"card_choices":[{"not_picked":["Battle Trance","Cleave"],"picked":"Pommel Strike","floor":1},{"not_picked":["Seeing Red","Headbutt"],"picked":"Anger","floor":2},{"not_picked":["Cleave","Dual Wield","Whirlwind"],"picked":"SKIP","floor":3},{"not_picked":["Havoc","Infernal Blade","Cleave"],"picked":"SKIP","floor":4},{"not_picked":["True Grit","Spot Weakness"],"picked":"Bloodletting","floor":5},{"not_picked":["Clothesline","Battle Trance"],"picked":"Thunderclap","floor":8},{"not_picked":["Shockwave","Clothesline"],"picked":"Rampage","floor":13},{"not_picked":["Clash","Flame Barrier","Havoc"],"picked":"SKIP","floor":14}],"player_experience":81042,"relics_obtained":[{"floor":8,"key":"Shovel"},{"floor":9,"key":"Anchor"},{"floor":15,"key":"Mummified Hand"}],"event_choices":[{"damage_healed":0,"gold_gain":175,"player_choice":"AGREE","damage_taken":0,"max_hp_gain":0,"max_hp_loss":0,"event_name":"Liars Game","floor":7,"gold_loss":0,"cards_obtained":["Doubt"]},{"damage_healed":0,"gold_gain":0,"player_choice":"Entered Light","damage_taken":18,"max_hp_gain":0,"max_hp_loss":0,"event_name":"Shining Light","floor":10,"gold_loss":0,"cards_upgraded":["Strike_R","Thunderclap"]}],"is_beta":false,"boss_relics":[],"items_purged_floors":[12],"is_endless":false,"potions_floor_spawned":[1,5,13],"killed_by":"The Guardian","ascension_level":0}