{"gold_per_floor":[112,128,142,92,109,109,138,150,186,31,50,84,96,51,51,147,147,160,172,203,215,231,264,278,305,305,321,353,353,371,385,385,485,485,504,726,746,341,357,389,389,389,389,78,107,107,127,127,127,127],"floor_reached":51,"playtime":7589,"items_purged":["Strike_B","Defend_B","Strike_B"],"score":756,"play_id":"0b19d982-67e6-4047-9b13-c9a43f5f2e84","local_time":"20190220235843","is_ascension_mode":false,"campfire_choices":[{"data":"Defragment","floor":6.0,"key":"SMITH"},{"data":"Sunder","floor":8.0,"key":"SMITH"},{"data":"Hologram","floor":15,"key":"SMITH"},{"data":"Auto Shields","floor":29,"key":"SMITH"},{"data":"Recycle","floor":32,"key":"SMITH"},{"data":"Glacier","floor":41,"key":"SMITH"},{"data":"Echo Form","floor":46,"key":"SMITH"},{"data":"Coolheaded","floor":49,"key":"SMITH"}],"neow_cost":"NONE","seed_source_timestamp":9808060203663,"circlet_count":0,"master_deck":["Defend_B","Defend_B","Defend_B","Zap","Dualcast","Sunder+1","Recycle+1","Defragment+1","Self Repair","Hologram+1","Reinforced Body","Leap","Leap","Ball Lightning","Echo Form+1","Go for the Eyes+1","Coolheaded+1","Cold Snap","Auto Shields+1","Loop+1","Glacier+1","Loop","Skim+1","Apotheosis","Core Surge"],"special_seed":0,"relics":["FrozenCore","MawBank","Oddly Smooth Stone","Bag of Preparation","Velvet Choker","Red Mask","PreservedInsect","Matryoshka","Kunai","Darkstone Periapt","Orichalcum","Lantern","Pear","Centennial Puzzle","Anchor","Regal Pillow"],"potions_floor_usage":[16,20,23,28,33,33,50,50,50],"damage_taken":[{"damage":2.0,"enemies":"2 Louse","floor":1.0,"turns":3.0},{"damage":1.0,"enemies":"Jaw Worm","floor":2.0,"turns":4.0},{"damage":0.0,"enemies":"Small Slimes","floor":3.0,"turns":2.0},{"damage":2.0,"enemies":"Exordium Wildlife","floor":5.0,"turns":4.0},{"damage":26.0,"enemies":"Lagavulin","floor":7.0,"turns":6.0},{"damage":4,"enemies":"3 Louse","floor":11,"turns":3},{"damage":20,"enemies":"3 Sentries","floor":12,"turns":8},{"damage":0,"enemies":"2 Fungi Beasts","floor":13,"turns":4},{"damage":4,"enemies":"Slime Boss","floor":16,"turns":8},{"damage":4,"enemies":"Shell Parasite","floor":18,"turns":4},{"damage":8,"enemies":"Spheric Guardian","floor":19,"turns":4},{"damage":26,"enemies":"Masked Bandits","floor":20,"turns":5},{"damage":6,"enemies":"Cultist and Chosen","floor":21,"turns":6},{"damage":16,"enemies":"Snake Plant","floor":22,"turns":5},{"damage":10,"enemies":"Book of Stabbing","floor":23,"turns":6},{"damage":0,"enemies":"Centurion and Healer","floor":24,"turns":7},{"damage":25,"enemies":"Slavers","floor":25,"turns":6},{"damage":0,"enemies":"Snecko","floor":27,"turns":6},{"damage":5,"enemies":"Book of Stabbing","floor":28,"turns":4},{"damage":4,"enemies":"Chosen and Byrds","floor":30,"turns":7},{"damage":0,"enemies":"Centurion and Healer","floor":31,"turns":7},{"damage":2,"enemies":"Champ","floor":33,"turns":12},{"damage":8,"enemies":"Orb Walker","floor":35,"turns":6},{"damage":3,"enemies":"3 Shapes","floor":37,"turns":5},{"damage":11,"enemies":"3 Darklings","floor":39,"turns":8},{"damage":23,"enemies":"Nemesis","floor":40,"turns":9},{"damage":17,"enemies":"Giant Head","floor":45,"turns":16},{"damage":0,"enemies":"Transient","floor":47,"turns":5},{"damage":24,"enemies":"Time Eater","floor":50,"turns":15}],"seed_played":"7440971429032186536","potions_obtained":[{"floor":1.0,"key":"Poison Potion"},{"floor":3.0,"key":"AttackPotion"},{"floor":12,"key":"PowerPotion"},{"floor":13,"key":"Explosive Potion"},{"floor":16,"key":"GamblersBrew"},{"floor":22,"key":"Energy Potion"},{"floor":24,"key":"SkillPotion"},{"floor":27,"key":"Dexterity Potion"},{"floor":28,"key":"Swift Potion"},{"floor":31,"key":"LiquidBronze"},{"floor":35,"key":"Dexterity Potion"},{"floor":45,"key":"SpeedPotion"}],"is_trial":false,"path_per_floor":["M","M","M","?","M","R","E","R","T","$","M","E","M","$","R","B",null,"M","M","?","M","M","E","M","E","T","M","E","R","M","M","R","B",null,"M","?","M","$","M","E","R","?","T","$","E","R","M","?","R","B",null],"character_chosen":"DEFECT","items_purchased":["Self Repair","Hologram","Ball Lightning","Lantern","Glacier","Loop","Apotheosis"],"campfire_rested":0,"item_purchase_floors":[10,10,14,38,38,38,44],"current_hp_per_floor":[73,72,72,72,70,70,44,44,44,44,47,34,41,41,41,44,75,75,74,55,63,54,58,72,47,47,47,49,49,52,52,52,50,75,74,74,75,75,71,72,72,72,72,72,62,62,62,62,62,38],"gold":127,"neow_bonus":"REMOVE_CARD","is_prod":false,"is_daily":false,"chose_seed":false,"campfire_upgraded":8,"win_rate":0,"timestamp":1550732323,"path_taken":["M","M","M","?","M","R","E","R","T","$","M","E","M","?","R","BOSS","M","M","?","M","M","E","M","E","T","M","E","R","M","M","R","BOSS","M","?","M","$","M","E","R","?","T","?","E","R","M","?","R","BOSS"],"build_version":"2019-01-23","purchased_purges":3,"victory":true,"max_hp_per_floor":[75,75,75,75,75,75,75,75,75,75,75,75,75,75,75,75,75,75,75,75,75,75,75,75,75,75,75,75,75,75,75,75,75,75,75,75,75,75,75,85,85,85,85,85,85,85,85,85,85,85],"card_choices":[{"not_picked":["Force Field","Rip and Tear"],"picked":"Sunder","floor":1.0},{"not_picked":["Compile Driver","Go for the Eyes"],"picked":"Recycle","floor":2.0},{"not_picked":["Gash","Undo"],"picked":"Defragment","floor":3.0},{"not_picked":["Gash","Rebound","Turbo"],"picked":"SKIP","floor":5.0},{"not_picked":["Stack","Genetic Algorithm","Heatsinks"],"picked":"SKIP","floor":7.0},{"not_picked":["Recycle","Rip and Tear"],"picked":"Reinforced Body","floor":11},{"not_picked":["Genetic Algorithm","Storm"],"picked":"Leap","floor":12},{"not_picked":["Compile Driver","Stack"],"picked":"Leap","floor":13},{"not_picked":["Reboot","Fission"],"picked":"Echo Form","floor":16},{"not_picked":["Stack","Reprogram","Heatsinks"],"picked":"SKIP","floor":18},{"not_picked":["Redo","Aggregate","Beam Cell"],"picked":"SKIP","floor":19},{"not_picked":["Steam","Doom and Gloom"],"picked":"Go for the Eyes+1","floor":20},{"not_picked":["Genetic Algorithm","Consume"],"picked":"Coolheaded","floor":21},{"not_picked":["Ball Lightning","Stack"],"picked":"Cold Snap","floor":22},{"not_picked":["Go for the Eyes+1","Doom and Gloom","Rainbow"],"picked":"SKIP","floor":23},{"not_picked":["Steam Power","Compile Driver+1","Turbo"],"picked":"SKIP","floor":24},{"not_picked":["Redo+1","Doom and Gloom","Rainbow"],"picked":"SKIP","floor":25},{"not_picked":["Hologram+1","Genetic Algorithm","Coolheaded"],"picked":"SKIP","floor":27},{"not_picked":["Barrage","Go for the Eyes"],"picked":"Auto Shields","floor":28},{"not_picked":["Undo","Beam Cell"],"picked":"Loop+1","floor":30},{"not_picked":["Conserve Battery","Melter+1","Steam Power+1"],"picked":"SKIP","floor":31},{"not_picked":["BootSequence+1","Recycle+1","Streamline"],"picked":"SKIP","floor":35},{"not_picked":["Leap","Melter","Stack"],"picked":"SKIP","floor":37},{"not_picked":["Steam Power+1","Barrage","Sunder+1"],"picked":"SKIP","floor":39},{"not_picked":["Cold Snap+1","Fusion+1"],"picked":"Skim+1","floor":40},{"not_picked":["Auto Shields","Beam Cell+1"],"picked":"Core Surge","floor":45},{"not_picked":["Scrape+1","Stack","Turbo"],"picked":"SKIP","floor":47}],"player_experience":45217,"relics_obtained":[{"floor":7.0,"key":"MawBank"},{"floor":9.0,"key":"Oddly Smooth Stone"},{"floor":12,"key":"Bag of Preparation"},{"floor":20,"key":"Red Mask"},{"floor":23,"key":"PreservedInsect"},{"floor":25,"key":"Matryoshka"},{"floor":26,"key":"Kunai"},{"floor":26,"key":"Darkstone Periapt"},{"floor":28,"key":"Orichalcum"},{"floor":40,"key":"Pear"},{"floor":43,"key":"Centennial Puzzle"},{"floor":43,"key":"Anchor"},{"floor":45,"key":"Regal Pillow"}],"event_choices":[{"cards_removed":["Strike_B"],"damage_healed":0.0,"max_hp_gain":0.0,"max_hp_loss":0.0,"gold_gain":0.0,"event_name":"The Cleric","player_choice":"Card Removal","floor":4.0,"gold_loss":50.0,"damage_taken":0.0},{"damage_healed":0,"gold_gain":0,"player_choice":"Fought Bandits","damage_taken":0,"max_hp_gain":0,"max_hp_loss":0,"event_name":"Masked Bandits","floor":20,"gold_loss":0},{"damage_healed":0,"gold_gain":222,"player_choice":"Wore Mask","damage_taken":0,"max_hp_gain":0,"max_hp_loss":0,"event_name":"Tomb of Lord Red Mask","floor":36,"gold_loss":0},{"damage_healed":0,"gold_gain":0,"player_choice":"Memory 1","damage_taken":0,"max_hp_gain":0,"max_hp_loss":0,"event_name":"SensoryStone","floor":42,"gold_loss":0},{"damage_healed":0,"gold_gain":0,"player_choice":"Ignored","damage_taken":0,"max_hp_gain":0,"max_hp_loss":0,"event_name":"NoteForYourself","floor":48,"gold_loss":0}],"is_beta":false,"boss_relics":[{"not_picked":["Tiny House","Inserter"],"picked":"Velvet Choker"},{"not_picked":["Eternal Feather","Calling Bell"],"picked":"FrozenCore"}],"items_purged_floors":[10,38,44],"is_endless":false,"potions_floor_spawned":[1,3,12,13,16,22,24,27,28,31,35,45],"ascension_level":0}