{"gold_per_floor":[210,285,295,69,86,86,121,139,193,118,118,118,137,37,37,37],"floor_reached":16,"playtime":725,"items_purged":["Strike_R","Strike_R"],"score":165,"play_id":"37880284-b9e9-4b7d-917e-0b74a4b0da73","local_time":"20190125151941","is_ascension_mode":true,"campfire_choices":[{"data":"Rampage","floor":6,"key":"SMITH"},{"floor":11,"key":"REST"},{"floor":15,"key":"REST"}],"neow_cost":"NONE","seed_source_timestamp":13115273586270339,"circlet_count":0,"master_deck":["AscendersBane","Strike_R","Strike_R","Strike_R","Defend_R","Defend_R","Defend_R","Bash","Spot Weakness","Rampage+1","Battle Trance","Second Wind"],"relics":["Burning Blood","Vajra","Shuriken","Omamori"],"potions_floor_usage":[7],"damage_taken":[{"damage":10,"enemies":"2 Louse","floor":1,"turns":3},{"damage":6,"enemies":"Cultist","floor":3,"turns":3},{"damage":9,"enemies":"Jaw Worm","floor":5,"turns":3},{"damage":35,"enemies":"3 Sentries","floor":7,"turns":9},{"damage":11,"enemies":"Blue Slaver","floor":8,"turns":5},{"damage":21,"enemies":"2 Fungi Beasts","floor":13,"turns":4},{"damage":74,"enemies":"Slime Boss","floor":16,"turns":8}],"seed_played":"8256595399311406825","potions_obtained":[{"floor":5,"key":"Regen Potion"}],"is_trial":false,"path_per_floor":["M","?","M","$","M","R","E","M","T","$","R","?","M","$","R","B"],"character_chosen":"IRONCLAD","items_purchased":["Vajra","Rampage"],"campfire_rested":2,"item_purchase_floors":[4,4],"current_hp_per_floor":[68,60,60,60,57,57,43,38,38,38,62,55,40,40,64,0],"gold":37,"neow_bonus":"HUNDRED_GOLD","is_prod":false,"is_daily":false,"chose_seed":false,"campfire_upgraded":1,"win_rate":0,"timestamp":1548425981,"path_taken":["M","?","?","$","?","R","E","M","T","?","R","?","M","$","R","BOSS"],"build_version":"2019-01-23","purchased_purges":2,"victory":false,"max_hp_per_floor":[80,80,80,80,80,80,80,80,80,80,80,80,80,80,80,80],"card_choices":[{"not_picked":["Havoc","Warcry","Armaments"],"picked":"SKIP","floor":1},{"not_picked":["Flex","Armaments"],"picked":"Spot Weakness","floor":3},{"not_picked":["Flame Barrier","Clothesline"],"picked":"Battle Trance","floor":5},{"not_picked":["Immolate","Bloodletting","Pummel"],"picked":"SKIP","floor":7},{"not_picked":["Thunderclap","Corruption","Sword Boomerang"],"picked":"SKIP","floor":8},{"not_picked":["Intimidate","Sever Soul"],"picked":"Second Wind","floor":13}],"player_experience":322002,"relics_obtained":[{"floor":7,"key":"Shuriken"},{"floor":9,"key":"Omamori"}],"event_choices":[{"damage_healed":0,"gold_gain":75,"player_choice":"Touch","damage_taken":8,"max_hp_gain":0,"max_hp_loss":0,"event_name":"FaceTrader","floor":2,"gold_loss":0},{"cards_removed":["Defend_R"],"damage_healed":0,"gold_gain":0,"player_choice":"Card Removal","damage_taken":7,"max_hp_gain":0,"max_hp_loss":0,"event_name":"Golden Wing","floor":12,"gold_loss":0}],"is_beta":false,"boss_relics":[],"items_purged_floors":[10,14],"is_endless":false,"potions_floor_spawned":[5],"killed_by":"Slime Boss","ascension_level":13}