{"path_per_floor":["M","?","?","M","?","M","R","?","T","E","$","M","R","M","R","B",null,"M","?","$","M","$","R","E","M","T","R","?","M","R","E","R","B",null,"M","M","M","$","?","R","E","M","T","R","M","E","R","M","R"],"character_chosen":"DEFECT","items_purchased":["Happy Flower","Lantern","Gash","Conserve Battery","Dexterity Potion","Gash","Vajra","Stack"],"gold_per_floor":[117,67,67,86,86,100,100,100,148,183,32,47,47,59,59,164,164,178,378,185,195,97,97,157,175,175,175,175,195,195,230,230,327,327,342,362,377,148,148,148,179,189,244,244,264,296,296,310,310,310],"floor_reached":50,"campfire_rested":8,"playtime":4256,"item_purchase_floors":[11,20,20,22,22,38,38,38],"current_hp_per_floor":[75,75,75,75,80,80,80,80,80,68,68,68,68,63,63,69,80,36,36,36,34,34,58,56,38,38,62,62,50,74,49,73,44,80,79,64,21,21,11,35,27,14,14,38,46,7,31,37,61,0],"items_purged":[],"gold":310,"score":644,"play_id":"96bc7c7a-8357-4f4e-a55e-831663e5bb7b","local_time":"20180604203935","is_prod":false,"is_daily":false,"chose_seed":false,"is_ascension_mode":true,"campfire_upgraded":3,"win_rate":0,"timestamp":1528137575,"campfire_choices":[{"data":"Sunder","floor":7,"key":"SMITH"},{"data":"Gash","floor":13,"key":"SMITH"},{"data":"Auto Shields","floor":15,"key":"SMITH"},{"floor":23,"key":"REST"},{"floor":27,"key":"REST"},{"floor":30,"key":"REST"},{"floor":32,"key":"REST"},{"floor":40,"key":"REST"},{"floor":44,"key":"REST"},{"floor":47,"key":"REST"},{"floor":49,"key":"REST"}],"path_taken":["M","?","?","?","?","?","R","?","T","E","$","M","R","M","R","BOSS","M","?","?","M","$","R","E","?","T","R","?","M","R","E","R","BOSS","M","M","M","$","?","R","E","M","T","R","M","E","R","M","R","BOSS"],"build_version":"2018-05-31","seed_source_timestamp":0,"purchased_purges":0,"victory":false,"master_deck":["Zap+1","Dualcast+1","Auto Shields+1","Sunder+1","Go for the Eyes","Compile Driver","Gash+1","Sweeping Beam","Creative AI","Hologram+1","Gash","Chill+1","Conserve Battery","Redo+1","Rebound","Hologram+1","Seek","Fission+1","Cold Snap","Steam Power","Hologram","Compile Driver","Hologram","FTL","Double Energy","Cold Snap","Coolheaded","Double Energy+1","Gash","Stack","Madness","Madness","Coolheaded+1","BootSequence","FTL+1","Ball Lightning+1"],"max_hp_per_floor":[75,75,75,75,80,80,80,80,80,80,80,80,80,80,80,80,80,80,80,80,80,80,80,80,80,80,80,80,80,80,80,80,80,80,80,80,80,80,80,80,80,80,80,80,80,80,80,80,80,80],"relics":["Cracked Core","NeowsBlessing","Pen Nib","Bronze Scales","Happy Flower","White Beast Statue","Lantern","Tiny Chest","Centennial Puzzle","Letter Opener","Pandora\u0027s Box","Vajra","Bird Faced Urn","Boot","War Paint"],"card_choices":[{"not_picked":["Compile Driver","Cold Snap"],"picked":"Auto Shields","floor":1},{"not_picked":["Rebound","Stack"],"picked":"Sunder","floor":4},{"not_picked":["Sunder","Beam Cell"],"picked":"Go for the Eyes","floor":6},{"not_picked":["Conserve Battery","Hologram"],"picked":"Compile Driver","floor":10},{"not_picked":["Double Energy","Go for the Eyes"],"picked":"Gash","floor":12},{"not_picked":["Reinforced Body","Compile Driver"],"picked":"Sweeping Beam","floor":14},{"not_picked":["Seek","Buffer"],"picked":"Creative AI","floor":16},{"not_picked":["Barrage","Stack"],"picked":"Hologram+1","floor":18},{"not_picked":["Heatsinks","Tempest"],"picked":"Chill","floor":21},{"not_picked":["Loop","Turbo"],"picked":"Redo+1","floor":24},{"not_picked":["Steam","Turbo+1"],"picked":"Rebound","floor":25},{"not_picked":["Barrage","Sweeping Beam"],"picked":"Hologram+1","floor":29},{"not_picked":["Stack+1","Multi-Cast"],"picked":"Seek","floor":31},{"not_picked":["Reboot","Creative AI"],"picked":"Fission","floor":33},{"not_picked":["Barrage","Streamline"],"picked":"Cold Snap","floor":35},{"not_picked":["Cold Snap","Go for the Eyes+1"],"picked":"Coolheaded","floor":36},{"not_picked":["Streamline","Conserve Battery"],"picked":"Double Energy+1","floor":37},{"not_picked":["Turbo","Hologram"],"picked":"Coolheaded+1","floor":41},{"not_picked":["Leap","Biased Cognition"],"picked":"BootSequence","floor":42},{"not_picked":["Reprogram+1","Coolheaded"],"picked":"FTL+1","floor":45},{"not_picked":["Streamline","Go for the Eyes","Machine Learning"],"picked":"SKIP","floor":46},{"not_picked":["Sweeping Beam+1","Redo+1"],"picked":"Ball Lightning+1","floor":48}],"player_experience":565905,"potions_floor_usage":[10,16,16,16,24,24,25,31,31,36,41,41,42,45,46,46,50,50],"damage_taken":[{"damage":0,"enemies":"Cultist","floor":1,"turns":1},{"damage":0,"enemies":"Small Slimes","floor":4,"turns":1},{"damage":0,"enemies":"Jaw Worm","floor":6,"turns":1},{"damage":12,"enemies":"Gremlin Nob","floor":10,"turns":4},{"damage":0,"enemies":"2 Fungi Beasts","floor":12,"turns":2},{"damage":5,"enemies":"Gremlin Gang","floor":14,"turns":3},{"damage":9,"enemies":"Hexaghost","floor":16,"turns":7},{"damage":44,"enemies":"Shell Parasite","floor":18,"turns":7},{"damage":2,"enemies":"3 Byrds","floor":21,"turns":3},{"damage":2,"enemies":"Slavers","floor":24,"turns":2},{"damage":18,"enemies":"Snake Plant","floor":25,"turns":3},{"damage":12,"enemies":"Chosen and Byrds","floor":29,"turns":7},{"damage":25,"enemies":"Book of Stabbing","floor":31,"turns":7},{"damage":29,"enemies":"Collector","floor":33,"turns":9},{"damage":1,"enemies":"Orb Walker","floor":35,"turns":2},{"damage":15,"enemies":"3 Darklings","floor":36,"turns":3},{"damage":43,"enemies":"4 Shapes","floor":37,"turns":3},{"damage":8,"enemies":"2 Orb Walkers","floor":41,"turns":3},{"damage":15,"enemies":"Sphere and 2 Shapes","floor":42,"turns":4},{"damage":0,"enemies":"3 Darklings","floor":45,"turns":3},{"damage":55,"enemies":"Giant Head","floor":46,"turns":8},{"damage":0,"enemies":"4 Shapes","floor":48,"turns":4},{"damage":73,"enemies":"Donu and Deca","floor":50,"turns":6}],"relics_obtained":[{"floor":9,"key":"Pen Nib"},{"floor":10,"key":"Bronze Scales"},{"floor":24,"key":"Tiny Chest"},{"floor":26,"key":"Centennial Puzzle"},{"floor":31,"key":"Letter Opener"},{"floor":41,"key":"Bird Faced Urn"},{"floor":43,"key":"Boot"},{"floor":46,"key":"War Paint"}],"event_choices":[{"event_name":"The Cleric","player_choice":"Card Removal","floor":2,"damage_taken":0},{"event_name":"Accursed Blacksmith","player_choice":"Forge","floor":3,"damage_taken":0},{"event_name":"Big Fish","player_choice":"Donut","floor":5,"damage_taken":0},{"event_name":"Living Wall","player_choice":"Grow","floor":8,"damage_taken":0},{"event_name":"The Joust","player_choice":"Bet on Owner","floor":19,"damage_taken":0},{"event_name":"Back to Basics","player_choice":"Simplicity","floor":28,"damage_taken":0},{"event_name":"Winding Halls","player_choice":"Embrace Madness","floor":39,"damage_taken":0}],"boss_relics":[{"not_picked":["Runic Pyramid","Sozu"],"picked":"White Beast Statue"},{"not_picked":["Cursed Key","Eternal Feather"],"picked":"Pandora\u0027s Box"}],"items_purged_floors":[],"potions_floor_spawned":[1,6,12,14,18,21,24,25,29,31,33,35,36,37,41,42,45,46,48],"seed_played":"-3369694290556596180","killed_by":"Donu and Deca","ascension_level":2,"potions_obtained":[{"floor":1,"key":"EssenceOfSteel"},{"floor":6,"key":"SteroidPotion"},{"floor":12,"key":"Weak Potion"},{"floor":14,"key":"Regen Potion"},{"floor":18,"key":"Strength Potion"},{"floor":21,"key":"Explosive Potion"},{"floor":24,"key":"GamblersBrew"},{"floor":25,"key":"LiquidBronze"},{"floor":29,"key":"EssenceOfSteel"},{"floor":31,"key":"FearPotion"},{"floor":33,"key":"Strength Potion"},{"floor":36,"key":"FearPotion"},{"floor":41,"key":"Ancient Potion"},{"floor":42,"key":"PowerPotion"},{"floor":45,"key":"Weak Potion"},{"floor":46,"key":"SpeedPotion"},{"floor":48,"key":"Strength Potion"}],"is_trial":false}