{"gold_per_floor":[109,10,27,37,37,37,65,15,15,48,60,60,12,32,32,135,135,153,169,180,200,215,231,231,241,265,265,323,323,353,371,371,476,476,489,489,489,505,505,505,538,555,579,579,593,593,60,80,80,80],"floor_reached":51,"playtime":6803,"items_purged":["Defend_B","Strike_B"],"score":859,"play_id":"ba8cc9aa-1528-46cb-879b-c98aa88b0b42","local_time":"20180722020800","is_ascension_mode":true,"campfire_choices":[{"data":"Consume","floor":6,"key":"SMITH"},{"data":"Defragment","floor":12,"key":"SMITH"},{"data":"Coolheaded","floor":15,"key":"SMITH"},{"data":"Self Repair","floor":24,"key":"SMITH"},{"data":"Recycle","floor":27,"key":"SMITH"},{"floor":29,"key":"REST"},{"data":"Dualcast","floor":32,"key":"SMITH"},{"data":"Madness","floor":40,"key":"SMITH"},{"data":"Double Energy","floor":44,"key":"SMITH"},{"data":"Secret Technique","floor":49,"key":"SMITH"}],"neow_cost":"NONE","seed_source_timestamp":187565022797031,"circlet_count":0,"master_deck":["Strike_B+1","Strike_B+1","Defend_B","Defend_B","Defend_B","Zap+1","Dualcast+1","Self Repair+1","Consume+1","Recycle+1","Conserve Battery","Gash+1","Defragment+1","Conserve Battery","Conserve Battery","Electrodynamics","Beam Cell+1","Coolheaded","Compile Driver+1","Scrape+1","Machine Learning","Cold Snap+1","Beam Cell+1","Seek","Cold Snap+1","Double Energy+1","Secret Technique+1","Bandage Up","Madness+1","Sunder+1","Ball Lightning+1","Gash+1","Chill"],"relics":["Cracked Core","Molten Egg 2","Art of War","Unceasing Top","Nuclear Battery","Bag of Marbles","Tiny Chest","Bottled Lightning","Sozu","Ancient Tea Set","Whetstone","Ornamental Fan","OrangePellets"],"potions_floor_usage":[22,23,28,41],"damage_taken":[{"damage":0,"enemies":"Cultist","floor":1,"turns":3},{"damage":2,"enemies":"Small Slimes","floor":3,"turns":3},{"damage":0,"enemies":"Jaw Worm","floor":4,"turns":4},{"damage":18,"enemies":"3 Sentries","floor":7,"turns":7},{"damage":3,"enemies":"Lagavulin","floor":10,"turns":8},{"damage":1,"enemies":"3 Louse","floor":11,"turns":3},{"damage":2,"enemies":"Large Slime","floor":14,"turns":5},{"damage":48,"enemies":"Hexaghost","floor":16,"turns":12},{"damage":8,"enemies":"Chosen","floor":18,"turns":4},{"damage":20,"enemies":"2 Thieves","floor":19,"turns":4},{"damage":27,"enemies":"Snecko","floor":20,"turns":6},{"damage":11,"enemies":"Cultist and Chosen","floor":21,"turns":5},{"damage":1,"enemies":"3 Cultists","floor":22,"turns":5},{"damage":20,"enemies":"Snake Plant","floor":23,"turns":4},{"damage":0,"enemies":"Centurion and Healer","floor":25,"turns":4},{"damage":28,"enemies":"Slavers","floor":28,"turns":3},{"damage":0,"enemies":"Gremlin Leader","floor":30,"turns":4},{"damage":1,"enemies":"Snecko","floor":31,"turns":6},{"damage":26,"enemies":"Automaton","floor":33,"turns":9},{"damage":0,"enemies":"Orb Walker","floor":35,"turns":2},{"damage":0,"enemies":"Flame Bruiser 1 Orb","floor":38,"turns":3},{"damage":6,"enemies":"Nemesis","floor":41,"turns":7},{"damage":0,"enemies":"Sphere and 2 Shapes","floor":42,"turns":4},{"damage":0,"enemies":"Maw","floor":45,"turns":4},{"damage":0,"enemies":"4 Shapes","floor":48,"turns":1},{"damage":0,"enemies":"Donu and Deca","floor":50,"turns":7}],"seed_played":"-3445807183525723473","potions_obtained":[{"floor":1,"key":"FearPotion"},{"floor":3,"key":"AttackPotion"},{"floor":21,"key":"Block Potion"},{"floor":22,"key":"Fruit Juice"},{"floor":23,"key":"SteroidPotion"},{"floor":25,"key":"PowerPotion"},{"floor":33,"key":"Fire Potion"}],"is_trial":false,"path_per_floor":["M","$","M","M","?","R","E","?","T","E","M","R","$","M","R","B",null,"M","M","M","M","M","M","R","M","T","R","E","R","E","M","R","B",null,"M","?","?","M","?","R","E","M","T","R","M","?","$","M","R","B"],"character_chosen":"DEFECT","items_purchased":["Coolheaded","Conserve Battery","Ornamental Fan","OrangePellets"],"campfire_rested":1,"item_purchase_floors":[2,13,47,47],"current_hp_per_floor":[75,75,75,75,80,80,69,69,69,73,79,79,79,80,80,32,80,79,66,46,42,48,40,40,50,50,50,22,47,57,66,66,50,85,85,85,85,85,75,75,83,85,85,85,85,85,85,85,85,85],"gold":80,"neow_bonus":"UPGRADE_CARD","is_prod":false,"is_daily":false,"chose_seed":false,"campfire_upgraded":9,"win_rate":0,"timestamp":1532192880,"path_taken":["M","?","M","M","?","R","E","?","T","E","M","R","?","M","R","BOSS","M","M","M","M","M","M","R","M","T","R","E","R","E","M","R","BOSS","M","?","?","M","?","R","E","M","T","R","?","?","$","M","R","BOSS"],"build_version":"2018-07-19v2","purchased_purges":2,"victory":true,"max_hp_per_floor":[75,75,75,75,80,80,80,80,80,80,80,80,80,80,80,80,80,80,80,80,80,80,85,85,85,85,85,85,85,85,85,85,85,85,85,85,85,85,85,85,85,85,85,85,85,85,85,85,85,85],"card_choices":[{"not_picked":["Go for the Eyes","Chill"],"picked":"Self Repair","floor":1},{"not_picked":["Steam","Stack"],"picked":"Consume","floor":3},{"not_picked":["Coolheaded","Leap"],"picked":"Recycle","floor":4},{"not_picked":["Self Repair","Steam"],"picked":"Conserve Battery","floor":7},{"not_picked":["Sweeping Beam+1","Fusion"],"picked":"Gash+1","floor":10},{"not_picked":["Rebound+1","Ball Lightning+1"],"picked":"Defragment","floor":11},{"not_picked":["Redo","Compile Driver+1"],"picked":"Conserve Battery","floor":14},{"not_picked":["Hyperbeam+1","Multi-Cast"],"picked":"Electrodynamics","floor":16},{"not_picked":["Compile Driver+1","Conserve Battery"],"picked":"Beam Cell+1","floor":18},{"not_picked":["Hello World","Steam Power"],"picked":"Coolheaded","floor":19},{"not_picked":["Hologram","BootSequence"],"picked":"Compile Driver+1","floor":20},{"not_picked":["Turbo+1","Stack"],"picked":"Scrape+1","floor":21},{"not_picked":["Compile Driver+1","Hologram","Melter+1"],"picked":"SKIP","floor":22},{"not_picked":["Hologram","Coolheaded"],"picked":"Machine Learning","floor":23},{"not_picked":["Conserve Battery","Recycle","Streamline+1"],"picked":"SKIP","floor":25},{"not_picked":["Streamline+1","Heatsinks","Doom and Gloom+1"],"picked":"SKIP","floor":28},{"not_picked":["Blizzard+1","Streamline+1"],"picked":"Cold Snap+1","floor":30},{"not_picked":["Fusion","Aggregate"],"picked":"Beam Cell+1","floor":31},{"not_picked":["Reboot","Amplify"],"picked":"Seek","floor":33},{"not_picked":["Steam Power","Leap+1"],"picked":"Cold Snap+1","floor":35},{"not_picked":["Conserve Battery","Fusion"],"picked":"Double Energy","floor":38},{"not_picked":["Dramatic Entrance+1","Thinking Ahead"],"picked":"Secret Technique","floor":39},{"not_picked":["Purity","Jack Of All Trades"],"picked":"Bandage Up","floor":39},{"not_picked":["Magnetism","Trip"],"picked":"Madness","floor":39},{"not_picked":["Reboot","Redo","Machine Learning"],"picked":"SKIP","floor":41},{"not_picked":["Heatsinks","Steam"],"picked":"Sunder+1","floor":42},{"not_picked":["Consume+1","Genetic Algorithm+1"],"picked":"Ball Lightning+1","floor":45},{"not_picked":["Doom and Gloom+1","Streamline+1"],"picked":"Chill","floor":48}],"player_experience":147997,"relics_obtained":[{"floor":7,"key":"Molten Egg 2"},{"floor":9,"key":"Art of War"},{"floor":10,"key":"Unceasing Top"},{"floor":26,"key":"Bag of Marbles"},{"floor":28,"key":"Tiny Chest"},{"floor":30,"key":"Bottled Lightning"},{"floor":41,"key":"Ancient Tea Set"},{"floor":43,"key":"Whetstone"}],"event_choices":[{"event_name":"Big Fish","player_choice":"Donut","floor":5,"damage_taken":0},{"event_name":"The Cleric","player_choice":"Card Removal","floor":8,"damage_taken":0},{"event_name":"Falling","player_choice":"Removed Skill","floor":36,"damage_taken":0},{"event_name":"Tomb of Lord Red Mask","player_choice":"Ignored","floor":37,"damage_taken":0},{"event_name":"SensoryStone","player_choice":"Memory 3","floor":39,"damage_taken":0},{"event_name":"Duplicator","player_choice":"One dupe","floor":46,"damage_taken":0}],"is_beta":false,"boss_relics":[{"not_picked":["Coffee Dripper","FrozenCore"],"picked":"Nuclear Battery"},{"not_picked":["Runic Dome","Philosopher\u0027s Stone"],"picked":"Sozu"}],"items_purged_floors":[2,47],"is_endless":false,"potions_floor_spawned":[1,3,21,22,23,25,33,48],"ascension_level":2}