{"gold_per_floor":[112,112,128,141,91,134,152,152,152,493,512,587,602,622,622,750,750,771,451,701,616,616,659,659,659],"floor_reached":25,"playtime":843,"items_purged":[],"score":376,"play_id":"301ce401-b239-45fc-aa4c-cc139e13afb7","local_time":"20180701194752","is_ascension_mode":true,"campfire_choices":[{"data":"Defragment","floor":8.0,"key":"SMITH"},{"floor":15,"key":"REST"},{"floor":24,"key":"REST"}],"neow_cost":"","seed_source_timestamp":0,"circlet_count":0,"master_deck":["Strike_B","Strike_B","Defend_B","Defend_B","Defend_B","Zap","Dualcast","Sweeping Beam+1","Coolheaded+1","Ball Lightning","Turbo","Ball Lightning","Ball Lightning","Defragment+1","Tempest","Seek","Conserve Battery","Undo","Reboot","Beam Cell","Leap","Regret","Purity","Double Energy"],"special_seed":0,"relics":["Astrolabe","Golden Idol","Calipers","Torii","Old Coin","Sozu","Symbiotic Virus","Molten Egg 2","Pear"],"potions_floor_usage":[10,10,10,10,14,14,16,25],"damage_taken":[{"damage":0.0,"enemies":"Small Slimes","floor":1.0,"turns":3.0},{"damage":1.0,"enemies":"2 Louse","floor":3.0,"turns":3.0},{"damage":0.0,"enemies":"Cultist","floor":4.0,"turns":3.0},{"damage":20.0,"enemies":"Gremlin Nob","floor":6.0,"turns":3.0},{"damage":1.0,"enemies":"2 Fungi Beasts","floor":7.0,"turns":2.0},{"damage":1,"enemies":"3 Sentries","floor":10,"turns":3},{"damage":9,"enemies":"3 Louse","floor":11,"turns":2},{"damage":0,"enemies":"Lots of Slimes","floor":13,"turns":1},{"damage":1,"enemies":"Looter","floor":14,"turns":3},{"damage":0,"enemies":"Slime Boss","floor":16,"turns":5},{"damage":1,"enemies":"Chosen","floor":18,"turns":3},{"damage":50,"enemies":"Gremlin Leader","floor":23,"turns":7},{"damage":0,"enemies":"Slavers","floor":25,"turns":1}],"seed_played":"-2042950047622438728","potions_obtained":[{"floor":1.0,"key":"Swift Potion"},{"floor":6.0,"key":"EntropicBrew"},{"floor":11,"key":"SpeedPotion"},{"floor":14,"key":"FocusPotion"},{"floor":16,"key":"GamblersBrew"}],"is_trial":false,"path_per_floor":["M","?","M","M","?","E","M","R","T","E","M","?","M","M","R","B",null,"M","$","?","?","?","E","R"],"character_chosen":"DEFECT","items_purchased":["Symbiotic Virus","Beam Cell","Leap"],"campfire_rested":2,"item_purchase_floors":[19,19,19],"current_hp_per_floor":[75,69,68,68,68,48,47,47,47,46,37,26,26,34,54,54,65,64,64,64,64,52,12,35,35],"gold":659,"neow_bonus":"","is_prod":false,"is_daily":false,"chose_seed":false,"campfire_upgraded":1,"win_rate":0,"timestamp":1530467272,"path_taken":["M","?","M","M","?","E","M","R","T","E","M","?","M","?","R","BOSS","M","$","?","?","?","E","R","E"],"build_version":"2018-06-28","purchased_purges":0,"victory":false,"max_hp_per_floor":[75,69,69,69,69,69,69,69,69,69,69,69,69,69,69,69,69,69,69,69,69,69,79,79,79],"card_choices":[{"not_picked":["Stack","Rebound"],"picked":"Ball Lightning","floor":1.0},{"not_picked":["Lockon","Streamline"],"picked":"Turbo","floor":3.0},{"not_picked":["Reprogram","Cold Snap"],"picked":"Ball Lightning","floor":4.0},{"not_picked":["Coolheaded","Turbo"],"picked":"Ball Lightning","floor":6.0},{"not_picked":["Leap","Turbo"],"picked":"Defragment","floor":7.0},{"not_picked":["Gash","Storm"],"picked":"Tempest","floor":10},{"not_picked":["Capacitor","Tempest"],"picked":"Seek","floor":11},{"not_picked":["Ball Lightning","Hologram"],"picked":"Conserve Battery","floor":13},{"not_picked":["Leap","Skim"],"picked":"Undo","floor":14},{"not_picked":["Amplify","All For One"],"picked":"Reboot","floor":16},{"not_picked":["Rebound","Cold Snap","Coolheaded"],"picked":"SKIP","floor":18},{"not_picked":["Leap","Barrage+1"],"picked":"Double Energy","floor":23}],"player_experience":806697,"relics_obtained":[{"floor":6.0,"key":"Calipers"},{"floor":9.0,"key":"Torii"},{"floor":10,"key":"Old Coin"},{"floor":23,"key":"Pear"}],"event_choices":[{"event_name":"Golden Idol","player_choice":"Lose Max HP","floor":2.0,"damage_taken":0.0},{"event_name":"The Cleric","player_choice":"Card Removal","floor":5.0,"damage_taken":0.0},{"event_name":"World of Goop","player_choice":"Gather Gold","floor":12,"damage_taken":0},{"event_name":"Golden Shrine","player_choice":"Desecrate","floor":20,"damage_taken":0},{"event_name":"Addict","player_choice":"Obtained Relic","floor":21,"damage_taken":0},{"event_name":"Knowing Skull","player_choice":"CARD ","floor":22,"damage_taken":0}],"boss_relics":[{"not_picked":["Cursed Key","Velvet Choker"],"picked":"Sozu"}],"items_purged_floors":[],"is_endless":false,"potions_floor_spawned":[1,6,11,14,16,18],"killed_by":"Slavers","ascension_level":5}