{"gold_per_floor":[110,125,135,310,328,328,362,18,45,7,23,23,34,45,45,120,120,138,1,15,25,25,25],"floor_reached":23,"playtime":1032,"items_purged":["Doubt","Defend_R"],"score":382,"play_id":"2f402b51-38d0-4cf1-8bc2-2e1f0f5fc10a","local_time":"20190129201117","is_ascension_mode":true,"campfire_choices":[{"floor":6,"key":"REST"},{"floor":15,"key":"REST"}],"neow_cost":"NONE","seed_source_timestamp":13478062156591030,"circlet_count":0,"master_deck":["AscendersBane","Strike_R+1","Strike_R","Strike_R","Strike_R","Strike_R","Defend_R","Defend_R","Bash+1","Spot Weakness","Armaments","Iron Wave","True Grit","Flex","Iron Wave","Iron Wave","Feed","Iron Wave","Iron Wave"],"relics":["Burning Blood","Ancient Tea Set","Blood Vial","Membership Card","Mango","Whetstone","Velvet Choker","Vajra"],"potions_floor_usage":[7,16,16],"damage_taken":[{"damage":11,"enemies":"Cultist","floor":1,"turns":4},{"damage":12,"enemies":"2 Louse","floor":2,"turns":3},{"damage":10,"enemies":"Small Slimes","floor":3,"turns":4},{"damage":18,"enemies":"Red Slaver","floor":5,"turns":4},{"damage":49,"enemies":"Gremlin Nob","floor":7,"turns":5},{"damage":17,"enemies":"Lots of Slimes","floor":11,"turns":7},{"damage":15,"enemies":"Large Slime","floor":13,"turns":5},{"damage":1,"enemies":"2 Fungi Beasts","floor":14,"turns":3},{"damage":38,"enemies":"The Guardian","floor":16,"turns":12},{"damage":4,"enemies":"Chosen","floor":18,"turns":6},{"damage":13,"enemies":"3 Byrds","floor":20,"turns":5},{"damage":25,"enemies":"Centurion and Healer","floor":21,"turns":6},{"damage":68,"enemies":"Book of Stabbing","floor":23,"turns":5}],"seed_played":"6643505387851136555","potions_obtained":[{"floor":2,"key":"LiquidBronze"},{"floor":5,"key":"PowerPotion"},{"floor":14,"key":"Block Potion"},{"floor":16,"key":"Energy Potion"},{"floor":21,"key":"Strength Potion"}],"is_trial":false,"path_per_floor":["M","M","M","?","M","R","E","$","T","$","M","?","M","M","R","B",null,"M","$","M","M","$","E"],"character_chosen":"IRONCLAD","items_purchased":["Membership Card","Mango","Vajra","Iron Wave"],"campfire_rested":2,"item_purchase_floors":[8,8,19,19],"current_hp_per_floor":[63,57,53,53,41,63,20,34,34,34,25,25,18,25,51,21,72,79,79,77,63,63,0],"gold":25,"neow_bonus":"RANDOM_COMMON_RELIC","is_prod":false,"is_daily":false,"chose_seed":false,"campfire_upgraded":0,"win_rate":0,"timestamp":1548789077,"path_taken":["M","?","?","?","M","R","E","$","T","$","M","?","M","?","R","BOSS","M","$","M","M","$","E"],"build_version":"2019-01-23","purchased_purges":2,"victory":false,"max_hp_per_floor":[75,75,75,75,75,75,75,89,89,89,89,89,89,89,89,89,89,92,92,95,98,98,98],"card_choices":[{"not_picked":["Twin Strike","Perfected Strike"],"picked":"Spot Weakness","floor":1},{"not_picked":["Anger","Warcry"],"picked":"Armaments","floor":2},{"not_picked":["Carnage","Havoc"],"picked":"Iron Wave","floor":3},{"not_picked":["Twin Strike","Reckless Charge"],"picked":"True Grit","floor":5},{"not_picked":["Sentinel","Whirlwind"],"picked":"Flex","floor":7},{"not_picked":["Clothesline","Sever Soul","Cleave"],"picked":"SKIP","floor":11},{"not_picked":["Anger","Offering"],"picked":"Iron Wave","floor":13},{"not_picked":["Seeing Red","Pommel Strike"],"picked":"Iron Wave","floor":14},{"not_picked":["Brutality","Bludgeon"],"picked":"Feed","floor":16},{"not_picked":["Twin Strike","Combust","Perfected Strike"],"picked":"SKIP","floor":18},{"not_picked":["Entrench","Clothesline"],"picked":"Iron Wave","floor":20},{"not_picked":["Carnage","Second Wind+1","Pummel"],"picked":"SKIP","floor":21}],"player_experience":340861,"relics_obtained":[{"floor":7,"key":"Blood Vial"},{"floor":9,"key":"Whetstone"}],"event_choices":[{"damage_healed":0,"gold_gain":175,"player_choice":"AGREE","damage_taken":0,"max_hp_gain":0,"max_hp_loss":0,"event_name":"Liars Game","floor":4,"gold_loss":0,"cards_obtained":["Doubt"]},{"cards_removed":["Defend_R"],"damage_healed":0,"gold_gain":0,"player_choice":"Purged","damage_taken":0,"max_hp_gain":0,"max_hp_loss":0,"event_name":"Purifier","floor":12,"gold_loss":0}],"is_beta":false,"boss_relics":[{"not_picked":["Lizard Tail","Empty Cage"],"picked":"Velvet Choker"}],"items_purged_floors":[10,19],"is_endless":false,"potions_floor_spawned":[2,5,14,16,21],"killed_by":"Book of Stabbing","ascension_level":14}