{"gold_per_floor":[116,130,130,144,158,158,170,186,186,186,186,197,197,227,227,330,330,344,362,382,255,275,275,275,275,275,275,127,190,122,122,122,226,226,246,259,186,202,221,221,234,234,234,234,246,37,49,49,49,49],"floor_reached":51,"playtime":12650,"items_purged":["Clash"],"score":1032,"play_id":"3802c520-4668-4d79-a41d-a1acf7e840e5","local_time":"20190129201106","is_ascension_mode":true,"campfire_choices":[{"data":"Armaments","floor":6.0,"key":"SMITH"},{"data":"Shockwave","floor":10.0,"key":"SMITH"},{"floor":13.0,"key":"REST"},{"data":"Inflame","floor":15.0,"key":"SMITH"},{"data":"Metallicize","floor":23.0,"key":"SMITH"},{"data":"Metallicize","floor":25.0,"key":"SMITH"},{"data":"Shrug It Off","floor":27.0,"key":"SMITH"},{"data":"Metallicize","floor":32.0,"key":"SMITH"},{"data":"Offering","floor":40.0,"key":"SMITH"},{"data":"Seeing Red","floor":42.0,"key":"SMITH"},{"data":"Demon Form","floor":44.0,"key":"SMITH"},{"floor":49.0,"key":"REST"}],"neow_cost":"PERCENT_DAMAGE","seed_source_timestamp":0,"circlet_count":0,"master_deck":["AscendersBane","Bash","Iron Wave","Armaments+1","True Grit","Shockwave+1","Battle Trance","Inflame+1","Demon Form+1","Anger","Metallicize+1","Shrug It Off+1","Metallicize+1","Shrug It Off+1","Armaments","Fiend Fire","Metallicize+1","Offering+1","Uppercut","Seeing Red+1","Sword Boomerang+1","Battle Trance","Madness"],"special_seed":0,"relics":["Burning Blood","Singing Bowl","Blue Candle","Pandora\u0027s Box","Darkstone Periapt","Orichalcum","Tiny Chest","Busted Crown","Smiling Mask"],"potions_floor_usage":[50,50,50],"damage_taken":[{"damage":7.0,"enemies":"2 Louse","floor":1.0,"turns":2.0},{"damage":1.0,"enemies":"Cultist","floor":2.0,"turns":4.0},{"damage":2.0,"enemies":"Jaw Worm","floor":4.0,"turns":5.0},{"damage":29.0,"enemies":"Large Slime","floor":5.0,"turns":11.0},{"damage":7.0,"enemies":"Lots of Slimes","floor":7.0,"turns":7.0},{"damage":6.0,"enemies":"Looter","floor":8.0,"turns":3.0},{"damage":14.0,"enemies":"Exordium Wildlife","floor":12.0,"turns":6.0},{"damage":0.0,"enemies":"Lagavulin","floor":14.0,"turns":8.0},{"damage":35.0,"enemies":"Hexaghost","floor":16.0,"turns":15.0},{"damage":12.0,"enemies":"2 Thieves","floor":18.0,"turns":3.0},{"damage":3.0,"enemies":"Shell Parasite","floor":19.0,"turns":5.0},{"damage":3.0,"enemies":"Chosen and Byrds","floor":20.0,"turns":7.0},{"damage":4.0,"enemies":"3 Cultists","floor":22.0,"turns":7.0},{"damage":0.0,"enemies":"Book of Stabbing","floor":29.0,"turns":6.0},{"damage":3.0,"enemies":"Champ","floor":33.0,"turns":9.0},{"damage":0.0,"enemies":"Orb Walker","floor":35.0,"turns":4.0},{"damage":22.0,"enemies":"3 Shapes","floor":36.0,"turns":6.0},{"damage":17.0,"enemies":"Spire Growth","floor":38.0,"turns":6.0},{"damage":0.0,"enemies":"Writhing Mass","floor":39.0,"turns":7.0},{"damage":22.0,"enemies":"Sphere and 2 Shapes","floor":41.0,"turns":5.0},{"damage":6.0,"enemies":"4 Shapes","floor":45.0,"turns":11.0},{"damage":20.0,"enemies":"Transient","floor":47.0,"turns":5.0},{"damage":14,"enemies":"Awakened One","floor":50,"turns":7}],"seed_played":"7931166684088843040","potions_obtained":[{"floor":1.0,"key":"FearPotion"},{"floor":5.0,"key":"GamblersBrew"},{"floor":7.0,"key":"SpeedPotion"},{"floor":16.0,"key":"SteroidPotion"},{"floor":20.0,"key":"Poison Potion"},{"floor":33.0,"key":"SkillPotion"},{"floor":41.0,"key":"Strength Potion"},{"floor":45.0,"key":"AttackPotion"},{"floor":47.0,"key":"Explosive Potion"}],"is_trial":false,"path_per_floor":["M","M","?","M","M","R","M","M","T","R","?","M","R","E","R","B",null,"M","M","M","$","M","R","?","R","T","R","$","E","$","?","R","B",null,"M","M","$","M","M","R","M","R","T","R","M","$","M","?","R","B",null],"character_chosen":"IRONCLAD","items_purchased":["Shrug It Off","Orichalcum","Metallicize","Seeing Red","Battle Trance","Madness","PowerPotion"],"campfire_rested":2,"item_purchase_floors":[21,28,30,37,46,46,46],"current_hp_per_floor":[50,55,55,59,36,36,35,35,35,35,28,22,46,54,54,25,69,65,68,71,71,75,75,75,75,75,75,75,83,83,74,74,77,87,92,76,76,67,75,75,61,61,61,61,61,61,49,51,81,73],"gold":49,"neow_bonus":"REMOVE_TWO","is_prod":false,"is_daily":false,"chose_seed":false,"campfire_upgraded":10,"win_rate":0,"timestamp":1548760266,"path_taken":["M","M","?","M","M","R","M","M","T","R","?","M","R","E","R","BOSS","M","M","M","$","M","R","?","R","T","R","$","E","$","?","R","BOSS","M","M","$","M","M","R","M","R","T","R","M","?","?","?","R","BOSS"],"build_version":"2019-01-23","purchased_purges":1,"victory":true,"max_hp_per_floor":[80,80,80,80,80,80,80,80,80,80,80,82,82,84,84,84,84,86,86,86,86,88,88,88,88,88,88,88,90,90,90,90,90,90,92,92,92,94,96,96,98,98,98,98,98,98,100,102,102,102],"card_choices":[{"not_picked":["Carnage","Havoc"],"picked":"Iron Wave","floor":1.0},{"not_picked":["Fire Breathing","Pommel Strike"],"picked":"Armaments","floor":2.0},{"not_picked":["Perfected Strike","Sword Boomerang"],"picked":"True Grit","floor":4.0},{"not_picked":["Wild Strike","Inflame"],"picked":"Shockwave","floor":5.0},{"not_picked":["Searing Blow","Anger"],"picked":"Battle Trance","floor":7.0},{"not_picked":["Armaments","Twin Strike"],"picked":"Inflame","floor":8.0},{"not_picked":["Heavy Blade","Warcry","Reckless Charge"],"picked":"Singing Bowl","floor":12.0},{"not_picked":["Infernal Blade","Shockwave","Carnage"],"picked":"Singing Bowl","floor":14.0},{"not_picked":["Berserk","Double Tap"],"picked":"Demon Form","floor":16.0},{"not_picked":["True Grit","Warcry","Spot Weakness"],"picked":"Singing Bowl","floor":18.0},{"not_picked":["Carnage","Infernal Blade"],"picked":"Shrug It Off+1","floor":19.0},{"not_picked":["Sever Soul+1","Perfected Strike"],"picked":"Metallicize","floor":20.0},{"not_picked":["Burning Pact","Heavy Blade","Berserk"],"picked":"Singing Bowl","floor":22.0},{"not_picked":["Fire Breathing","Flex","Body Slam"],"picked":"Singing Bowl","floor":29.0},{"not_picked":["Exhume","Dark Embrace"],"picked":"Offering","floor":33.0},{"not_picked":["Pommel Strike+1"],"picked":"Singing Bowl","floor":35.0},{"not_picked":[],"picked":"Uppercut","floor":36.0},{"not_picked":["Perfected Strike+1"],"picked":"Singing Bowl","floor":38.0},{"not_picked":["Burning Pact"],"picked":"Singing Bowl","floor":39.0},{"not_picked":["Twin Strike"],"picked":"Singing Bowl","floor":41.0},{"not_picked":[],"picked":"Sword Boomerang+1","floor":45.0},{"not_picked":["Flex"],"picked":"Singing Bowl","floor":47.0},{"not_picked":["Swift Strike"],"picked":"Singing Bowl","floor":48.0}],"player_experience":448927,"relics_obtained":[{"floor":9.0,"key":"Singing Bowl"},{"floor":14.0,"key":"Blue Candle"},{"floor":26.0,"key":"Darkstone Periapt"},{"floor":29.0,"key":"Tiny Chest"},{"floor":43.0,"key":"Smiling Mask"}],"event_choices":[{"cards_removed":["Strike_R"],"damage_healed":0.0,"max_hp_gain":0.0,"max_hp_loss":0.0,"gold_gain":0.0,"event_name":"Purifier","player_choice":"Purged","floor":3.0,"gold_loss":0.0,"damage_taken":0.0},{"cards_removed":["Strike_R"],"damage_healed":0.0,"max_hp_gain":0.0,"max_hp_loss":0.0,"gold_gain":0.0,"event_name":"Golden Wing","player_choice":"Card Removal","floor":11.0,"gold_loss":0.0,"damage_taken":7.0},{"damage_healed":0.0,"max_hp_gain":0.0,"max_hp_loss":0.0,"gold_gain":0.0,"cards_transformed":["Second Wind","Reckless Charge"],"event_name":"Drug Dealer","player_choice":"Became Test Subject","floor":24.0,"gold_loss":0.0,"damage_taken":0.0,"cards_obtained":["Armaments","Fiend Fire"]},{"damage_healed":0.0,"max_hp_gain":0.0,"max_hp_loss":0.0,"gold_gain":0.0,"event_name":"Knowing Skull","player_choice":"","floor":31.0,"potions_obtained":[],"gold_loss":0.0,"damage_taken":9.0,"cards_obtained":[]},{"damage_healed":0.0,"max_hp_gain":0.0,"max_hp_loss":0.0,"gold_gain":0.0,"event_name":"SensoryStone","player_choice":"Memory 1","floor":48.0,"gold_loss":0.0,"damage_taken":0.0}],"is_beta":false,"boss_relics":[{"not_picked":["White Beast Statue","Philosopher\u0027s Stone"],"picked":"Pandora\u0027s Box"},{"not_picked":["Black Blood","Sozu"],"picked":"Busted Crown"}],"items_purged_floors":[21],"is_endless":false,"potions_floor_spawned":[1,5,7,16,20,33,41,45,47],"ascension_level":10}