{"gold_per_floor":[365,382,382,1,1,1,31,31,31,31,47,73,90,125,125,202,202,215,215,136,148,158,158,83,83,83,114,28,48,80,96,96,169,169,183,197,197,197,25,25,25],"floor_reached":41,"playtime":1861,"items_purged":["Regret"],"score":944,"play_id":"c2061413-4517-4163-b20e-e1bc92ccbe2d","local_time":"20181102204101","is_ascension_mode":true,"campfire_choices":[{"data":"Bash","floor":6.0,"key":"SMITH"},{"data":"Combust","floor":8.0,"key":"SMITH"},{"data":"Anger","floor":10.0,"key":"SMITH"},{"data":"Iron Wave","floor":15.0,"key":"SMITH"},{"data":"Disarm","floor":23.0,"key":"SMITH"},{"floor":25.0,"key":"REST"},{"floor":32.0,"key":"REST"},{"data":"Limit Break","floor":40,"key":"SMITH"}],"neow_cost":"TEN_PERCENT_HP_LOSS","seed_source_timestamp":137052053475810,"circlet_count":0,"master_deck":["AscendersBane","Strike_R","Strike_R","Strike_R","Strike_R","Defend_R","Defend_R","Defend_R","Defend_R","Bash+1","Headbutt","Combust+1","Shrug It Off","Anger+1","Evolve","Shrug It Off","Iron Wave+1","Second Wind","Reaper","Offering","Disarm+1","Uppercut","Inflame","Clothesline+1","Intimidate","Limit Break+1","Fiend Fire","Intimidate+1"],"special_seed":0,"relics":["Burning Blood","Gambling Chip","Orichalcum","Oddly Smooth Stone","Singing Bowl","Regal Pillow","Prayer Wheel","Sozu","Pantograph","Lantern","Art of War","Snecko Eye","Red Skull"],"potions_floor_usage":[],"damage_taken":[{"damage":7.0,"enemies":"Cultist","floor":1.0,"turns":4.0},{"damage":4.0,"enemies":"2 Louse","floor":2.0,"turns":4.0},{"damage":4.0,"enemies":"Gremlin Nob","floor":7.0,"turns":3.0},{"damage":3.0,"enemies":"Jaw Worm","floor":11.0,"turns":2.0},{"damage":14.0,"enemies":"Lagavulin","floor":12.0,"turns":5.0},{"damage":11.0,"enemies":"Exordium Wildlife","floor":13.0,"turns":4.0},{"damage":8.0,"enemies":"Gremlin Nob","floor":14.0,"turns":3.0},{"damage":47.0,"enemies":"Hexaghost","floor":16.0,"turns":8.0},{"damage":20.0,"enemies":"Spheric Guardian","floor":18.0,"turns":5.0},{"damage":10.0,"enemies":"2 Thieves","floor":21.0,"turns":3.0},{"damage":27.0,"enemies":"Snake Plant","floor":22.0,"turns":7.0},{"damage":11.0,"enemies":"Gremlin Leader","floor":27.0,"turns":6.0},{"damage":24.0,"enemies":"Centurion and Healer","floor":29.0,"turns":6.0},{"damage":51.0,"enemies":"Slavers","floor":30.0,"turns":6.0},{"damage":8.0,"enemies":"Snecko","floor":31.0,"turns":4.0},{"damage":81,"enemies":"Automaton","floor":33,"turns":11},{"damage":28,"enemies":"3 Shapes","floor":35,"turns":4},{"damage":6,"enemies":"Orb Walker","floor":36,"turns":1},{"damage":114,"enemies":"Giant Head","floor":41,"turns":7}],"seed_played":"-3696299694185971607","potions_obtained":[{"floor":1.0,"key":"FearPotion"},{"floor":7.0,"key":"EntropicBrew"}],"is_trial":false,"path_per_floor":["M","M","?","$","?","R","E","R","T","R","M","E","E","M","E","R","B",null,"M","?","$","M","M","R","?","R","T","E","$","M","E","M","R","B",null,"M","M","?","?","$","R","E"],"character_chosen":"IRONCLAD","items_purchased":["Shrug It Off","Anger","Evolve","Orichalcum","Offering","Inflame","Red Skull"],"campfire_rested":2,"item_purchase_floors":[4,4,4,4,20,28,39],"current_hp_per_floor":[67,68,68,68,58,58,60,60,60,60,65,57,52,50,50,9,55,47,47,47,49,33,33,33,70,70,73,73,61,22,36,75,7,63,62,66,66,62,62,62,0],"gold":25,"neow_bonus":"TWO_FIFTY_GOLD","is_prod":false,"is_daily":false,"chose_seed":false,"campfire_upgraded":6,"win_rate":0,"timestamp":1541205661,"path_taken":["M","M","?","$","?","R","E","R","T","R","?","E","M","E","R","BOSS","M","?","$","?","M","R","?","R","T","E","?","M","E","M","R","BOSS","M","M","?","?","$","R","E"],"build_version":"2018-11-01v2","purchased_purges":1,"victory":false,"max_hp_per_floor":[68,68,68,68,68,68,68,68,68,68,70,70,70,70,70,70,70,72,72,72,74,76,76,76,76,76,78,78,78,78,82,82,82,82,84,88,88,94,94,94,94],"card_choices":[{"not_picked":["Bloodletting","Rage"],"picked":"Headbutt","floor":1.0},{"not_picked":["Dropkick","Pommel Strike"],"picked":"Combust","floor":2.0},{"not_picked":["Entrench","Perfected Strike","Warcry"],"picked":"SKIP","floor":7.0},{"not_picked":["Heavy Blade","Sword Boomerang","Bloodletting"],"picked":"Singing Bowl","floor":11.0},{"not_picked":["Heavy Blade","Seeing Red"],"picked":"Shrug It Off","floor":12.0},{"not_picked":["Bloodletting","Body Slam"],"picked":"Iron Wave","floor":13.0},{"not_picked":["Evolve","Armaments"],"picked":"Second Wind","floor":14.0},{"not_picked":["Feed","Impervious"],"picked":"Reaper","floor":16.0},{"not_picked":["Headbutt","Flex","Clash+1"],"picked":"Singing Bowl","floor":18.0},{"not_picked":["Entrench","Anger"],"picked":"Havoc","floor":18.0},{"not_picked":["Hemokinesis","Flex"],"picked":"Disarm","floor":21.0},{"not_picked":["Pummel","Havoc","Headbutt"],"picked":"Singing Bowl","floor":21.0},{"not_picked":["Evolve","Carnage","Warcry"],"picked":"Singing Bowl","floor":22.0},{"not_picked":["Reckless Charge","Twin Strike"],"picked":"Uppercut","floor":22.0},{"not_picked":["Perfected Strike","Carnage","Bludgeon"],"picked":"Singing Bowl","floor":27.0},{"not_picked":["Sever Soul","Hemokinesis"],"picked":"Clothesline+1","floor":29.0},{"not_picked":["Metallicize","Rage"],"picked":"Intimidate","floor":29.0},{"not_picked":["Shrug It Off","Iron Wave"],"picked":"Limit Break","floor":30.0},{"not_picked":["Cleave+1","Clash","Warcry"],"picked":"Singing Bowl","floor":31.0},{"not_picked":["Rampage","Ghostly Armor","Warcry"],"picked":"Singing Bowl","floor":31.0},{"not_picked":["Bludgeon","Juggernaut"],"picked":"Fiend Fire","floor":33},{"not_picked":["Infernal Blade","Dual Wield","Anger"],"picked":"Singing Bowl","floor":35},{"not_picked":["Flex","Perfected Strike+1"],"picked":"Intimidate+1","floor":35},{"not_picked":["Reckless Charge","Sever Soul+1","Ghostly Armor"],"picked":"Singing Bowl","floor":36},{"not_picked":["Infernal Blade","Havoc","Warcry"],"picked":"Singing Bowl","floor":36},{"not_picked":["Purity","Finesse","Flash of Steel"],"picked":"Singing Bowl","floor":38},{"not_picked":["Jack Of All Trades","Mind Blast","Impatience"],"picked":"Singing Bowl","floor":38},{"not_picked":["Swift Strike","Mind Blast","Dramatic Entrance"],"picked":"Singing Bowl","floor":38}],"player_experience":1132650,"relics_obtained":[{"floor":7.0,"key":"Oddly Smooth Stone"},{"floor":9.0,"key":"Singing Bowl"},{"floor":12.0,"key":"Regal Pillow"},{"floor":14.0,"key":"Prayer Wheel"},{"floor":26.0,"key":"Pantograph"},{"floor":27.0,"key":"Lantern"},{"floor":30.0,"key":"Art of War"}],"event_choices":[{"damage_healed":0.0,"max_hp_gain":0.0,"max_hp_loss":0.0,"gold_gain":0.0,"event_name":"Big Fish","player_choice":"Box","floor":3.0,"gold_loss":0.0,"damage_taken":0.0,"relics_obtained":["Gambling Chip"],"cards_obtained":["Regret"]},{"damage_healed":0.0,"max_hp_gain":0.0,"max_hp_loss":0.0,"gold_gain":0.0,"event_name":"Wheel of Change","player_choice":"Damaged","floor":5.0,"gold_loss":0.0,"damage_taken":10.0},{"damage_healed":0.0,"max_hp_gain":0.0,"max_hp_loss":0.0,"gold_gain":0.0,"event_name":"N\u0027loth","player_choice":"Ignored","floor":19.0,"gold_loss":0.0,"damage_taken":0.0},{"cards_removed":["Strike_R"],"damage_healed":0.0,"max_hp_gain":0.0,"max_hp_loss":0.0,"gold_gain":0.0,"event_name":"Beggar","player_choice":"Gave Gold","floor":24.0,"gold_loss":75.0,"damage_taken":0.0},{"cards_removed":["Havoc"],"damage_healed":0,"gold_gain":0,"player_choice":"Removed Skill","damage_taken":0,"max_hp_gain":0,"max_hp_loss":0,"event_name":"Falling","floor":37,"gold_loss":0},{"damage_healed":0,"gold_gain":0,"player_choice":"Memory 3","damage_taken":10,"max_hp_gain":0,"max_hp_loss":0,"event_name":"SensoryStone","floor":38,"gold_loss":0}],"is_beta":true,"boss_relics":[{"not_picked":["Orrery","Astrolabe"],"picked":"Sozu"},{"not_picked":["Philosopher\u0027s Stone","Eternal Feather"],"picked":"Snecko Eye"}],"items_purged_floors":[4],"is_endless":false,"potions_floor_spawned":[1,7,18,29,31],"killed_by":"Giant Head","ascension_level":20}