{"gold_per_floor":[113,133,133,148,71,103,122,122,149,163,196,210,8,21,21,94,94,114,114],"floor_reached":19,"playtime":641,"items_purged":[],"score":353,"play_id":"cc6495fd-b562-46ff-bc21-261e436536ef","local_time":"20190221183020","is_ascension_mode":true,"campfire_choices":[{"data":"Rage","floor":8,"key":"SMITH"},{"floor":15,"key":"REST"}],"neow_cost":"NONE","seed_source_timestamp":15459596510421590,"circlet_count":0,"master_deck":["AscendersBane","Strike_R","Strike_R","Strike_R","Strike_R","Strike_R","Defend_R","Defend_R","Defend_R","Defend_R","Bash","True Grit","Cleave+1","Rage+1","Dropkick","Second Wind","Pommel Strike","Demon Form","Flame Barrier","Warcry","Power Through","Feed"],"relics":["Burning Blood","NeowsBlessing","Omamori","Happy Flower","Bronze Scales","Vajra","Sozu"],"potions_floor_usage":[6,6,12,16],"damage_taken":[{"damage":0,"enemies":"Small Slimes","floor":1,"turns":1},{"damage":0,"enemies":"Cultist","floor":2,"turns":1},{"damage":0,"enemies":"Jaw Worm","floor":4,"turns":1},{"damage":34,"enemies":"Lagavulin","floor":6,"turns":6},{"damage":5,"enemies":"Red Slaver","floor":7,"turns":2},{"damage":11,"enemies":"Blue Slaver","floor":10,"turns":4},{"damage":21,"enemies":"Gremlin Nob","floor":11,"turns":4},{"damage":0,"enemies":"3 Louse","floor":12,"turns":1},{"damage":18,"enemies":"Lots of Slimes","floor":14,"turns":2},{"damage":27,"enemies":"The Guardian","floor":16,"turns":10},{"damage":36,"enemies":"Shell Parasite","floor":18,"turns":6},{"damage":52,"enemies":"Chosen","floor":19,"turns":5}],"seed_played":"-1359331578674278489","potions_obtained":[{"floor":1,"key":"SteroidPotion"},{"floor":2,"key":"Poison Potion"},{"floor":7,"key":"Explosive Potion"},{"floor":12,"key":"FearPotion"}],"is_trial":false,"path_per_floor":["M","M","?","M","$","E","M","R","T","M","E","M","$","M","R","B",null,"M","M"],"character_chosen":"IRONCLAD","items_purchased":["Dropkick","Power Through","Vajra"],"campfire_rested":1,"item_purchase_floors":[5,13,13],"current_hp_per_floor":[74,75,75,75,75,47,48,48,48,43,28,34,34,22,44,23,62,32,0],"gold":114,"neow_bonus":"THREE_ENEMY_KILL","is_prod":false,"is_daily":false,"chose_seed":false,"campfire_upgraded":1,"win_rate":0,"timestamp":1550770220,"path_taken":["M","M","?","M","$","E","M","R","T","M","E","M","$","M","R","BOSS","M","M"],"build_version":"2019-01-23","purchased_purges":0,"victory":false,"max_hp_per_floor":[75,75,75,75,75,75,75,75,75,75,75,75,75,75,75,75,75,75,75],"card_choices":[{"not_picked":["Dual Wield","Sword Boomerang"],"picked":"True Grit","floor":1},{"not_picked":["Clash","Shrug It Off"],"picked":"Cleave","floor":2},{"not_picked":["Carnage","Feel No Pain"],"picked":"Rage","floor":4},{"not_picked":["Inflame","Flame Barrier"],"picked":"Second Wind","floor":6},{"not_picked":["Sever Soul","Sword Boomerang"],"picked":"Pommel Strike","floor":7},{"not_picked":["Wild Strike","Flame Barrier"],"picked":"Demon Form","floor":10},{"not_picked":["Reckless Charge","Inflame"],"picked":"Flame Barrier","floor":11},{"not_picked":["Havoc","True Grit"],"picked":"Warcry","floor":12},{"not_picked":["Sword Boomerang","Clash","Thunderclap"],"picked":"SKIP","floor":14},{"not_picked":["Bludgeon","Offering"],"picked":"Feed","floor":16},{"not_picked":["Cleave","Entrench","Havoc"],"picked":"SKIP","floor":18}],"player_experience":420999,"relics_obtained":[{"floor":6,"key":"Omamori"},{"floor":9,"key":"Happy Flower"},{"floor":11,"key":"Bronze Scales"}],"event_choices":[{"damage_healed":0,"gold_gain":0,"player_choice":"Upgraded","damage_taken":0,"max_hp_gain":0,"max_hp_loss":0,"event_name":"Upgrade Shrine","floor":3,"gold_loss":0,"cards_upgraded":["Cleave"]}],"is_beta":false,"boss_relics":[{"not_picked":["Lizard Tail","Orrery"],"picked":"Sozu"}],"items_purged_floors":[],"is_endless":false,"potions_floor_spawned":[1,2,7,12],"killed_by":"Chosen","ascension_level":19}