{"path_per_floor":["M","?","M","?","T","R","M","E","T","?","M","R","M","M","R","B",null,"M","?","$","?","M","E","R","M","T","E","?","E","$","M","R","B",null,"M","M","?","$","M","$","R","M","T","M","R","M","E","M","R"],"character_chosen":"IRONCLAD","items_purchased":["Mummified Hand","Energy Potion","Block Potion","PowerPotion","EssenceOfSteel","PowerPotion"],"gold_per_floor":[119,119,135,135,181,181,200,234,234,234,246,246,256,273,273,375,375,388,388,76,76,92,120,120,133,158,193,108,137,34,49,49,149,149,160,174,174,100,111,59,59,79,103,115,115,129,164,175,175,175],"floor_reached":50,"campfire_rested":4,"playtime":2279,"current_hp_per_floor":[80,80,78,71,71,71,71,77,77,77,80,80,76,78,78,60,75,67,67,67,67,61,43,67,68,68,39,39,39,39,47,71,33,68,69,65,55,55,37,37,61,62,62,65,65,50,9,20,45,0],"items_purged":[],"gold":175,"score":699,"play_id":"777ad01f-309a-49d5-afea-2b44e049a913","local_time":"20180523121410","is_prod":false,"is_daily":false,"chose_seed":false,"is_ascension_mode":true,"campfire_upgraded":4,"timestamp":1527070450,"campfire_choices":[{"data":"Armaments","floor":6,"key":"SMITH"},{"data":"Spot Weakness","floor":12,"key":"SMITH"},{"data":"Metallicize","floor":15,"key":"SMITH"},{"floor":24,"key":"REST"},{"floor":32,"key":"REST"},{"floor":41,"key":"REST"},{"data":"Barricade","floor":45,"key":"SMITH"},{"floor":49,"key":"REST"}],"path_taken":["M","?","?","?","?","R","?","E","T","?","M","R","M","M","R","BOSS","M","?","$","?","M","E","R","M","T","E","?","E","$","M","R","BOSS","M","M","?","$","M","$","R","M","T","M","R","M","E","?","R","BOSS"],"build_version":"2018-05-17","seed_source_timestamp":786512719227206,"purchased_purges":0,"victory":false,"master_deck":["Strike_R+1","Strike_R+1","Strike_R+1","Strike_R+1","Strike_R+1","Defend_R+1","Defend_R+1","Defend_R+1","Bash","Perfected Strike","Armaments+1","Flex","Combust+1","Spot Weakness+1","Heavy Blade","Metallicize+1","Barricade+1","Power Through+1","Iron Wave","Seeing Red+1","Dual Wield","Pommel Strike+1","Impervious","Bloodletting+1","Madness","Madness","Metallicize+1","Perfected Strike+1","Infernal Blade+1"],"max_hp_per_floor":[80,80,80,80,80,80,80,80,80,80,80,80,80,80,80,80,80,80,80,80,80,80,80,80,80,80,80,80,80,80,80,80,80,80,80,80,80,80,80,80,80,80,80,80,80,80,82,84,84,84],"relics":["Burning Blood","Bag of Marbles","Orichalcum","Torii","Blue Candle","Velvet Choker","Mummified Hand","Mercury Hourglass","Art of War","Happy Flower","Bird Faced Urn","Bag of Preparation","Lizard Tail","Boot","Singing Bowl"],"card_choices":[{"not_picked":["True Grit","Heavy Blade"],"picked":"Perfected Strike","floor":1},{"not_picked":["Iron Wave","Anger"],"picked":"Armaments","floor":3},{"not_picked":["Havoc","Armaments"],"picked":"Flex","floor":7},{"not_picked":["Headbutt","Evolve"],"picked":"Combust","floor":8},{"not_picked":["Flame Barrier","Intimidate"],"picked":"Spot Weakness","floor":11},{"not_picked":["Clash","Warcry"],"picked":"Heavy Blade","floor":13},{"not_picked":["Clothesline","Sever Soul"],"picked":"Metallicize","floor":14},{"not_picked":["Dark Embrace","Feed"],"picked":"Barricade","floor":16},{"not_picked":["Spot Weakness","Body Slam"],"picked":"Power Through+1","floor":18},{"not_picked":["Clash","Heavy Blade"],"picked":"Iron Wave","floor":22},{"not_picked":["Body Slam","Warcry"],"picked":"Seeing Red+1","floor":23},{"not_picked":["Headbutt","Armaments","Reckless Charge"],"picked":"SKIP","floor":25},{"not_picked":["Evolve","Pommel Strike"],"picked":"Dual Wield","floor":27},{"not_picked":["Reckless Charge","Demon Form"],"picked":"Pommel Strike+1","floor":29},{"not_picked":["Clothesline+1","Searing Blow+1","Body Slam"],"picked":"SKIP","floor":31},{"not_picked":["Reaper","Immolate"],"picked":"Impervious","floor":33},{"not_picked":["Seeing Red","Armaments+1"],"picked":"Bloodletting+1","floor":35},{"not_picked":["Dual Wield","Combust","Havoc"],"picked":"SKIP","floor":36},{"not_picked":["Havoc","Seeing Red+1"],"picked":"Metallicize+1","floor":39},{"not_picked":["Clash+1","Sword Boomerang+1","Anger+1"],"picked":"SKIP","floor":42},{"not_picked":["Corruption+1","Reckless Charge"],"picked":"Perfected Strike+1","floor":44},{"not_picked":["Clothesline+1","Shrug It Off"],"picked":"Infernal Blade+1","floor":46},{"not_picked":["Twin Strike+1","Fiend Fire","Pommel Strike"],"picked":"Singing Bowl","floor":47},{"not_picked":["Sever Soul","Twin Strike+1","Warcry"],"picked":"Singing Bowl","floor":48}],"player_experience":505472,"potions_floor_usage":[8,23,23,27,29,33,33,33,47,47,47],"damage_taken":[{"damage":1,"enemies":"Cultist","floor":1,"turns":3},{"damage":8,"enemies":"2 Louse","floor":3,"turns":2},{"damage":6,"enemies":"Jaw Worm","floor":7,"turns":2},{"damage":0,"enemies":"3 Sentries","floor":8,"turns":8},{"damage":2,"enemies":"Looter","floor":11,"turns":2},{"damage":10,"enemies":"3 Louse","floor":13,"turns":3},{"damage":4,"enemies":"Blue Slaver","floor":14,"turns":3},{"damage":24,"enemies":"The Guardian","floor":16,"turns":8},{"damage":14,"enemies":"3 Byrds","floor":18,"turns":4},{"damage":12,"enemies":"Shell Parasite","floor":22,"turns":3},{"damage":24,"enemies":"Slavers","floor":23,"turns":4},{"damage":5,"enemies":"Centurion and Healer","floor":25,"turns":5},{"damage":35,"enemies":"Gremlin Leader","floor":27,"turns":5},{"damage":10,"enemies":"Slavers","floor":29,"turns":5},{"damage":4,"enemies":"Cultist and Chosen","floor":31,"turns":4},{"damage":52,"enemies":"Champ","floor":33,"turns":9},{"damage":7,"enemies":"Orb Walker","floor":35,"turns":4},{"damage":16,"enemies":"3 Darklings","floor":36,"turns":4},{"damage":30,"enemies":"Maw","floor":39,"turns":8},{"damage":13,"enemies":"Sphere and 2 Shapes","floor":42,"turns":7},{"damage":11,"enemies":"4 Shapes","floor":44,"turns":7},{"damage":27,"enemies":"3 Darklings","floor":46,"turns":4},{"damage":59,"enemies":"Giant Head","floor":47,"turns":9},{"damage":7,"enemies":"Sphere and 2 Shapes","floor":48,"turns":3},{"damage":116,"enemies":"Time Eater","floor":50,"turns":12}],"relics_obtained":[{"floor":5,"key":"Orichalcum"},{"floor":8,"key":"Torii"},{"floor":9,"key":"Blue Candle"},{"floor":23,"key":"Mercury Hourglass"},{"floor":26,"key":"Art of War"},{"floor":27,"key":"Happy Flower"},{"floor":29,"key":"Bag of Preparation"},{"floor":43,"key":"Boot"},{"floor":47,"key":"Singing Bowl"}],"event_choices":[{"event_name":"Wheel of Change","player_choice":"Full Heal","floor":2,"damage_taken":0},{"event_name":"Golden Wing","player_choice":"Card Removal","floor":4,"damage_taken":0},{"event_name":"Living Wall","player_choice":"Grow","floor":10,"damage_taken":0},{"event_name":"Back to Basics","player_choice":"Simplicity","floor":19,"damage_taken":0},{"event_name":"Drug Dealer","player_choice":"Ignored","floor":21,"damage_taken":0},{"event_name":"Addict","player_choice":"Obtained Relic","floor":28,"damage_taken":0},{"event_name":"Winding Halls","player_choice":"Embrace Madness","floor":37,"damage_taken":0}],"boss_relics":[{"not_picked":["Runic Dome","Snecko Eye"],"picked":"Velvet Choker"},{"not_picked":["Astrolabe","Orrery"],"picked":"Lizard Tail"}],"potions_floor_spawned":[3,11,13,25,29,35,44,46],"seed_played":"8141809812878682175","killed_by":"Time Eater","ascension_level":5,"potions_obtained":[{"floor":3,"key":"EssenceOfSteel"},{"floor":11,"key":"LiquidBronze"},{"floor":13,"key":"Dexterity Potion"},{"floor":25,"key":"Dexterity Potion"},{"floor":29,"key":"SpeedPotion"},{"floor":35,"key":"PowerPotion"}],"is_trial":false}