{"gold_per_floor":[10,10,10,0,17,17,50,2,2,19,32,43,53,69,69,169,169,186,10,10,10,28,28,38,38,38,38,73,89,89,189,189,289,289,308,322,5,23,23,23,40,40,65,97,97,97,107,107,107,107],"floor_reached":51,"playtime":5399,"items_purged":["Strike_G","Strike_G"],"score":1072,"play_id":"a3a36b26-bfc9-4187-a0d9-224f7366df08","local_time":"20190125012245","is_ascension_mode":true,"campfire_choices":[{"data":"Neutralize","floor":6.0,"key":"SMITH"},{"floor":15.0,"key":"REST"},{"data":"Footwork","floor":23.0,"key":"SMITH"},{"data":"A Thousand Cuts","floor":25.0,"key":"SMITH"},{"floor":30.0,"key":"REST"},{"floor":32.0,"key":"REST"},{"data":"After Image","floor":40.0,"key":"SMITH"},{"data":"Concentrate","floor":42.0,"key":"SMITH"},{"data":"Cloak And Dagger","floor":46.0,"key":"SMITH"},{"floor":49,"key":"REST"}],"neow_cost":"NO_GOLD","seed_source_timestamp":940258140221225,"circlet_count":0,"master_deck":["Defend_G","Defend_G","Defend_G","Defend_G","Strike_G","Strike_G","Strike_G","Survivor","Neutralize+1","A Thousand Cuts+1","Blade Dance","Glass Knife+1","Sucker Punch+1","Dagger Spray+1","Slice+1","Backstab+1","Blur","Dagger Spray+1","Die Die Die+1","Footwork+1","Slice+1","Concentrate+1","Prepared+1","Setup+1","Cloak And Dagger","Cloak And Dagger+1","After Image+1","Escape Plan+1","Dodge and Roll+1","Footwork+1","Prepared+1","Parasite","Tactician","Backstab+1"],"special_seed":0,"relics":["Ring of the Snake","Matryoshka","Molten Egg 2","Potion Belt","Regal Pillow","Runic Pyramid","Bronze Scales","Question Card","Singing Bowl","Nunchaku","The Courier","Cursed Key","Tingsha","Pen Nib","Meat on the Bone"],"potions_floor_usage":[48,50,50,50,50],"damage_taken":[{"damage":7.0,"enemies":"Jaw Worm","floor":1.0,"turns":7.0},{"damage":2.0,"enemies":"2 Louse","floor":5.0,"turns":4.0},{"damage":34.0,"enemies":"Gremlin Nob","floor":7.0,"turns":5.0},{"damage":1.0,"enemies":"Small Slimes","floor":10.0,"turns":3.0},{"damage":0.0,"enemies":"Looter","floor":11.0,"turns":3.0},{"damage":1.0,"enemies":"Red Slaver","floor":12.0,"turns":3.0},{"damage":0.0,"enemies":"Large Slime","floor":13.0,"turns":3.0},{"damage":1.0,"enemies":"Looter","floor":14.0,"turns":2.0},{"damage":0.0,"enemies":"Slime Boss","floor":16.0,"turns":7.0},{"damage":1.0,"enemies":"Spheric Guardian","floor":18.0,"turns":3.0},{"damage":2.0,"enemies":"Chosen","floor":22.0,"turns":3.0},{"damage":3.0,"enemies":"Snecko","floor":24.0,"turns":4.0},{"damage":25.0,"enemies":"Slavers","floor":28.0,"turns":4.0},{"damage":15.0,"enemies":"Shelled Parasite and Fungi","floor":29.0,"turns":3.0},{"damage":8.0,"enemies":"Colosseum Slavers","floor":31.0,"turns":3.0},{"damage":17.0,"enemies":"Colosseum Nobs","floor":31.0,"turns":4.0},{"damage":55.0,"enemies":"Automaton","floor":33.0,"turns":10.0},{"damage":0.0,"enemies":"3 Shapes","floor":35.0,"turns":4.0},{"damage":0.0,"enemies":"Orb Walker","floor":36.0,"turns":3.0},{"damage":23.0,"enemies":"Jaw Worm Horde","floor":38.0,"turns":5.0},{"damage":0.0,"enemies":"Maw","floor":41.0,"turns":8.0},{"damage":0.0,"enemies":"Nemesis","floor":44.0,"turns":7.0},{"damage":10,"enemies":"4 Shapes","floor":47,"turns":5},{"damage":45,"enemies":"Donu and Deca","floor":50,"turns":10}],"seed_played":"1725425433604821083","potions_obtained":[{"floor":11.0,"key":"SteroidPotion"},{"floor":13.0,"key":"EssenceOfSteel"},{"floor":14.0,"key":"AttackPotion"},{"floor":16.0,"key":"GhostInAJar"},{"floor":18.0,"key":"Swift Potion"},{"floor":22.0,"key":"Regen Potion"},{"floor":28.0,"key":"SkillPotion"},{"floor":29.0,"key":"SpeedPotion"},{"floor":31.0,"key":"SpeedPotion"},{"floor":35.0,"key":"GhostInAJar"},{"floor":38.0,"key":"Strength Potion"},{"floor":44.0,"key":"SteroidPotion"},{"floor":48,"key":"Fruit Juice"},{"floor":48,"key":"Block Potion"},{"floor":48,"key":"Poison Potion"}],"is_trial":false,"path_per_floor":["M","?","?","?","M","R","E","$","T","M","M","M","M","M","R","B",null,"M","$","?","?","M","R","M","R","T","?","E","M","R","?","R","B",null,"M","M","$","M","$","R","M","R","T","E","?","R","M","?","R","B",null],"character_chosen":"THE_SILENT","items_purchased":["Sucker Punch+1","Footwork","Slice+1","Tingsha"],"campfire_rested":4,"item_purchase_floors":[8,19,19,37],"current_hp_per_floor":[56,44,49,49,47,47,13,13,13,12,12,11,11,10,47,47,68,67,67,67,53,51,51,48,48,48,48,37,22,61,36,75,20,67,67,67,67,44,44,44,44,44,44,44,44,44,46,51,87,54],"gold":107,"neow_bonus":"THREE_RARE_CARDS","is_prod":false,"is_daily":false,"chose_seed":false,"campfire_upgraded":6,"win_rate":0,"timestamp":1548346965,"path_taken":["M","?","?","?","M","R","E","?","T","M","M","?","M","M","R","BOSS","M","$","?","?","M","R","M","R","T","?","E","M","R","?","R","BOSS","M","M","$","M","$","R","M","R","T","E","?","R","M","?","R","BOSS"],"build_version":"2019-01-23","purchased_purges":2,"victory":true,"max_hp_per_floor":[70,70,75,75,75,75,75,75,75,75,75,75,75,75,75,75,75,75,75,75,80,80,80,80,80,80,80,82,82,82,82,82,82,82,82,82,82,82,82,82,82,82,82,82,82,82,82,87,87,87],"card_choices":[{"not_picked":["Night Terror","Grand Finale"],"picked":"A Thousand Cuts","floor":0.0},{"not_picked":["Outmaneuver","Bane","Flying Knee"],"picked":"SKIP","floor":1.0},{"not_picked":["Underhanded Strike","Bouncing Flask"],"picked":"Blade Dance","floor":5.0},{"not_picked":["Underhanded Strike","Skewer"],"picked":"Glass Knife","floor":7.0},{"not_picked":["Well Laid Plans","Underhanded Strike+1"],"picked":"Dagger Spray+1","floor":10.0},{"not_picked":["Underhanded Strike+1","Dagger Throw+1"],"picked":"Slice+1","floor":11.0},{"not_picked":["Bouncing Flask","Dagger Spray+1"],"picked":"Backstab+1","floor":12.0},{"not_picked":["Dodge and Roll","Backstab+1"],"picked":"Blur","floor":13.0},{"not_picked":["Flying Knee+1","Underhanded Strike+1"],"picked":"Dagger Spray+1","floor":14.0},{"not_picked":["Storm of Steel","Wraith Form v2"],"picked":"Die Die Die+1","floor":16.0},{"not_picked":["Deadly Poison+1","Dagger Throw+1","Outmaneuver"],"picked":"SKIP","floor":18.0},{"not_picked":["Poisoned Stab+1","Blade Dance+1"],"picked":"Prepared+1","floor":22.0},{"not_picked":["Slice+1","Dagger Spray+1"],"picked":"Setup+1","floor":24.0},{"not_picked":["Dagger Throw+1","Quick Slash+1","Slice+1","Choke+1"],"picked":"Singing Bowl","floor":28.0},{"not_picked":["Outmaneuver","Eviscerate+1","Slice+1"],"picked":"Cloak And Dagger","floor":29.0},{"not_picked":["Terror","Slice+1","Prepared"],"picked":"Cloak And Dagger","floor":31.0},{"not_picked":["Glass Knife+1","Burst","Venomology"],"picked":"After Image","floor":33.0},{"not_picked":["Dodge and Roll+1","Endless Agony+1","Flying Knee+1"],"picked":"Escape Plan+1","floor":35.0},{"not_picked":["Outmaneuver+1","Slice+1","Dagger Spray+1"],"picked":"Dodge and Roll+1","floor":36.0},{"not_picked":["Choke+1","Underhanded Strike+1","Cloak And Dagger+1"],"picked":"Footwork+1","floor":38.0},{"not_picked":["Infinite Blades","Deflect","Eviscerate+1"],"picked":"Prepared+1","floor":41.0},{"not_picked":["Leg Sweep","Malaise","Dagger Throw+1"],"picked":"Tactician","floor":44.0},{"not_picked":["Dagger Spray+1","Flying Knee+1","Blade Dance"],"picked":"Backstab+1","floor":47}],"player_experience":432182,"relics_obtained":[{"floor":7.0,"key":"Molten Egg 2"},{"floor":9.0,"key":"Potion Belt"},{"floor":9.0,"key":"Regal Pillow"},{"floor":26.0,"key":"Bronze Scales"},{"floor":26.0,"key":"Question Card"},{"floor":28.0,"key":"Singing Bowl"},{"floor":31.0,"key":"Nunchaku"},{"floor":31.0,"key":"The Courier"},{"floor":43.0,"key":"Pen Nib"},{"floor":44.0,"key":"Meat on the Bone"}],"event_choices":[{"damage_healed":0.0,"max_hp_gain":0.0,"max_hp_loss":0.0,"gold_gain":0.0,"event_name":"Scrap Ooze","player_choice":"Success","floor":2.0,"gold_loss":0.0,"damage_taken":12.0,"relics_obtained":["Matryoshka"]},{"damage_healed":0.0,"max_hp_gain":5.0,"max_hp_loss":0.0,"gold_gain":0.0,"event_name":"Big Fish","player_choice":"Donut","floor":3.0,"gold_loss":0.0,"damage_taken":0.0},{"damage_healed":0.0,"max_hp_gain":0.0,"max_hp_loss":0.0,"gold_gain":0.0,"event_name":"World of Goop","player_choice":"Left Gold","floor":4.0,"gold_loss":10.0,"damage_taken":0.0},{"damage_healed":0.0,"max_hp_gain":0.0,"max_hp_loss":0.0,"gold_gain":0.0,"event_name":"The Library","player_choice":"Read","floor":20.0,"gold_loss":0.0,"damage_taken":0.0,"cards_obtained":["Concentrate"]},{"damage_healed":0.0,"max_hp_gain":5.0,"max_hp_loss":0.0,"gold_gain":0.0,"event_name":"Forgotten Altar","player_choice":"Shed Blood","floor":21.0,"gold_loss":0.0,"damage_taken":19.0},{"damage_healed":0.0,"max_hp_gain":0.0,"max_hp_loss":0.0,"gold_gain":0.0,"event_name":"Ghosts","player_choice":"Ignored","floor":27.0,"gold_loss":0.0,"damage_taken":0.0},{"damage_healed":0.0,"max_hp_gain":0.0,"max_hp_loss":0.0,"gold_gain":0.0,"event_name":"Colosseum","player_choice":"Fight","floor":31.0,"gold_loss":0.0,"damage_taken":0.0},{"damage_healed":0.0,"max_hp_gain":0.0,"max_hp_loss":0.0,"gold_gain":0.0,"event_name":"Colosseum","player_choice":"Fought Nobs","floor":31.0,"gold_loss":0.0,"damage_taken":0.0},{"cards_removed":["Defend_G"],"damage_healed":0.0,"max_hp_gain":0.0,"max_hp_loss":0.0,"gold_gain":0.0,"event_name":"Falling","player_choice":"Removed Skill","floor":45.0,"gold_loss":0.0,"damage_taken":0.0},{"damage_healed":0,"gold_gain":0,"player_choice":"Got Potions","damage_taken":0,"max_hp_gain":0,"max_hp_loss":0,"event_name":"Lab","floor":48,"gold_loss":0}],"is_beta":false,"boss_relics":[{"not_picked":["HoveringKite","Tiny House"],"picked":"Runic Pyramid"},{"not_picked":["Lizard Tail","Ring of the Serpent"],"picked":"Cursed Key"}],"items_purged_floors":[19,37],"is_endless":false,"potions_floor_spawned":[11,13,14,16,18,22,28,29,31,35,38,44],"ascension_level":9}