{"gold_per_floor":[110,110,110,110,110,110,138,138,138,171,182,182,197,47,59,173,185,215,227,252,264,288,300,344,356,395,424,463,493,505,531,543,653,665,690,719,731,743,767,779,1013,1025,1037,1066,1078,416,433,461,461,461],"floor_reached":50,"playtime":8736,"items_purged":[],"score":772,"play_id":"a3d42aee-59fb-48d1-9cfb-76a278dc64e1","local_time":"20181006163015","is_ascension_mode":true,"campfire_choices":[{"floor":6,"key":"REST"},{"data":"Capacitor","floor":8,"key":"SMITH"},{"floor":12,"key":"REST"},{"floor":15,"key":"REST"},{"floor":23,"key":"REST"},{"floor":25,"key":"REST"},{"data":"Hologram","floor":30,"key":"SMITH"},{"data":"Bite","floor":32,"key":"SMITH"},{"data":"Bite","floor":40,"key":"SMITH"},{"floor":42,"key":"REST"},{"data":"Glacier","floor":45,"key":"SMITH"},{"data":"Echo Form","floor":49,"key":"SMITH"}],"neow_cost":"NONE","seed_source_timestamp":5133281891152,"circlet_count":0,"master_deck":["Defend_B","Defend_B+1","Defend_B","Zap+1","Dualcast+1","Conserve Battery+1","Reprogram","Capacitor+1","Ball Lightning","Hello World","Leap","Core Surge","Coolheaded+1","Cold Snap","Bite+1","Bite+1","Bite","Bite","Bite","Defragment+1","Compile Driver+1","Stack+1","Hologram+1","Beam Cell+1","Doom and Gloom","Hologram+1","Glacier+1","Panache","Swift Strike","Go for the Eyes","Scrape","Cold Snap+1","Echo Form+1"],"relics":["Cracked Core","War Paint","Centennial Puzzle","Cables","Shuriken","MawBank","Sozu","Red Mask","Happy Flower","Bottled Flame","Calling Bell","Omamori","Kunai","Emotion Chip","Dodecahedron","Membership Card","Thread and Needle","Mercury Hourglass","Pocketwatch"],"potions_floor_usage":[16,16,24],"damage_taken":[{"damage":0,"enemies":"Small Slimes","floor":1,"turns":2},{"damage":10,"enemies":"Gremlin Nob","floor":7,"turns":4},{"damage":38,"enemies":"Lagavulin","floor":10,"turns":6},{"damage":0,"enemies":"Cultist","floor":11,"turns":3},{"damage":4,"enemies":"Jaw Worm","floor":13,"turns":2},{"damage":24,"enemies":"Slime Boss","floor":16,"turns":6},{"damage":19,"enemies":"Spheric Guardian","floor":18,"turns":4},{"damage":7,"enemies":"Shell Parasite","floor":20,"turns":4},{"damage":2,"enemies":"Sentry and Sphere","floor":22,"turns":4},{"damage":29,"enemies":"Masked Bandits","floor":24,"turns":5},{"damage":2,"enemies":"Snecko","floor":27,"turns":4},{"damage":6,"enemies":"Book of Stabbing","floor":28,"turns":5},{"damage":3,"enemies":"Cultist and Chosen","floor":29,"turns":6},{"damage":15,"enemies":"3 Cultists","floor":31,"turns":5},{"damage":11,"enemies":"Collector","floor":33,"turns":9},{"damage":8,"enemies":"3 Shapes","floor":35,"turns":5},{"damage":24,"enemies":"3 Darklings","floor":36,"turns":5},{"damage":4,"enemies":"Reptomancer","floor":39,"turns":5},{"damage":15,"enemies":"Transient","floor":44,"turns":5},{"damage":13,"enemies":"Spire Growth","floor":47,"turns":5},{"damage":4,"enemies":"Giant Head","floor":48,"turns":9},{"damage":70,"enemies":"Donu and Deca","floor":50,"turns":6}],"seed_played":"4767310721656489036","potions_obtained":[{"floor":1,"key":"Explosive Potion"},{"floor":11,"key":"Explosive Potion"},{"floor":16,"key":"GamblersBrew"}],"is_trial":false,"path_per_floor":["M","?","?","?","?","R","E","R","T","E","M","R","M","$","R","B",null,"M","?","M","?","M","R","?","R","T","M","E","M","R","M","R","B",null,"M","M","?","?","M","R","?","R","T","M","R","$","M","E","R"],"character_chosen":"DEFECT","items_purchased":["MawBank","Membership Card","Thread and Needle","Mercury Hourglass","Panache","Swift Strike","Go for the Eyes","Scrape"],"campfire_rested":6,"item_purchase_floors":[14,46,46,46,46,46,46,46],"current_hp_per_floor":[68,68,61,49,49,71,61,61,61,23,23,45,41,41,63,39,66,47,33,26,26,32,48,25,41,41,47,47,56,56,45,45,55,56,51,34,34,34,42,42,42,56,56,45,45,45,41,53,53,0],"gold":461,"neow_bonus":"UPGRADE_CARD","is_prod":false,"is_daily":false,"chose_seed":false,"campfire_upgraded":6,"win_rate":0,"timestamp":1538836215,"path_taken":["M","?","?","?","?","R","E","R","T","E","M","R","M","$","R","BOSS","M","?","M","?","M","R","?","R","T","M","E","?","R","M","R","BOSS","M","?","?","?","M","R","?","R","T","M","R","$","?","E","R","BOSS"],"build_version":"2018-10-04v2","purchased_purges":0,"victory":false,"max_hp_per_floor":[75,75,75,75,75,75,75,75,75,75,75,75,75,75,75,75,75,75,80,80,56,56,56,56,56,56,56,56,56,56,56,56,56,56,56,56,56,56,56,56,56,56,56,56,56,56,56,56,56,56],"card_choices":[{"not_picked":["Aggregate","Go for the Eyes"],"picked":"Conserve Battery","floor":1},{"not_picked":["Rebound","Steam Power"],"picked":"Capacitor","floor":7},{"not_picked":["Blizzard","Force Field"],"picked":"Ball Lightning","floor":10},{"not_picked":["Streamline","Recycle"],"picked":"Hello World","floor":11},{"not_picked":["Sunder","Melter"],"picked":"Leap","floor":13},{"not_picked":["Hyperbeam","Biased Cognition"],"picked":"Core Surge","floor":16},{"not_picked":["Rebound","Streamline"],"picked":"Coolheaded+1","floor":18},{"not_picked":["Coolheaded","Streamline"],"picked":"Cold Snap","floor":20},{"not_picked":["Ball Lightning","Sweeping Beam"],"picked":"Defragment+1","floor":22},{"not_picked":["Turbo","Conserve Battery"],"picked":"Compile Driver+1","floor":24},{"not_picked":["Redo","Compile Driver"],"picked":"Stack+1","floor":27},{"not_picked":["Turbo","Compile Driver+1"],"picked":"Hologram","floor":28},{"not_picked":["Consume","Conserve Battery"],"picked":"Beam Cell+1","floor":29},{"not_picked":["Beam Cell","Go for the Eyes+1","Hello World+1"],"picked":"SKIP","floor":31},{"not_picked":["Thunder Strike","Biased Cognition"],"picked":"All For One","floor":33},{"not_picked":["Compile Driver+1","Capacitor+1"],"picked":"Doom and Gloom","floor":35},{"not_picked":["Turbo","Stack"],"picked":"Hologram+1","floor":36},{"not_picked":["Ball Lightning","Reinforced Body","Compile Driver+1"],"picked":"SKIP","floor":39},{"not_picked":["Ball Lightning","Undo"],"picked":"Glacier","floor":44},{"not_picked":["Storm+1","Recycle"],"picked":"Cold Snap+1","floor":47},{"not_picked":["Rebound+1","Coolheaded"],"picked":"Echo Form","floor":48}],"player_experience":1046697,"relics_obtained":[{"floor":7,"key":"Centennial Puzzle"},{"floor":9,"key":"Cables"},{"floor":10,"key":"Shuriken"},{"floor":24,"key":"Red Mask"},{"floor":26,"key":"Happy Flower"},{"floor":28,"key":"Bottled Flame"},{"floor":34,"key":"Omamori"},{"floor":34,"key":"Kunai"},{"floor":34,"key":"Emotion Chip"},{"floor":43,"key":"Dodecahedron"},{"floor":48,"key":"Pocketwatch"}],"event_choices":[{"event_name":"Upgrade Shrine","player_choice":"Upgraded","floor":2,"damage_taken":0},{"event_name":"Golden Wing","player_choice":"Card Removal","floor":3,"damage_taken":0},{"event_name":"Scrap Ooze","player_choice":"success","floor":4,"damage_taken":12},{"event_name":"Living Wall","player_choice":"Change","floor":5,"damage_taken":0},{"event_name":"Forgotten Altar","player_choice":"Shed Blood","floor":19,"damage_taken":0},{"event_name":"Vampires","player_choice":"Became a vampire","floor":21,"damage_taken":0},{"event_name":"Masked Bandits","player_choice":"Fought Bandits","floor":24,"damage_taken":0},{"event_name":"Falling","player_choice":"Removed Attack","floor":37,"damage_taken":0},{"event_name":"Fountain of Cleansing","player_choice":"Removed Curse","floor":38,"damage_taken":0},{"event_name":"Tomb of Lord Red Mask","player_choice":"Wore Mask","floor":41,"damage_taken":0}],"is_beta":false,"boss_relics":[{"not_picked":["Empty Cage","Runic Dome"],"picked":"Sozu"},{"not_picked":["Orrery","Cursed Key"],"picked":"Calling Bell"}],"items_purged_floors":[],"is_endless":false,"potions_floor_spawned":[1,11,16,22,27,28,29,31,35,36,47,48],"killed_by":"Donu and Deca","ascension_level":9}