{"gold_per_floor":[114,124,141,141,141,141,182,201,247,247,280,0,21,65,65,163,163,184,109,24,74,21,21,41,75,87,99,144,170,182,194,206,316,328,360,68,0,0,25,25,25,64,64,64],"floor_reached":44,"playtime":1741,"items_purged":["Regret","Normality"],"score":1055,"play_id":"48ca7747-e6be-4d5b-8b04-e9bbad62c018","local_time":"20190214222024","is_ascension_mode":true,"campfire_choices":[{"data":"Bash","floor":6.0,"key":"SMITH"},{"data":"Clothesline","floor":10.0,"key":"SMITH"},{"floor":15.0,"key":"REST"},{"data":"Combust","floor":23.0,"key":"SMITH"},{"data":"Inflame","floor":27.0,"key":"SMITH"},{"data":"Ghostly","floor":32,"key":"SMITH"},{"data":"Apotheosis","floor":40,"key":"SMITH"}],"neow_cost":"TEN_PERCENT_HP_LOSS","seed_source_timestamp":110091044626788,"circlet_count":0,"master_deck":["AscendersBane","Strike_R","Strike_R","Strike_R","Strike_R","Strike_R","Defend_R","Defend_R","Defend_R","Defend_R","Bash+1","Clothesline+1","Spot Weakness","Thunderclap","Anger","Spot Weakness","Sword Boomerang","Feed","Dual Wield","Combust+1","Inflame+1","Reaper","Shrug It Off","Feel No Pain","Juggernaut","Regret","Ghostly+1","Ghostly","Ghostly","Demon Form","True Grit","Apotheosis+1","Rupture+1","Secret Technique","Flash of Steel","Rage+1","Parasite"],"special_seed":0,"relics":["Burning Blood","Thread and Needle","Dodecahedron","Golden Idol","Strawberry","Blood Vial","Pantograph","Pen Nib","Cursed Key","Incense Burner","MawBank","Paper Frog","Lantern","Ice Cream","Runic Cube","Red Mask","Bag of Marbles","Mango"],"potions_floor_usage":[29,42,44],"damage_taken":[{"damage":3.0,"enemies":"Jaw Worm","floor":1.0,"turns":4.0},{"damage":0.0,"enemies":"2 Louse","floor":2.0,"turns":4.0},{"damage":0.0,"enemies":"Cultist","floor":3.0,"turns":4.0},{"damage":33.0,"enemies":"3 Sentries","floor":7.0,"turns":7.0},{"damage":22.0,"enemies":"Lots of Slimes","floor":8.0,"turns":4.0},{"damage":13.0,"enemies":"Lagavulin","floor":11.0,"turns":4.0},{"damage":10.0,"enemies":"Exordium Thugs","floor":13.0,"turns":3.0},{"damage":20.0,"enemies":"3 Sentries","floor":14.0,"turns":6.0},{"damage":49.0,"enemies":"The Guardian","floor":16.0,"turns":12.0},{"damage":28.0,"enemies":"Spheric Guardian","floor":18.0,"turns":5.0},{"damage":17.0,"enemies":"Shell Parasite","floor":24.0,"turns":5.0},{"damage":4.0,"enemies":"Gremlin Leader","floor":25.0,"turns":6.0},{"damage":44.0,"enemies":"Book of Stabbing","floor":28.0,"turns":5.0},{"damage":0,"enemies":"Chosen and Byrds","floor":29,"turns":4},{"damage":41,"enemies":"Automaton","floor":33,"turns":9},{"damage":0,"enemies":"Orb Walker","floor":35,"turns":5},{"damage":3,"enemies":"3 Darklings","floor":39,"turns":6},{"damage":23,"enemies":"Nemesis","floor":42,"turns":7},{"damage":56,"enemies":"Giant Head","floor":44,"turns":6}],"seed_played":"-411912071230922678","potions_obtained":[{"floor":1.0,"key":"AttackPotion"},{"floor":8.0,"key":"AttackPotion"},{"floor":11.0,"key":"Poison Potion"},{"floor":14.0,"key":"SpeedPotion"},{"floor":24.0,"key":"Regen Potion"},{"floor":25.0,"key":"Strength Potion"},{"floor":35,"key":"Swift Potion"},{"floor":42,"key":"SkillPotion"}],"is_trial":false,"path_per_floor":["M","M","M","?","?","R","E","M","T","R","E","$","M","E","R","B",null,"M","?","?","?","$","R","M","E","T","R","E","M","T","?","R","B",null,"M","$","?","?","M","R","?","E","T","E"],"character_chosen":"IRONCLAD","items_purchased":["Feed","Dual Wield","Fire Potion","Apotheosis"],"campfire_rested":1,"item_purchase_floors":[12,12,22,36],"current_hp_per_floor":[68,68,68,68,68,68,48,32,32,32,27,27,25,13,35,19,61,41,41,41,41,41,41,32,54,54,54,30,51,51,40,40,18,35,43,43,43,43,43,43,38,23,37,0],"gold":64,"neow_bonus":"ONE_RARE_RELIC","is_prod":false,"is_daily":false,"chose_seed":false,"campfire_upgraded":6,"win_rate":0,"timestamp":1550200824,"path_taken":["M","M","M","?","?","R","E","M","T","R","E","$","M","E","R","BOSS","M","?","?","?","?","R","?","E","T","R","E","?","?","?","R","BOSS","M","$","?","?","?","R","?","E","T","E"],"build_version":"2019-01-23","purchased_purges":2,"victory":false,"max_hp_per_floor":[68,68,68,68,68,68,75,75,75,75,75,75,75,75,75,75,75,75,75,75,75,75,75,75,78,78,78,78,81,81,40,40,40,40,43,43,43,43,43,43,43,43,57,57],"card_choices":[{"not_picked":["Headbutt","Armaments"],"picked":"Clothesline","floor":1.0},{"not_picked":["Flex","Dual Wield"],"picked":"Spot Weakness","floor":2.0},{"not_picked":["Clash","Flex"],"picked":"Thunderclap","floor":3.0},{"not_picked":["Pommel Strike","Sword Boomerang"],"picked":"Anger","floor":7.0},{"not_picked":["Heavy Blade","Anger"],"picked":"Spot Weakness","floor":8.0},{"not_picked":["Wild Strike","Flex"],"picked":"Sword Boomerang","floor":11.0},{"not_picked":["Entrench","Carnage"],"picked":"Combust","floor":13.0},{"not_picked":["Cleave","Clash"],"picked":"Inflame","floor":14.0},{"not_picked":["Bludgeon","Immolate"],"picked":"Reaper","floor":16.0},{"not_picked":["Wild Strike","Combust"],"picked":"Shrug It Off","floor":18.0},{"not_picked":["Flex","Twin Strike"],"picked":"Feel No Pain","floor":24.0},{"not_picked":["Searing Blow","Anger+1"],"picked":"Juggernaut","floor":25.0},{"not_picked":["Cleave","Infernal Blade","Flex"],"picked":"SKIP","floor":28.0},{"not_picked":["Anger","Burning Pact","Fire Breathing+1"],"picked":"SKIP","floor":29},{"not_picked":["Bludgeon","Brutality"],"picked":"Demon Form","floor":33},{"not_picked":["Flex","Feel No Pain"],"picked":"True Grit","floor":35},{"not_picked":["Warcry","Pummel"],"picked":"Rupture+1","floor":39},{"not_picked":["Jack Of All Trades","HandOfGreed"],"picked":"Secret Technique","floor":41},{"not_picked":["Chrysalis","Enlightenment"],"picked":"Flash of Steel","floor":41},{"not_picked":["True Grit+1","Flex"],"picked":"Rage+1","floor":42}],"player_experience":1215232,"relics_obtained":[{"floor":7.0,"key":"Strawberry"},{"floor":9.0,"key":"Blood Vial"},{"floor":11.0,"key":"Pantograph"},{"floor":14.0,"key":"Pen Nib"},{"floor":25.0,"key":"MawBank"},{"floor":26.0,"key":"Paper Frog"},{"floor":28.0,"key":"Lantern"},{"floor":30,"key":"Ice Cream"},{"floor":42,"key":"Bag of Marbles"},{"floor":43,"key":"Mango"}],"event_choices":[{"damage_healed":0.0,"max_hp_gain":0.0,"max_hp_loss":0.0,"gold_gain":0.0,"event_name":"Big Fish","player_choice":"Box","floor":4.0,"gold_loss":0.0,"damage_taken":0.0,"relics_obtained":["Dodecahedron"],"cards_obtained":["Regret"]},{"damage_healed":0.0,"max_hp_gain":0.0,"max_hp_loss":0.0,"gold_gain":0.0,"event_name":"Golden Idol","player_choice":"Take Wound","floor":5.0,"gold_loss":0.0,"damage_taken":0.0,"relics_obtained":["Golden Idol"],"cards_obtained":["Injury"]},{"cards_removed":["Injury"],"damage_healed":0.0,"max_hp_gain":0.0,"max_hp_loss":0.0,"gold_gain":0.0,"event_name":"Beggar","player_choice":"Gave Gold","floor":19.0,"gold_loss":75.0,"damage_taken":0.0},{"damage_healed":0.0,"max_hp_gain":0.0,"max_hp_loss":0.0,"gold_gain":0.0,"event_name":"Addict","player_choice":"Obtained Relic","floor":20.0,"gold_loss":85.0,"damage_taken":0.0,"relics_obtained":["Incense Burner"]},{"damage_healed":0.0,"max_hp_gain":0.0,"max_hp_loss":0.0,"gold_gain":50.0,"event_name":"Nest","player_choice":"Stole From Cult","floor":21.0,"gold_loss":0.0,"damage_taken":0.0},{"damage_healed":0,"gold_gain":0,"player_choice":"Became a Ghost","damage_taken":0,"max_hp_gain":0,"max_hp_loss":41,"event_name":"Ghosts","floor":31,"gold_loss":0,"cards_obtained":["Ghostly","Ghostly","Ghostly"]},{"damage_healed":0,"gold_gain":0,"player_choice":"Paid","damage_taken":0,"relics_obtained":["Red Mask"],"max_hp_gain":0,"max_hp_loss":0,"event_name":"Tomb of Lord Red Mask","floor":37,"gold_loss":68},{"damage_healed":0,"gold_gain":0,"player_choice":"Ignored","damage_taken":0,"max_hp_gain":0,"max_hp_loss":0,"event_name":"SecretPortal","floor":38,"gold_loss":0},{"damage_healed":0,"gold_gain":0,"player_choice":"Memory 2","damage_taken":5,"max_hp_gain":0,"max_hp_loss":0,"event_name":"SensoryStone","floor":41,"gold_loss":0}],"is_beta":false,"boss_relics":[{"not_picked":["Eternal Feather","Black Star"],"picked":"Cursed Key"},{"not_picked":["Calling Bell","Mark of Pain"],"picked":"Runic Cube"}],"items_purged_floors":[12,36],"is_endless":false,"potions_floor_spawned":[1,8,11,14,24,25,35,42],"killed_by":"Giant Head","ascension_level":20}