{"gold_per_floor":[116,116,116,116,40,40,56,87,87,87,106,149,169,183,183,183],"floor_reached":16,"playtime":498,"items_purged":[],"score":272,"play_id":"5d0dc39b-aa64-4d58-938f-9a13849675b4","local_time":"20190216191751","is_ascension_mode":true,"campfire_choices":[{"data":"Infernal Blade","floor":6.0,"key":"SMITH"},{"data":"Bash","floor":10.0,"key":"SMITH"},{"data":"Clothesline","floor":15.0,"key":"SMITH"}],"neow_cost":"NONE","seed_source_timestamp":0,"circlet_count":0,"master_deck":["AscendersBane","Strike_R","Strike_R","Strike_R","Strike_R","Strike_R","Defend_R","Defend_R","Defend_R","Defend_R","Bash+1","Bludgeon+1","Infernal Blade+1","Pummel","Warcry","Ghostly Armor","Headbutt","Whirlwind","Clothesline+1","Pommel Strike"],"special_seed":0,"relics":["Burning Blood","Ancient Tea Set","Golden Idol","Blood Vial","Paper Frog","Question Card"],"potions_floor_usage":[],"damage_taken":[{"damage":6.0,"enemies":"Cultist","floor":1.0,"turns":3.0},{"damage":7.0,"enemies":"2 Louse","floor":7.0,"turns":3.0},{"damage":5.0,"enemies":"Gremlin Nob","floor":8.0,"turns":3.0},{"damage":0.0,"enemies":"Small Slimes","floor":11.0,"turns":3.0},{"damage":15.0,"enemies":"Lagavulin","floor":12.0,"turns":4.0},{"damage":0.0,"enemies":"3 Louse","floor":13.0,"turns":1.0},{"damage":15.0,"enemies":"Gremlin Gang","floor":14.0,"turns":4.0}],"seed_played":"1207310973086827443","potions_obtained":[{"floor":1.0,"key":"Explosive Potion"},{"floor":8.0,"key":"Energy Potion"}],"is_trial":false,"path_per_floor":["M","?","?","?","$","R","M","E","T","R","M","E","M","M","R","B"],"character_chosen":"IRONCLAD","items_purchased":["Pummel"],"campfire_rested":0,"item_purchase_floors":[5],"current_hp_per_floor":[68,61,61,61,61,61,60,61,61,61,69,60,68,60,60,0],"gold":183,"neow_bonus":"ONE_RANDOM_RARE_CARD","is_prod":false,"is_daily":false,"chose_seed":false,"campfire_upgraded":3,"win_rate":0,"timestamp":1550341071,"path_taken":["M","?","?","?","$","R","M","E","T","R","M","E","M","M","R","BOSS"],"build_version":"2019-01-23","purchased_purges":0,"victory":false,"max_hp_per_floor":[75,75,69,69,69,69,69,69,69,69,69,69,69,69,69,69],"card_choices":[{"not_picked":["True Grit","Heavy Blade"],"picked":"Infernal Blade","floor":1.0},{"not_picked":["Flex","Clash"],"picked":"Warcry","floor":7.0},{"not_picked":["Power Through","Havoc"],"picked":"Ghostly Armor","floor":8.0},{"not_picked":["Clash","Warcry"],"picked":"Headbutt","floor":11.0},{"not_picked":["Spot Weakness","Bludgeon"],"picked":"Whirlwind","floor":12.0},{"not_picked":["Dual Wield","Heavy Blade","Havoc"],"picked":"Clothesline","floor":13.0},{"not_picked":["Wild Strike","Twin Strike","Dual Wield"],"picked":"Pommel Strike","floor":14.0}],"player_experience":2287294,"relics_obtained":[{"floor":8.0,"key":"Blood Vial"},{"floor":9.0,"key":"Paper Frog"},{"floor":12.0,"key":"Question Card"}],"event_choices":[{"damage_healed":0.0,"max_hp_gain":0.0,"max_hp_loss":0.0,"gold_gain":0.0,"event_name":"Scrap Ooze","player_choice":"Success","floor":2.0,"gold_loss":0.0,"damage_taken":7.0,"relics_obtained":["Ancient Tea Set"]},{"damage_healed":0.0,"max_hp_gain":0.0,"max_hp_loss":6.0,"gold_gain":0.0,"event_name":"Golden Idol","player_choice":"Lose Max HP","floor":3.0,"gold_loss":0.0,"damage_taken":0.0,"relics_obtained":["Golden Idol"]},{"damage_healed":0.0,"max_hp_gain":0.0,"max_hp_loss":0.0,"gold_gain":0.0,"event_name":"Upgrade Shrine","player_choice":"Upgraded","floor":4.0,"gold_loss":0.0,"damage_taken":0.0,"cards_upgraded":["Bludgeon"]}],"is_beta":false,"boss_relics":[],"items_purged_floors":[],"is_endless":false,"potions_floor_spawned":[1,8],"killed_by":"The Guardian","ascension_level":14}