{"path_per_floor":["M","?","M","M","?","R","E","R","T","M","E","M","E","T","R","B",null,"M","M","?","M","$","E","M","M","T","M","M","R","E","M","R","B",null,"M","M","M","M","M","E","R","M","T","?","M","M","M","E","R","B"],"character_chosen":"IRONCLAD","items_purchased":["Molten Egg 2"],"gold_per_floor":[114,114,125,143,143,143,170,170,170,188,219,234,263,311,311,416,416,356,356,356,356,111,111,111,111,111,111,111,111,111,111,111,111,111,111,111,111,111,111,111,111,111,111,111,111,111,111,111,111,111],"floor_reached":51,"campfire_rested":2,"playtime":3842,"current_hp_per_floor":[80,62,67,70,70,70,70,70,70,57,59,67,67,67,67,49,84,82,88,88,90,90,50,37,27,27,35,32,75,85,96,96,33,96,96,96,94,85,95,17,65,99,106,106,83,83,111,126,126,44],"items_purged":[],"gold":111,"score":804,"play_id":"3a7db06c-585b-4cee-af2c-eb1fc37523db","local_time":"20180415004419","is_prod":false,"is_daily":false,"chose_seed":false,"is_ascension_mode":false,"campfire_upgraded":5,"timestamp":1523745859,"path_taken":["M","?","M","M","?","R","E","R","T","M","E","M","E","?","R","BOSS","M","M","?","M","$","E","M","M","T","M","M","R","E","M","R","BOSS","M","M","M","M","M","E","R","M","T","?","?","M","?","E","R","BOSS"],"build_version":"2018-04-12","seed_source_timestamp":343914906443458,"purchased_purges":3,"victory":true,"master_deck":["Strike_R","Strike_R","Strike_R","Strike_R","Strike_R","Defend_R","Defend_R","Defend_R","Bash+1","Ghostly Armor","Inflame+1","Infernal Blade+1","Shrug It Off","Spot Weakness+1","Ghostly Armor","Impervious","Rampage+1","Reaper+1","Infernal Blade+1","Dual Wield+1","Warcry+1","Offering","Shrug It Off+1","Searing Blow+2","Blood for Blood+1","Whirlwind+1"],"max_hp_per_floor":[80,80,80,80,80,80,80,80,80,80,82,84,84,84,84,84,84,86,88,88,90,90,90,92,94,94,96,96,96,96,96,96,96,96,96,96,98,100,106,106,108,113,120,120,120,122,124,126,126,126],"relics":["Burning Blood","Regal Pillow","Lantern","Letter Opener","Singing Bowl","Blood Vial","Anchor","Ectoplasm","Vajra","Molten Egg 2","Dream Catcher","Bronze Scales","Orichalcum","Runic Cube","Oddly Smooth Stone","Strawberry","Charon\u0027s Ashes"],"card_choices":[{"not_picked":["Dual Wield","Anger"],"picked":"Ghostly Armor","floor":1.0},{"not_picked":["Uppercut","Headbutt"],"picked":"Inflame","floor":3.0},{"not_picked":["Flame Barrier","Warcry"],"picked":"Infernal Blade","floor":4.0},{"not_picked":["Warcry","Armaments"],"picked":"Shrug It Off","floor":7.0},{"not_picked":["Thunderclap","Iron Wave"],"picked":"Spot Weakness","floor":10.0},{"not_picked":["Shrug It Off","Flame Barrier"],"picked":"Ghostly Armor","floor":13.0},{"not_picked":["Brutality","Dark Embrace"],"picked":"Impervious","floor":16.0},{"not_picked":["Heavy Blade","True Grit"],"picked":"Rampage","floor":23.0},{"not_picked":["Clash","Corruption"],"picked":"Reaper","floor":28.0},{"not_picked":["Pommel Strike","Corruption"],"picked":"Infernal Blade","floor":29.0},{"not_picked":["Body Slam","Corruption"],"picked":"Dual Wield","floor":30.0},{"not_picked":["Cleave","Dark Embrace"],"picked":"Warcry","floor":31},{"not_picked":["Fiend Fire","Exhume"],"picked":"Offering","floor":33},{"not_picked":["Sentinel","Cleave"],"picked":"Shrug It Off","floor":35},{"not_picked":["Body Slam","Evolve"],"picked":"Searing Blow","floor":36},{"not_picked":["Disarm","Rage"],"picked":"Blood for Blood","floor":39},{"not_picked":["Armaments","Perfected Strike"],"picked":"Pommel Strike","floor":40},{"not_picked":["Barricade","True Grit"],"picked":"Whirlwind","floor":45}],"player_experience":217117,"potions_floor_usage":[31,33,38,40,45,47,50],"damage_taken":[{"damage":0.0,"enemies":"Small Slimes","floor":1.0,"turns":3.0},{"damage":1.0,"enemies":"Jaw Worm","floor":3.0,"turns":5.0},{"damage":3.0,"enemies":"2 Louse","floor":4.0,"turns":3.0},{"damage":6.0,"enemies":"3 Sentries","floor":7.0,"turns":6.0},{"damage":19.0,"enemies":"Exordium Thugs","floor":10.0,"turns":5.0},{"damage":6.0,"enemies":"Lagavulin","floor":11.0,"turns":5.0},{"damage":0.0,"enemies":"Looter","floor":12.0,"turns":2.0},{"damage":6.0,"enemies":"3 Sentries","floor":13.0,"turns":5.0},{"damage":26.0,"enemies":"Slime Boss","floor":16.0,"turns":9.0},{"damage":10.0,"enemies":"2 Thieves","floor":18.0,"turns":5.0},{"damage":0.0,"enemies":"Shell Parasite","floor":19.0,"turns":4.0},{"damage":3.0,"enemies":"Snecko","floor":21.0,"turns":4.0},{"damage":46.0,"enemies":"Gremlin Leader","floor":23.0,"turns":5.0},{"damage":23.0,"enemies":"Slaver and Parasite","floor":24.0,"turns":6.0},{"damage":20.0,"enemies":"3 Cultists","floor":25.0,"turns":5.0},{"damage":2.0,"enemies":"Snecko","floor":27.0,"turns":6.0},{"damage":11.0,"enemies":"Sentry and Sphere","floor":28.0,"turns":6.0},{"damage":9.0,"enemies":"Slavers","floor":30.0,"turns":4.0},{"damage":0,"enemies":"Centurion and Healer","floor":31,"turns":3},{"damage":95,"enemies":"Automaton","floor":33,"turns":11},{"damage":4,"enemies":"Orb Walker","floor":35,"turns":2},{"damage":5,"enemies":"3 Darklings","floor":36,"turns":5},{"damage":14,"enemies":"4 Shapes","floor":37,"turns":4},{"damage":19,"enemies":"Maw","floor":38,"turns":8},{"damage":4,"enemies":"Sphere and 2 Shapes","floor":39,"turns":3},{"damage":86,"enemies":"Giant Head","floor":40,"turns":9},{"damage":10,"enemies":"4 Shapes","floor":42,"turns":5},{"damage":31,"enemies":"Maw","floor":45,"turns":5},{"damage":10,"enemies":"Sphere and 2 Shapes","floor":46,"turns":4},{"damage":6,"enemies":"4 Shapes","floor":47,"turns":5},{"damage":4,"enemies":"2 Orb Walkers","floor":48,"turns":3},{"damage":120,"enemies":"Donu and Deca","floor":50,"turns":9}],"event_choices":[{"event_name":"Scrap Ooze","player_choice":"success","floor":2.0,"damage_taken":18.0},{"event_name":"Purifier","player_choice":"One Purge","floor":5.0,"damage_taken":0.0},{"event_name":"The Mausoleum","player_choice":"Yes","floor":20.0,"damage_taken":0.0}],"boss_relics":[{"not_picked":["Runic Pyramid","Snecko Eye"],"picked":"Runic Cube"}],"potions_floor_spawned":[1,4,10,12,13,18,23,25,30,31,33,37,40,42,47,48],"seed_played":"-5089818335222032877","ascension_level":0,"is_trial":false}