{"path_per_floor":["M","?","M","$","M","E","R","E","T","E","$","M","R","?","R"],"character_chosen":"IRONCLAD","items_purchased":["Madness","Whetstone"],"gold_per_floor":[118,193,209,28,38,72,72,98,98,123,0,20,20,195,195,195],"floor_reached":16,"campfire_rested":3,"playtime":614,"item_purchase_floors":[4,11],"current_hp_per_floor":[78,67,70,70,76,36,62,43,43,25,25,27,53,53,79,30],"items_purged":["Defend_R"],"gold":195,"score":153,"play_id":"2da3717d-653a-4587-ac9f-648536364d5c","local_time":"20180528192028","is_prod":false,"is_daily":false,"chose_seed":false,"is_ascension_mode":true,"campfire_upgraded":0,"win_rate":0,"timestamp":1527528028,"campfire_choices":[{"floor":7,"key":"REST"},{"floor":13,"key":"REST"},{"floor":15,"key":"REST"}],"path_taken":["M","?","?","$","M","E","R","E","T","E","?","M","R","?","R","BOSS"],"build_version":"2018-05-24","seed_source_timestamp":378242489281737,"purchased_purges":1,"victory":false,"master_deck":["Strike_R","Strike_R","Strike_R","Strike_R","Strike_R","Defend_R","Defend_R","Defend_R","Bash","Power Through","Headbutt+1","Madness","Thunderclap+1","Iron Wave","Impervious","Barricade","Doubt"],"max_hp_per_floor":[87,87,87,87,87,87,87,87,87,87,87,87,87,87,87,87],"relics":["Burning Blood","Strawberry","Self Forming Clay","Mummified Hand","The Courier","Toolbox","Whetstone"],"card_choices":[{"not_picked":["True Grit","Headbutt"],"picked":"Power Through","floor":1},{"not_picked":["Heavy Blade","Shrug It Off"],"picked":"Headbutt","floor":3},{"not_picked":["Intimidate","Infernal Blade"],"picked":"Thunderclap","floor":5},{"not_picked":["Body Slam","Thunderclap"],"picked":"Iron Wave","floor":6},{"not_picked":["Flex","Flame Barrier"],"picked":"Impervious","floor":8},{"not_picked":["Pommel Strike","Sword Boomerang"],"picked":"Barricade","floor":10},{"not_picked":["Thunderclap","Pummel","Reckless Charge"],"picked":"SKIP","floor":12}],"player_experience":525716,"potions_floor_usage":[8,8],"damage_taken":[{"damage":7,"enemies":"Small Slimes","floor":1,"turns":4},{"damage":3,"enemies":"2 Louse","floor":3,"turns":2},{"damage":0,"enemies":"Cultist","floor":5,"turns":3},{"damage":46,"enemies":"Lagavulin","floor":6,"turns":8},{"damage":25,"enemies":"3 Sentries","floor":8,"turns":7},{"damage":24,"enemies":"Gremlin Nob","floor":10,"turns":4},{"damage":4,"enemies":"Red Slaver","floor":12,"turns":4},{"damage":49,"enemies":"Hexaghost","floor":16,"turns":16}],"relics_obtained":[{"floor":6,"key":"Self Forming Clay"},{"floor":8,"key":"Mummified Hand"},{"floor":9,"key":"The Courier"},{"floor":10,"key":"Toolbox"}],"event_choices":[{"event_name":"World of Goop","player_choice":"Gather Gold","floor":2,"damage_taken":0},{"event_name":"Liars Game","player_choice":"agreed","floor":14,"damage_taken":0}],"boss_relics":[],"items_purged_floors":[4],"potions_floor_spawned":[5,6],"seed_played":"-5032139487619740741","killed_by":"Hexaghost","ascension_level":6,"potions_obtained":[{"floor":5,"key":"SneckoOil"},{"floor":6,"key":"LiquidBronze"}],"is_trial":false}