{"gold_per_floor":[112,126,139,139,31,31,57,57,80,94,106,116,116,151,151,246,246,261,0,0,11,24,54,72,72,72,107,107,118,145,159,159,258,258,275,275,275,320,334,334,44,44,44,69,81,110,38,71,71,71],"floor_reached":51,"playtime":8599,"items_purged":[],"score":1145,"play_id":"ca4bc93b-0282-452a-8b14-4a3c210a8ced","local_time":"20180718235003","is_ascension_mode":true,"campfire_choices":[{"data":"True Grit","floor":6.0,"key":"SMITH"},{"data":"Metallicize","floor":8.0,"key":"SMITH"},{"data":"True Grit","floor":15.0,"key":"SMITH"},{"data":"Shockwave","floor":28.0,"key":"SMITH"},{"data":"Dark Embrace","floor":32.0,"key":"SMITH"},{"data":"Armaments","floor":40.0,"key":"SMITH"},{"data":"1","floor":42.0,"key":"LIFT"},{"data":"Brutality","floor":49,"key":"SMITH"}],"neow_cost":"FIFTY_PERCENT_DAMAGE","seed_source_timestamp":0,"circlet_count":0,"master_deck":["Strike_R","Strike_R","Strike_R","Strike_R","Strike_R","Defend_R","Defend_R","Defend_R","Seeing Red","Sword Boomerang","Headbutt","True Grit+1","Metallicize+1","Shockwave+1","True Grit+1","Anger","Iron Wave","Impervious","Spot Weakness","Whirlwind+1","Flame Barrier","Shockwave+1","Brutality+1","Armaments+1","Dropkick+1","Dropkick","Dark Embrace+1","Berserk","Inflame+1","Dropkick","Inflame+1","Power Through+1","Impervious","Seeing Red","Sentinel","Rupture+1"],"special_seed":0,"relics":["Burning Blood","Meat on the Bone","Odd Mushroom","Potion Belt","Strawberry","Black Star","Paper Frog","Bag of Marbles","Red Skull","Nilry\u0027s Codex","Pear","Oddly Smooth Stone","Bag of Preparation","Ancient Tea Set","Anchor","Mark of Pain","Peace Pipe","Girya","Ginger","Ornamental Fan","Frozen Egg 2","Kunai","Omamori","Juzu Bracelet","Vajra","Blood Vial"],"potions_floor_usage":[50,50,50,50],"damage_taken":[{"damage":1.0,"enemies":"Cultist","floor":1.0,"turns":4.0},{"damage":0.0,"enemies":"Small Slimes","floor":2.0,"turns":4.0},{"damage":7.0,"enemies":"2 Louse","floor":3.0,"turns":2.0},{"damage":8.0,"floor":7.0,"turns":4.0},{"damage":11.0,"enemies":"2 Fungi Beasts","floor":10.0,"turns":4.0},{"damage":15.0,"enemies":"Lots of Slimes","floor":11.0,"turns":4.0},{"damage":2.0,"enemies":"3 Louse","floor":12.0,"turns":4.0},{"damage":3.0,"enemies":"3 Sentries","floor":14.0,"turns":6.0},{"damage":30.0,"enemies":"Hexaghost","floor":16.0,"turns":8.0},{"damage":1.0,"enemies":"Chosen","floor":18.0,"turns":6.0},{"damage":5.0,"enemies":"Shell Parasite","floor":21.0,"turns":5.0},{"damage":16.0,"enemies":"Sentry and Sphere","floor":22.0,"turns":5.0},{"damage":40.0,"enemies":"Slavers","floor":23.0,"turns":4.0},{"damage":11.0,"enemies":"Slaver and Parasite","floor":24.0,"turns":6.0},{"damage":17.0,"enemies":"Gremlin Leader","floor":27.0,"turns":5.0},{"damage":5.0,"enemies":"Snake Plant","floor":29.0,"turns":3.0},{"damage":19.0,"enemies":"Book of Stabbing","floor":30.0,"turns":7.0},{"damage":8.0,"enemies":"Centurion and Healer","floor":31.0,"turns":5.0},{"damage":26.0,"enemies":"Collector","floor":33.0,"turns":5.0},{"damage":16.0,"enemies":"3 Darklings","floor":35.0,"turns":3.0},{"damage":0.0,"floor":37.0,"turns":3.0},{"damage":5.0,"floor":38.0,"turns":5.0},{"damage":4.0,"enemies":"3 Shapes","floor":39.0,"turns":3.0},{"damage":9.0,"enemies":"Giant Head","floor":44.0,"turns":8.0},{"damage":0.0,"enemies":"Flame Bruiser 2 Orb","floor":45.0,"turns":3.0},{"damage":14.0,"enemies":"Nemesis","floor":46.0,"turns":7.0},{"damage":19,"enemies":"Giant Head","floor":48,"turns":9},{"damage":40,"enemies":"Donu and Deca","floor":50,"turns":7}],"seed_played":"6991165755520525366","potions_obtained":[{"floor":2.0,"key":"Explosive Potion"},{"floor":7.0,"key":"Swift Potion"},{"floor":10.0,"key":"Dexterity Potion"},{"floor":11.0,"key":"Strength Potion"},{"floor":14.0,"key":"Strength Potion"},{"floor":22.0,"key":"Regen Potion"},{"floor":23.0,"key":"Swift Potion"},{"floor":24.0,"key":"Ancient Potion"},{"floor":29.0,"key":"AttackPotion"},{"floor":30.0,"key":"AttackPotion"},{"floor":35.0,"key":"Explosive Potion"},{"floor":38.0,"key":"Dexterity Potion"},{"floor":45.0,"key":"AttackPotion"},{"floor":46.0,"key":"AttackPotion"}],"is_trial":false,"path_per_floor":["M","M","M","T","$","R","?","R","T","M","M","M","?","E","R","B",null,"M","$","?","M","M","E","M","?","T","E","R","M","E","M","R","B",null,"M","?","?","?","M","R","$","R","T","E","M","E","$","E","R","B"],"character_chosen":"IRONCLAD","items_purchased":["True Grit","Metallicize","Paper Frog","Ginger","Rupture+1"],"campfire_rested":0,"item_purchase_floors":[5,5,19,41,47],"current_hp_per_floor":[45,51,50,50,50,50,48,48,48,55,58,62,62,72,72,60,87,87,87,70,71,61,48,55,39,49,50,50,63,62,65,65,57,102,92,92,98,99,101,101,101,101,101,98,102,94,94,81,81,61],"gold":71,"neow_bonus":"REMOVE_TWO","is_prod":false,"is_daily":false,"chose_seed":false,"campfire_upgraded":7,"win_rate":0,"timestamp":1531925403,"path_taken":["M","M","M","?","?","R","?","R","T","M","M","M","?","E","R","BOSS","M","$","?","M","M","E","M","?","T","E","R","M","E","M","R","BOSS","M","?","?","?","M","R","?","R","T","E","?","E","$","E","R","BOSS"],"build_version":"2018-07-12","purchased_purges":0,"victory":true,"max_hp_per_floor":[80,80,80,80,80,80,80,80,80,80,80,80,80,87,87,87,87,87,87,92,92,92,92,92,92,102,102,102,102,102,102,102,102,102,102,102,102,102,102,102,102,102,102,102,102,102,102,102,102,102],"card_choices":[{"not_picked":["Flex","Thunderclap"],"picked":"Seeing Red","floor":1.0},{"not_picked":["Flex","Wild Strike"],"picked":"Sword Boomerang","floor":2.0},{"not_picked":["Havoc","Sever Soul"],"picked":"Headbutt","floor":3.0},{"not_picked":["Hemokinesis","Perfected Strike"],"picked":"Anger","floor":7.0},{"not_picked":["Shrug It Off","Flex"],"picked":"Shockwave","floor":10.0},{"not_picked":["Warcry","Infernal Blade"],"picked":"True Grit","floor":11.0},{"not_picked":["Body Slam","Warcry"],"picked":"Anger","floor":12.0},{"not_picked":["Reckless Charge","Headbutt"],"picked":"Iron Wave","floor":14.0},{"not_picked":["Reaper","Fiend Fire"],"picked":"Impervious","floor":16.0},{"not_picked":["Headbutt","Armaments"],"picked":"Spot Weakness","floor":18.0},{"not_picked":["Bloodletting","Uppercut"],"picked":"Whirlwind+1","floor":21.0},{"not_picked":["Sword Boomerang","Rupture"],"picked":"Flame Barrier","floor":22.0},{"not_picked":["Warcry+1","Whirlwind+1"],"picked":"Shockwave","floor":23.0},{"not_picked":["Rupture","Clothesline"],"picked":"Brutality","floor":24.0},{"not_picked":["Headbutt","Infernal Blade"],"picked":"Armaments","floor":27.0},{"not_picked":["Warcry+1","Rupture"],"picked":"Dropkick+1","floor":29.0},{"not_picked":["Body Slam","Infernal Blade"],"picked":"Dropkick","floor":30.0},{"not_picked":["Iron Wave","Clothesline"],"picked":"Dark Embrace","floor":31.0},{"not_picked":["Exhume","Limit Break"],"picked":"Berserk","floor":33.0},{"not_picked":["Sword Boomerang","Perfected Strike"],"picked":"Inflame+1","floor":35.0},{"not_picked":["Evolve","Whirlwind+1"],"picked":"Dropkick","floor":37.0},{"not_picked":["Iron Wave","Cleave"],"picked":"Inflame+1","floor":38.0},{"not_picked":["Rupture+1","Evolve"],"picked":"Power Through+1","floor":39.0},{"not_picked":["Fire Breathing","Entrench"],"picked":"Impervious","floor":44.0},{"not_picked":["Perfected Strike","Clash"],"picked":"Seeing Red","floor":45.0},{"not_picked":["Ghostly Armor","Searing Blow+1"],"picked":"Sentinel","floor":46.0},{"not_picked":["Anger+1","Entrench","Sentinel"],"picked":"SKIP","floor":48}],"player_experience":107879,"relics_obtained":[{"floor":4.0,"key":"Meat on the Bone"},{"floor":7.0,"key":"Odd Mushroom"},{"floor":9.0,"key":"Potion Belt"},{"floor":14.0,"key":"Strawberry"},{"floor":23.0,"key":"Bag of Marbles"},{"floor":23.0,"key":"Red Skull"},{"floor":25.0,"key":"Nilry\u0027s Codex"},{"floor":26.0,"key":"Pear"},{"floor":27.0,"key":"Oddly Smooth Stone"},{"floor":27.0,"key":"Bag of Preparation"},{"floor":30.0,"key":"Ancient Tea Set"},{"floor":30.0,"key":"Anchor"},{"floor":37.0,"key":"Peace Pipe"},{"floor":38.0,"key":"Girya"},{"floor":43.0,"key":"Ornamental Fan"},{"floor":44.0,"key":"Frozen Egg 2"},{"floor":44.0,"key":"Kunai"},{"floor":46.0,"key":"Omamori"},{"floor":46.0,"key":"Juzu Bracelet"},{"floor":48,"key":"Vajra"},{"floor":48,"key":"Blood Vial"}],"event_choices":[{"event_name":"Mushrooms","player_choice":"Fought Mushrooms","floor":7.0,"damage_taken":0.0},{"event_name":"Upgrade Shrine","player_choice":"Upgraded","floor":13.0,"damage_taken":0.0},{"event_name":"Forgotten Altar","player_choice":"Shed Blood","floor":20.0,"damage_taken":0.0},{"event_name":"Cursed Tome","player_choice":"Obtained Book","floor":25.0,"damage_taken":0.0},{"event_name":"Falling","player_choice":"Removed Attack","floor":36.0,"damage_taken":0.0},{"event_name":"MindBloom","player_choice":"Fight","floor":37.0,"damage_taken":0.0},{"event_name":"Mysterious Sphere","player_choice":"Fight","floor":38.0,"damage_taken":0.0}],"boss_relics":[{"not_picked":["Runic Dome","Empty Cage"],"picked":"Black Star"},{"not_picked":["White Beast Statue","Runic Pyramid"],"picked":"Mark of Pain"}],"items_purged_floors":[],"is_endless":false,"potions_floor_spawned":[2,7,10,11,14,22,23,24,29,30,35,38,45,46],"ascension_level":1}