{"gold_per_floor":[113,77,77,40,56,89,89,89,157,184,196,230,5,19,19,123,123,111,111,131,151,151,183,198,198,198,0,29,47,76,88,88,186,186,203,203,222,277,92,124,124,157,157,157,167,200,200,227,227,227],"floor_reached":51,"playtime":5095,"items_purged":["Strike_G"],"score":908,"play_id":"83e102d9-9ef7-4659-872d-a40de5ccbd13","local_time":"20190205133109","is_ascension_mode":true,"campfire_choices":[{"data":"Footwork","floor":7,"key":"SMITH"},{"floor":15,"key":"REST"},{"floor":25,"key":"REST"},{"data":"After Image","floor":32,"key":"SMITH"},{"data":"Accuracy","floor":41,"key":"SMITH"},{"data":"Infinite Blades","floor":49,"key":"SMITH"}],"neow_cost":"PERCENT_DAMAGE","seed_source_timestamp":96910576687439,"circlet_count":0,"master_deck":["Defend_G","Defend_G","Defend_G","Defend_G","Defend_G+1","Survivor","Neutralize","Quick Slash","Well Laid Plans","Deadly Poison+1","Footwork+1","Leg Sweep","Deadly Poison","Bane","After Image+1","Crippling Poison+1","Caltrops+1","After Image+1","Blade Dance","Blade Dance","Blur+1","Decay","Bane+1","Infinite Blades+1","Venomology","Accuracy+1","Poisoned Stab+1","Catalyst","Accuracy+1","Poisoned Stab+1","Blade Dance"],"relics":["Ring of the Snake","Lantern","Mummified Hand","Matryoshka","Pear","Singing Bowl","Vajra","Astrolabe","Molten Egg 2","Gremlin Horn","War Paint","Omamori","Bottled Lightning","Lizard Tail","Ice Cream","Oddly Smooth Stone","Question Card","Ornamental Fan","Meat on the Bone","Ginger","Bottled Tornado","Frozen Egg 2","Sundial"],"potions_floor_usage":[6,29,30,30,33,33,35,37,38,40,40,40,42,46,46,48,48,50,50],"damage_taken":[{"damage":0,"enemies":"Cultist","floor":1,"turns":4},{"damage":0,"enemies":"Small Slimes","floor":5,"turns":3},{"damage":3,"enemies":"3 Sentries","floor":6,"turns":11},{"damage":2,"enemies":"Lagavulin","floor":10,"turns":7},{"damage":0,"enemies":"Jaw Worm","floor":11,"turns":2},{"damage":16,"enemies":"Gremlin Nob","floor":12,"turns":4},{"damage":1,"enemies":"Exordium Wildlife","floor":14,"turns":4},{"damage":6,"enemies":"Hexaghost","floor":16,"turns":8},{"damage":6,"enemies":"2 Thieves","floor":18,"turns":4},{"damage":9,"enemies":"3 Byrds","floor":20,"turns":3},{"damage":1,"enemies":"Snake Plant","floor":21,"turns":5},{"damage":21,"enemies":"Slavers","floor":23,"turns":6},{"damage":5,"enemies":"Cultist and Chosen","floor":24,"turns":7},{"damage":1,"enemies":"Book of Stabbing","floor":28,"turns":5},{"damage":0,"enemies":"Centurion and Healer","floor":29,"turns":4},{"damage":9,"enemies":"Gremlin Leader","floor":30,"turns":4},{"damage":0,"enemies":"Sentry and Sphere","floor":31,"turns":5},{"damage":17,"enemies":"Champ","floor":33,"turns":11},{"damage":0,"enemies":"3 Shapes","floor":35,"turns":4},{"damage":15,"enemies":"3 Darklings","floor":37,"turns":6},{"damage":13,"enemies":"2 Orb Walkers","floor":38,"turns":6},{"damage":0,"enemies":"Reptomancer","floor":40,"turns":5},{"damage":24,"enemies":"Giant Head","floor":42,"turns":8},{"damage":0,"enemies":"Sphere and 2 Shapes","floor":45,"turns":5},{"damage":0,"enemies":"Reptomancer","floor":46,"turns":5},{"damage":19,"enemies":"Nemesis","floor":48,"turns":7},{"damage":37,"enemies":"Donu and Deca","floor":50,"turns":10}],"seed_played":"-3883042859669987354","potions_obtained":[{"floor":5,"key":"Explosive Potion"},{"floor":12,"key":"Swift Potion"},{"floor":18,"key":"Strength Potion"},{"floor":24,"key":"Strength Potion"},{"floor":30,"key":"SteroidPotion"},{"floor":31,"key":"SteroidPotion"},{"floor":37,"key":"EssenceOfSteel"},{"floor":38,"key":"PowerPotion"},{"floor":40,"key":"LiquidBronze"}],"is_trial":false,"path_per_floor":["M","$","?","?","M","E","R","?","T","E","M","E","$","M","R","B",null,"M","?","M","M","?","E","M","R","T","?","E","M","E","M","R","B",null,"M","?","M","?","$","E","R","E","T","?","M","E","T","E","R","B",null],"character_chosen":"THE_SILENT","items_purchased":["Footwork","Vajra","Accuracy","Oddly Smooth Stone"],"campfire_rested":2,"item_purchase_floors":[2,13,39,39],"current_hp_per_floor":[49,49,42,42,42,39,39,25,25,33,33,17,17,16,40,34,80,74,74,65,64,64,45,40,64,64,64,65,65,56,58,58,41,86,88,84,71,60,60,60,60,36,36,36,48,48,48,41,41,16],"gold":227,"neow_bonus":"TRANSFORM_TWO_CARDS","is_prod":false,"is_daily":false,"chose_seed":false,"campfire_upgraded":4,"win_rate":0,"timestamp":1549402269,"path_taken":["M","$","?","?","M","E","R","?","T","E","M","E","$","M","R","BOSS","M","?","M","M","?","E","?","R","T","?","E","M","E","M","R","BOSS","M","?","M","?","$","E","R","E","T","?","?","E","?","E","R","BOSS"],"build_version":"2019-01-23","purchased_purges":1,"victory":true,"max_hp_per_floor":[70,70,70,70,70,70,70,70,70,80,80,80,80,80,80,80,80,80,80,80,80,80,82,82,82,82,82,84,84,84,86,86,86,86,88,84,86,88,88,88,88,88,88,88,88,88,88,88,88,88],"card_choices":[{"not_picked":["Acrobatics","Dagger Throw"],"picked":"Deadly Poison","floor":1},{"not_picked":["PiercingWail","Dodge and Roll"],"picked":"Leg Sweep","floor":5},{"not_picked":["Tactician","Wraith Form v2"],"picked":"Dagger Throw","floor":6},{"not_picked":["Prepared","Predator","PiercingWail"],"picked":"SKIP","floor":10},{"not_picked":["Dagger Spray","Skewer"],"picked":"Deadly Poison","floor":11},{"not_picked":["Eviscerate","Acrobatics"],"picked":"Terror","floor":12},{"not_picked":["Deflect","Slice"],"picked":"Bane","floor":14},{"not_picked":["Tools of the Trade","Die Die Die"],"picked":"After Image","floor":16},{"not_picked":["Underhanded Strike","Dagger Spray"],"picked":"Blade Dance","floor":18},{"not_picked":["Underhanded Strike+1","Calculated Gamble"],"picked":"Blade Dance","floor":20},{"not_picked":["Quick Slash","Blade Dance"],"picked":"Blur","floor":21},{"not_picked":["Dodge and Roll","Expertise","Prepared"],"picked":"Singing Bowl","floor":23},{"not_picked":["Dagger Spray+1","Poisoned Stab+1"],"picked":"Bane+1","floor":24},{"not_picked":["Heel Hook+1","Expertise","Deflect+1"],"picked":"Singing Bowl","floor":28},{"not_picked":["Bouncing Flask","Poisoned Stab+1"],"picked":"Infinite Blades","floor":29},{"not_picked":["Leg Sweep","Heel Hook+1"],"picked":"Accuracy","floor":30},{"not_picked":["Expertise+1","Night Terror","Dodge and Roll"],"picked":"Singing Bowl","floor":31},{"not_picked":["Bullet Time","Glass Knife+1"],"picked":"Venomology","floor":33},{"not_picked":["Prepared+1","Quick Slash+1","Underhanded Strike+1"],"picked":"Singing Bowl","floor":35},{"not_picked":["Quick Slash+1","Flying Knee+1","Backflip+1"],"picked":"Singing Bowl","floor":37},{"not_picked":["Skewer+1","Backflip","Riddle With Holes+1"],"picked":"Singing Bowl","floor":38},{"not_picked":["Terror","Slice+1"],"picked":"Poisoned Stab+1","floor":40},{"not_picked":["Terror","Malaise","Flying Knee+1"],"picked":"Catalyst","floor":42},{"not_picked":["Flying Knee+1","Bouncing Flask","Deflect+1"],"picked":"Accuracy+1","floor":45},{"not_picked":["Phantasmal Killer","Endless Agony+1","Quick Slash+1"],"picked":"Poisoned Stab+1","floor":46},{"not_picked":["Caltrops+1","Slice+1","Eviscerate+1"],"picked":"Blade Dance","floor":48}],"player_experience":81471,"relics_obtained":[{"floor":6,"key":"Mummified Hand"},{"floor":9,"key":"Matryoshka"},{"floor":10,"key":"Pear"},{"floor":12,"key":"Singing Bowl"},{"floor":23,"key":"Molten Egg 2"},{"floor":26,"key":"Gremlin Horn"},{"floor":26,"key":"War Paint"},{"floor":28,"key":"Omamori"},{"floor":30,"key":"Bottled Lightning"},{"floor":38,"key":"Ice Cream"},{"floor":40,"key":"Question Card"},{"floor":42,"key":"Ornamental Fan"},{"floor":43,"key":"Meat on the Bone"},{"floor":43,"key":"Ginger"},{"floor":46,"key":"Bottled Tornado"},{"floor":47,"key":"Frozen Egg 2"},{"floor":48,"key":"Sundial"}],"event_choices":[{"damage_healed":0,"gold_gain":0,"player_choice":"Success","damage_taken":7,"relics_obtained":["Lantern"],"max_hp_gain":0,"max_hp_loss":0,"event_name":"Scrap Ooze","floor":3,"gold_loss":0},{"damage_healed":0,"gold_gain":0,"player_choice":"Left Gold","damage_taken":0,"max_hp_gain":0,"max_hp_loss":0,"event_name":"World of Goop","floor":4,"gold_loss":37},{"damage_healed":0,"gold_gain":0,"player_choice":"Entered Light","damage_taken":14,"max_hp_gain":0,"max_hp_loss":0,"event_name":"Shining Light","floor":8,"gold_loss":0,"cards_upgraded":["Strike_G","Defend_G"]},{"cards_removed":["Terror"],"damage_healed":0,"gold_gain":0,"player_choice":"Elegance","damage_taken":0,"max_hp_gain":0,"max_hp_loss":0,"event_name":"Back to Basics","floor":19,"gold_loss":0},{"damage_healed":0,"gold_gain":0,"player_choice":"Cursed","damage_taken":0,"max_hp_gain":0,"max_hp_loss":0,"event_name":"Wheel of Change","floor":22,"gold_loss":0,"cards_obtained":["Decay"]},{"damage_healed":0,"gold_gain":0,"player_choice":"Paid Fearfully","damage_taken":0,"max_hp_gain":0,"max_hp_loss":0,"event_name":"Masked Bandits","floor":27,"gold_loss":198},{"damage_healed":0,"gold_gain":0,"player_choice":"Max HP","damage_taken":0,"max_hp_gain":0,"max_hp_loss":4,"event_name":"Winding Halls","floor":36,"gold_loss":0},{"damage_healed":0,"gold_gain":0,"player_choice":"Fight","damage_taken":0,"max_hp_gain":0,"max_hp_loss":0,"event_name":"Mysterious Sphere","floor":38,"gold_loss":0},{"cards_removed":["Accuracy"],"damage_healed":0,"gold_gain":0,"player_choice":"Removed Power","damage_taken":0,"max_hp_gain":0,"max_hp_loss":0,"event_name":"Falling","floor":44,"gold_loss":0}],"is_beta":false,"boss_relics":[{"not_picked":["Tiny House","Calling Bell"],"picked":"Astrolabe"},{"not_picked":["Cursed Key","Snecko Eye"],"picked":"Lizard Tail"}],"items_purged_floors":[13],"is_endless":false,"potions_floor_spawned":[5,12,18,24,28,30,31,37,38,40,46],"ascension_level":1}