{"path_per_floor":["M","M","?","M","?","E","$","R","T","M","E"],"character_chosen":"IRONCLAD","items_purchased":["Bronze Scales"],"gold_per_floor":[112,128,128,149,149,193,42,42,88,107,147,147],"floor_reached":12,"campfire_rested":1,"playtime":652,"item_purchase_floors":[7],"current_hp_per_floor":[70,76,74,74,81,11,11,35,35,32,27,0],"items_purged":[],"gold":147,"score":114,"play_id":"328ebda9-006f-429c-890c-45585cbde028","local_time":"20180612220003","is_prod":false,"is_daily":false,"chose_seed":false,"is_ascension_mode":true,"campfire_upgraded":0,"win_rate":0,"timestamp":1528833603,"campfire_choices":[{"floor":8,"key":"REST"}],"path_taken":["M","M","?","M","?","E","$","R","T","M","E","M"],"build_version":"2018-06-07v3","seed_source_timestamp":131949136349876,"purchased_purges":0,"victory":false,"master_deck":["Strike_R","Strike_R","Strike_R","Strike_R","Strike_R","Defend_R","Defend_R","Defend_R","Defend_R","Bash","Armaments","Metallicize","Sword Boomerang","Regret","Dropkick","Offering","Twin Strike"],"max_hp_per_floor":[80,80,74,74,81,81,81,81,81,81,81,81],"relics":["Burning Blood","Oddly Smooth Stone","Golden Idol","Strawberry","Lantern","Bronze Scales","Regal Pillow","Dodecahedron"],"card_choices":[{"not_picked":["Wild Strike","Clash"],"picked":"Armaments","floor":1},{"not_picked":["Combust","Clash"],"picked":"Metallicize","floor":2},{"not_picked":["Wild Strike","Clothesline"],"picked":"Sword Boomerang","floor":4},{"not_picked":["Sword Boomerang","Seeing Red"],"picked":"Dropkick","floor":6},{"not_picked":["Combust","Armaments"],"picked":"Offering","floor":10},{"not_picked":["Anger","Wild Strike"],"picked":"Twin Strike","floor":11}],"player_experience":664277,"potions_floor_usage":[11],"damage_taken":[{"damage":8,"enemies":"2 Louse","floor":1,"turns":3},{"damage":0,"enemies":"Small Slimes","floor":2,"turns":4},{"damage":1,"enemies":"Cultist","floor":4,"turns":5},{"damage":76,"enemies":"Lagavulin","floor":6,"turns":10},{"damage":9,"enemies":"Blue Slaver","floor":10,"turns":4},{"damage":19,"enemies":"3 Sentries","floor":11,"turns":9},{"damage":29,"enemies":"Exordium Wildlife","floor":12,"turns":4}],"relics_obtained":[{"floor":6,"key":"Lantern"},{"floor":9,"key":"Regal Pillow"},{"floor":11,"key":"Dodecahedron"}],"event_choices":[{"event_name":"Golden Idol","player_choice":"Lose Max HP","floor":3,"damage_taken":0},{"event_name":"Big Fish","player_choice":"Box","floor":5,"damage_taken":0}],"boss_relics":[],"items_purged_floors":[],"potions_floor_spawned":[6],"seed_played":"-1042524184229354091","killed_by":"Exordium Wildlife","ascension_level":6,"potions_obtained":[{"floor":6,"key":"BloodPotion"}],"is_trial":false}