{"gold_per_floor":[112,112,126,91,91,121,10,40,40,40,72,88,88,88,88,187,187,170,182,197,197],"floor_reached":21,"playtime":962,"items_purged":["Decay"],"score":266,"play_id":"2e758c04-ab99-455d-bce7-9984929f1d5d","local_time":"20180805155447","is_ascension_mode":true,"campfire_choices":[{"data":"Zap","floor":10.0,"key":"SMITH"},{"floor":13.0,"key":"REST"},{"data":"White Noise","floor":15.0,"key":"SMITH"}],"neow_cost":"NONE","seed_source_timestamp":0,"circlet_count":0,"master_deck":["Strike_B","Strike_B","Strike_B","Defend_B","Defend_B","Defend_B","Defend_B","Zap+1","Dualcast","Thunder Strike","Ball Lightning","Redo","Leap","Chill","Steam","Multi-Cast","White Noise+1","Seek","Glacier+1","Melter+1","Chaos+1"],"special_seed":0,"relics":["Cracked Core","Oddly Smooth Stone","Turnip","The Courier","Bottled Flame","Cables","Nuclear Battery"],"potions_floor_usage":[21],"damage_taken":[{"damage":4.0,"enemies":"Jaw Worm","floor":1.0,"turns":4.0},{"damage":1.0,"enemies":"Cultist","floor":3.0,"turns":3.0},{"damage":29.0,"enemies":"3 Sentries","floor":6.0,"turns":6.0},{"damage":8.0,"enemies":"Lagavulin","floor":8.0,"turns":6.0},{"damage":19.0,"enemies":"Gremlin Nob","floor":11.0,"turns":4.0},{"damage":0.0,"enemies":"Small Slimes","floor":12.0,"turns":2.0},{"damage":15.0,"enemies":"Hexaghost","floor":16.0,"turns":9.0},{"damage":15,"enemies":"2 Thieves","floor":18,"turns":4},{"damage":0,"enemies":"Shell Parasite","floor":19,"turns":9},{"damage":28,"enemies":"Snecko","floor":20,"turns":7},{"damage":18,"enemies":"Chosen and Byrds","floor":21,"turns":9}],"seed_played":"3285386428206314276","potions_obtained":[{"floor":3.0,"key":"Dexterity Potion"},{"floor":8.0,"key":"GamblersBrew"},{"floor":12.0,"key":"GamblersBrew"},{"floor":18,"key":"GamblersBrew"},{"floor":20,"key":"GamblersBrew"}],"is_trial":false,"path_per_floor":["M","?","M","?","?","E","$","E","T","R","E","M","R","T","R","B",null,"M","M","M"],"character_chosen":"DEFECT","items_purchased":["Chill"],"campfire_rested":1,"item_purchase_floors":[7],"current_hp_per_floor":[64,64,63,75,75,46,46,38,38,38,19,19,41,41,41,26,63,55,55,27,9],"gold":197,"neow_bonus":"ONE_RANDOM_RARE_CARD","is_prod":false,"is_daily":false,"chose_seed":false,"campfire_upgraded":2,"win_rate":0,"timestamp":1533477287,"path_taken":["M","?","M","?","?","E","$","E","T","R","E","M","R","?","R","BOSS","M","M","M","M"],"build_version":"2018-08-02","purchased_purges":1,"victory":false,"max_hp_per_floor":[75,75,75,75,75,75,75,75,75,75,75,75,75,75,75,75,75,75,75,75,75],"card_choices":[{"not_picked":["Redo","Chaos"],"picked":"Ball Lightning","floor":1.0},{"not_picked":["Rebound","Melter"],"picked":"Redo","floor":3.0},{"not_picked":["Redo","Gash"],"picked":"Leap","floor":6.0},{"not_picked":["Heatsinks","Melter"],"picked":"Steam","floor":8.0},{"not_picked":["Coolheaded","Darkness"],"picked":"Multi-Cast","floor":11.0},{"not_picked":["Fusion","Barrage"],"picked":"White Noise","floor":12.0},{"not_picked":["Thunder Strike","Meteor Strike"],"picked":"Seek","floor":16.0},{"not_picked":["Coolheaded","Steam+1"],"picked":"Glacier+1","floor":18},{"not_picked":["Go for the Eyes","Leap"],"picked":"Melter+1","floor":19},{"not_picked":["Consume","Sweeping Beam"],"picked":"Chaos+1","floor":20}],"player_experience":862929,"relics_obtained":[{"floor":6.0,"key":"Oddly Smooth Stone"},{"floor":8.0,"key":"Turnip"},{"floor":9.0,"key":"The Courier"},{"floor":11.0,"key":"Bottled Flame"},{"floor":14.0,"key":"Cables"}],"event_choices":[{"event_name":"Purifier","player_choice":"One Purge","floor":2.0,"damage_taken":0.0},{"event_name":"The Cleric","player_choice":"Healed","floor":4.0,"damage_taken":0.0},{"event_name":"Wheel of Change","player_choice":"Curse","floor":5.0,"damage_taken":0.0}],"is_beta":false,"boss_relics":[{"not_picked":["Snecko Eye","Astrolabe"],"picked":"Nuclear Battery"}],"items_purged_floors":[7],"is_endless":false,"potions_floor_spawned":[3,8,12,18,20],"killed_by":"Chosen and Byrds","ascension_level":7}