{"gold_per_floor":[118,118,293,293,307,307,340,357,357,357,384,384],"floor_reached":12,"playtime":184,"items_purged":[],"score":125,"play_id":"c99f987a-e616-4165-82d1-b9ff1e5f5929","local_time":"20190206202122","is_ascension_mode":true,"campfire_choices":[{"floor":6,"key":"DIG"},{"floor":10,"key":"REST"}],"neow_cost":"TEN_PERCENT_HP_LOSS","seed_source_timestamp":977041563576169,"circlet_count":0,"master_deck":["AscendersBane","Strike_R","Strike_R","Strike_R","Strike_R","Strike_R","Defend_R","Defend_R","Defend_R","Defend_R","Bash+1","Inflame","Doubt","Anger","Uppercut"],"relics":["Burning Blood","Shovel","Singing Bowl","Potion Belt","Lantern","Vajra","Happy Flower"],"potions_floor_usage":[12],"damage_taken":[{"damage":9,"enemies":"Small Slimes","floor":1,"turns":5},{"damage":15,"enemies":"2 Louse","floor":5,"turns":4},{"damage":40,"enemies":"Gremlin Nob","floor":7,"turns":5},{"damage":7,"enemies":"Jaw Worm","floor":8,"turns":2},{"damage":20,"enemies":"Lagavulin","floor":12,"turns":5}],"seed_played":"-738753573272390347","potions_obtained":[{"floor":7,"key":"Dexterity Potion"}],"is_trial":false,"path_per_floor":["M","?","?","?","M","R","E","M","T","R","T","E"],"character_chosen":"IRONCLAD","items_purchased":[],"campfire_rested":1,"item_purchase_floors":[],"current_hp_per_floor":[69,69,69,57,48,48,16,15,15,37,37,17],"gold":384,"neow_bonus":"ONE_RARE_RELIC","is_prod":false,"is_daily":false,"chose_seed":false,"campfire_upgraded":0,"win_rate":0,"timestamp":1549480882,"path_taken":["M","?","?","?","M","R","E","M","T","R","?","E"],"build_version":"2019-01-23","purchased_purges":0,"victory":false,"max_hp_per_floor":[72,72,72,72,72,72,74,74,74,74,74,74],"card_choices":[{"not_picked":["True Grit","Armaments"],"picked":"Inflame","floor":1},{"not_picked":["Heavy Blade","Thunderclap"],"picked":"Anger","floor":5},{"not_picked":["Corruption","Feel No Pain","Bloodletting"],"picked":"Singing Bowl","floor":7},{"not_picked":["Seeing Red","Anger"],"picked":"Uppercut","floor":8}],"player_experience":2228080,"relics_obtained":[{"floor":6,"key":"Potion Belt"},{"floor":7,"key":"Lantern"},{"floor":9,"key":"Vajra"},{"floor":11,"key":"Happy Flower"}],"event_choices":[{"damage_healed":0,"gold_gain":0,"player_choice":"Grow","damage_taken":0,"max_hp_gain":0,"max_hp_loss":0,"event_name":"Living Wall","floor":2,"gold_loss":0,"cards_upgraded":["Bash"]},{"damage_healed":0,"gold_gain":175,"player_choice":"AGREE","damage_taken":0,"max_hp_gain":0,"max_hp_loss":0,"event_name":"Liars Game","floor":3,"gold_loss":0,"cards_obtained":["Doubt"]},{"damage_healed":0,"gold_gain":0,"player_choice":"Success","damage_taken":12,"relics_obtained":["Singing Bowl"],"max_hp_gain":0,"max_hp_loss":0,"event_name":"Scrap Ooze","floor":4,"gold_loss":0}],"is_beta":false,"boss_relics":[],"items_purged_floors":[],"is_endless":false,"potions_floor_spawned":[7],"killed_by":"Lagavulin","ascension_level":13}