{"gold_per_floor":[113,113,124,102,102,117,83,95,169,169,200,200,226,226,226,321,321,321],"floor_reached":18,"playtime":16309,"items_purged":[],"score":252,"play_id":"4e7f8727-4bed-48fd-97c1-32b76737be00","local_time":"20181129090217","is_ascension_mode":true,"campfire_choices":[{"data":"Footwork","floor":10.0,"key":"SMITH"},{"data":"Terror","floor":12.0,"key":"SMITH"},{"floor":15.0,"key":"REST"}],"neow_cost":"NONE","seed_source_timestamp":0,"circlet_count":0,"master_deck":["AscendersBane","Defend_G","Defend_G","Defend_G","Defend_G","Defend_G","Strike_G","Strike_G","Strike_G","Strike_G+1","Strike_G+1","Survivor","Neutralize","Leg Sweep","Neutralize","Noxious Fumes","Cloak And Dagger","Pain","Predator","Footwork+1","Poisoned Stab","Terror+1","Leg Sweep","Corpse Explosion"],"special_seed":0,"relics":["Ring of the Snake","NeowsBlessing","WarpedTongs","The Courier","Whetstone","Ornamental Fan","Ninja Scroll","Runic Dome"],"potions_floor_usage":[],"damage_taken":[{"damage":0.0,"enemies":"2 Louse","floor":1.0,"turns":1.0},{"damage":0.0,"enemies":"Cultist","floor":3.0,"turns":1.0},{"damage":2.0,"enemies":"Small Slimes","floor":6.0,"turns":1.0},{"damage":18.0,"enemies":"Gremlin Gang","floor":8.0,"turns":6.0},{"damage":18.0,"enemies":"3 Sentries","floor":11.0,"turns":8.0},{"damage":5.0,"enemies":"Lagavulin","floor":13.0,"turns":7.0},{"damage":17.0,"enemies":"The Guardian","floor":16.0,"turns":11.0},{"damage":3,"enemies":"3 Byrds","floor":18,"turns":1}],"seed_played":"-4532421807201833180","potions_obtained":[{"floor":1.0,"key":"LiquidBronze"},{"floor":6.0,"key":"SpeedPotion"},{"floor":16.0,"key":"GamblersBrew"}],"is_trial":false,"path_per_floor":["M","?","M","$","?","M","$","M","T","R","E","R","E","?","R","B",null,"M"],"character_chosen":"THE_SILENT","items_purchased":["Cloak And Dagger","Footwork"],"campfire_rested":1,"item_purchase_floors":[4,7],"current_hp_per_floor":[63,63,63,63,63,61,61,43,43,43,25,25,20,2,23,6,54,51],"gold":321,"neow_bonus":"THREE_ENEMY_KILL","is_prod":false,"is_daily":false,"chose_seed":false,"campfire_upgraded":2,"win_rate":0,"timestamp":1543478537,"path_taken":["M","?","?","$","?","?","$","M","T","R","E","R","E","?","R","BOSS","M"],"build_version":"2018-11-15","purchased_purges":0,"victory":false,"max_hp_per_floor":[70,70,70,70,70,70,70,70,70,70,70,70,70,70,70,70,70,70],"card_choices":[{"not_picked":["Dagger Throw","Underhanded Strike"],"picked":"Leg Sweep","floor":1.0},{"not_picked":["Prepared","Distraction"],"picked":"Noxious Fumes","floor":3.0},{"not_picked":["Prepared","Backflip"],"picked":"Predator","floor":6.0},{"not_picked":["Dodge and Roll","Cloak And Dagger"],"picked":"Poisoned Stab","floor":8.0},{"not_picked":["Masterful Stab","Flying Knee"],"picked":"Terror","floor":11.0},{"not_picked":["Sucker Punch","Endless Agony"],"picked":"Leg Sweep","floor":13.0},{"not_picked":["A Thousand Cuts","Wraith Form v2"],"picked":"Corpse Explosion","floor":16.0}],"player_experience":1367450,"relics_obtained":[{"floor":9.0,"key":"The Courier"},{"floor":11.0,"key":"Whetstone"},{"floor":13.0,"key":"Ornamental Fan"}],"event_choices":[{"damage_healed":0.0,"max_hp_gain":0.0,"max_hp_loss":0.0,"gold_gain":0.0,"event_name":"Match and Keep!","player_choice":"1 cards matched","floor":2.0,"gold_loss":0.0,"damage_taken":0.0,"cards_obtained":["Neutralize"]},{"damage_healed":0.0,"max_hp_gain":0.0,"max_hp_loss":0.0,"gold_gain":0.0,"event_name":"Accursed Blacksmith","player_choice":"Rummage","floor":5.0,"gold_loss":0.0,"damage_taken":0.0,"relics_obtained":["WarpedTongs"],"cards_obtained":["Pain"]},{"damage_healed":0.0,"max_hp_gain":0.0,"max_hp_loss":0.0,"gold_gain":0.0,"event_name":"Scrap Ooze","player_choice":"Success","floor":14.0,"gold_loss":0.0,"damage_taken":18.0,"relics_obtained":["Ninja Scroll"]}],"is_beta":false,"boss_relics":[{"not_picked":["Runic Pyramid","Philosopher\u0027s Stone"],"picked":"Runic Dome"}],"items_purged_floors":[],"is_endless":false,"potions_floor_spawned":[1,6,16],"killed_by":"3 Byrds","ascension_level":10}