{"path_per_floor":["M","M","M","M","M","E","R","M","T","E","$","?","M","M","R","B",null,"M","?","M"],"character_chosen":"THE_SILENT","items_purchased":["Paper Crane"],"gold_per_floor":[119,137,151,171,186,212,212,222,300,331,26,26,36,48,48,149,149,167,167,180,180],"floor_reached":21,"campfire_rested":2,"playtime":1972,"item_purchase_floors":[11],"current_hp_per_floor":[62,62,62,47,38,29,50,50,50,40,40,33,32,32,53,32,61,46,46,30,13],"items_purged":["Strike_G"],"gold":180,"score":254,"play_id":"06c909e9-e6c0-4233-9526-fe56721605cc","local_time":"20180603151037","is_prod":false,"is_daily":false,"chose_seed":false,"is_ascension_mode":true,"campfire_upgraded":0,"win_rate":0,"timestamp":1528031437,"campfire_choices":[{"floor":7,"key":"REST"},{"floor":15,"key":"REST"}],"path_taken":["M","M","M","M","M","E","R","M","T","E","$","?","M","M","R","BOSS","M","?","M","M"],"build_version":"2018-05-31","seed_source_timestamp":38119335922852,"purchased_purges":1,"victory":false,"master_deck":["Defend_G","Defend_G","Defend_G","Defend_G","Defend_G","Strike_G","Strike_G","Strike_G","Survivor","Neutralize","Prepared","Heel Hook","Poisoned Stab","Footwork","Flying Knee","Dagger Spray","Catalyst","All Out Attack","Poisoned Stab","Bullet Time","Concentrate+1"],"max_hp_per_floor":[70,70,70,70,70,70,70,70,70,70,70,70,70,70,70,70,70,70,70,70,70],"relics":["Ring of the Snake","Kunai","Smiling Mask","Snake Skull","Paper Crane","Sozu"],"card_choices":[{"not_picked":["Catalyst","Acrobatics"],"picked":"Prepared","floor":1},{"not_picked":["Prepared","Underhanded Strike"],"picked":"Heel Hook","floor":2},{"not_picked":["Deflect","Bouncing Flask"],"picked":"Poisoned Stab","floor":3},{"not_picked":["Outmaneuver","Bouncing Flask"],"picked":"Footwork","floor":4},{"not_picked":["Setup","Acrobatics"],"picked":"Flying Knee","floor":5},{"not_picked":["Quick Slash","Poisoned Stab"],"picked":"Dagger Spray","floor":6},{"not_picked":["Concentrate","Dagger Spray"],"picked":"Catalyst","floor":8},{"not_picked":["Storm of Steel","Choke"],"picked":"All Out Attack","floor":10},{"not_picked":["Distraction","Slice"],"picked":"Poisoned Stab","floor":13},{"not_picked":["Dagger Spray","Dagger Throw","Skewer"],"picked":"SKIP","floor":14},{"not_picked":["After Image","Wraith Form v2"],"picked":"Bullet Time","floor":16},{"not_picked":["All Out Attack","Bane"],"picked":"Concentrate+1","floor":18},{"not_picked":["Finisher","Cloak And Dagger+1","Quick Slash"],"picked":"SKIP","floor":20}],"player_experience":551917,"potions_floor_usage":[6,10,21],"damage_taken":[{"damage":1,"enemies":"2 Louse","floor":1,"turns":4},{"damage":0,"enemies":"Cultist","floor":2,"turns":4},{"damage":0,"enemies":"Jaw Worm","floor":3,"turns":5},{"damage":15,"enemies":"Exordium Thugs","floor":4,"turns":4},{"damage":9,"enemies":"3 Louse","floor":5,"turns":5},{"damage":23,"enemies":"Gremlin Nob","floor":6,"turns":4},{"damage":0,"enemies":"Exordium Wildlife","floor":8,"turns":2},{"damage":10,"enemies":"Lagavulin","floor":10,"turns":10},{"damage":1,"enemies":"Looter","floor":13,"turns":4},{"damage":0,"enemies":"Large Slime","floor":14,"turns":5},{"damage":21,"enemies":"Slime Boss","floor":16,"turns":14},{"damage":15,"enemies":"Chosen","floor":18,"turns":5},{"damage":16,"enemies":"Shell Parasite","floor":20,"turns":8},{"damage":17,"enemies":"Sentry and Sphere","floor":21,"turns":4}],"relics_obtained":[{"floor":6,"key":"Kunai"},{"floor":9,"key":"Smiling Mask"},{"floor":10,"key":"Snake Skull"}],"event_choices":[{"event_name":"Golden Wing","player_choice":"Card Removal","floor":12,"damage_taken":0},{"event_name":"The Woman in Blue","player_choice":"Bought 0 Potions","floor":19,"damage_taken":0}],"boss_relics":[{"not_picked":["Ectoplasm","Philosopher\u0027s Stone"],"picked":"Sozu"}],"items_purged_floors":[11],"potions_floor_spawned":[1,3,6,10,14,16],"seed_played":"488941268163851680","killed_by":"Sentry and Sphere","ascension_level":6,"potions_obtained":[{"floor":1,"key":"Regen Potion"},{"floor":3,"key":"SmokeBomb"},{"floor":6,"key":"Dexterity Potion"},{"floor":10,"key":"Ancient Potion"},{"floor":14,"key":"FearPotion"},{"floor":16,"key":"Dexterity Potion"}],"is_trial":false}