{"path_per_floor":["M","?","M","T","M","E","R","?","T","R","E","M","M","M","R","B",null,"M","?","?","M","M","E","R"],"character_chosen":"IRONCLAD","items_purchased":[],"gold_per_floor":[111,111,123,149,163,188,188,188,214,214,246,259,269,286,286,382,382,382,382,382,382,382,382,382,382],"floor_reached":25,"campfire_rested":0,"playtime":986,"current_hp_per_floor":[80,80,80,80,80,67,67,67,67,67,54,60,66,83,83,87,87,87,87,87,86,47,61,61,0],"items_purged":[],"gold":382,"score":291,"play_id":"f36c4478-be56-47e8-b8b2-e79c4370653f","local_time":"20180522194010","is_prod":false,"is_daily":false,"chose_seed":false,"is_ascension_mode":true,"campfire_upgraded":4,"timestamp":1527010810,"campfire_choices":[{"data":"Demon Form","floor":7,"key":"SMITH"},{"data":"Infernal Blade","floor":10,"key":"SMITH"},{"data":"Flame Barrier","floor":15,"key":"SMITH"},{"data":"Metallicize","floor":24,"key":"SMITH"}],"path_taken":["M","?","M","?","M","E","R","?","T","R","E","M","M","?","R","BOSS","M","?","?","M","M","E","R","E"],"build_version":"2018-05-17","seed_source_timestamp":728147990173198,"purchased_purges":0,"victory":false,"master_deck":["Strike_R","Strike_R","Strike_R","Strike_R","Defend_R","Defend_R","Defend_R","Bash","Metallicize+1","Infernal Blade+1","Cleave","Demon Form+1","Reaper","Flame Barrier+1","Power Through","Clash","Feed","Juggernaut","Warcry","Evolve+1","Body Slam+1","Entrench+1"],"max_hp_per_floor":[80,80,80,80,80,80,80,80,80,80,87,87,87,87,87,87,87,87,87,87,87,90,93,93,93],"relics":["Burning Blood","Regal Pillow","Anchor","Pen Nib","Vajra","Strawberry","Ectoplasm","Bag of Preparation"],"card_choices":[{"not_picked":["Twin Strike","Fire Breathing"],"picked":"Metallicize","floor":1.0},{"not_picked":["Headbutt","Bloodletting"],"picked":"Infernal Blade","floor":3},{"not_picked":["Twin Strike","Searing Blow"],"picked":"Cleave","floor":5},{"not_picked":["Clothesline","True Grit"],"picked":"Demon Form","floor":6},{"not_picked":["Flex","Anger"],"picked":"Flame Barrier","floor":11},{"not_picked":["Body Slam","Twin Strike"],"picked":"Power Through","floor":12},{"not_picked":["Clothesline","Flex"],"picked":"Clash","floor":13},{"not_picked":["Body Slam","Entrench"],"picked":"Feed","floor":14},{"not_picked":["Bludgeon","Dark Embrace"],"picked":"Juggernaut","floor":16},{"not_picked":["Cleave","Flex"],"picked":"Warcry","floor":18},{"not_picked":["Anger+1","Uppercut"],"picked":"Evolve+1","floor":21},{"not_picked":["Anger","Disarm"],"picked":"Body Slam+1","floor":22},{"not_picked":["Burning Pact","Intimidate"],"picked":"Entrench+1","floor":23}],"player_experience":503693,"potions_floor_usage":[6,11,14,14],"damage_taken":[{"damage":2.0,"enemies":"2 Louse","floor":1.0,"turns":3.0},{"damage":3,"enemies":"Cultist","floor":3,"turns":5},{"damage":0,"enemies":"Jaw Worm","floor":5,"turns":4},{"damage":19,"enemies":"3 Sentries","floor":6,"turns":6},{"damage":32,"enemies":"Gremlin Nob","floor":11,"turns":4},{"damage":0,"enemies":"Exordium Wildlife","floor":12,"turns":3},{"damage":0,"enemies":"Large Slime","floor":13,"turns":4},{"damage":9,"enemies":"Gremlin Gang","floor":14,"turns":4},{"damage":12,"enemies":"The Guardian","floor":16,"turns":8},{"damage":0,"enemies":"3 Byrds","floor":18,"turns":5},{"damage":8,"enemies":"Spheric Guardian","floor":21,"turns":4},{"damage":48,"enemies":"Cultist and Chosen","floor":22,"turns":6},{"damage":9,"enemies":"Book of Stabbing","floor":23,"turns":4},{"damage":73,"enemies":"Slavers","floor":25,"turns":5}],"relics_obtained":[{"floor":4,"key":"Anchor"},{"floor":6,"key":"Pen Nib"},{"floor":9,"key":"Vajra"},{"floor":11,"key":"Strawberry"},{"floor":23,"key":"Bag of Preparation"}],"event_choices":[{"event_name":"Bonfire Elementals","player_choice":"BASIC","floor":2,"damage_taken":0},{"event_name":"Transmorgrifier","player_choice":"Transform","floor":8,"damage_taken":0},{"event_name":"Ghosts","player_choice":"Ignored","floor":19,"damage_taken":0},{"event_name":"Wheel of Change","player_choice":"Gold","floor":20,"damage_taken":0}],"boss_relics":[{"not_picked":["Astrolabe","Orrery"],"picked":"Ectoplasm"}],"potions_floor_spawned":[5,6,11,13,22],"seed_played":"4461374154643665434","killed_by":"Slavers","ascension_level":5,"potions_obtained":[{"floor":5,"key":"SkillPotion"},{"floor":6,"key":"Poison Potion"},{"floor":11,"key":"Poison Potion"},{"floor":13,"key":"PowerPotion"},{"floor":22,"key":"Strength Potion"}],"is_trial":false}