{"gold_per_floor":[115,131,131,33,33,63,63,74,97,97],"floor_reached":10,"playtime":2790,"items_purged":["Doubt"],"score":99,"play_id":"c7e3eeb7-f9dc-4b35-a7eb-837e8c4f4e71","local_time":"20181127135227","is_ascension_mode":true,"campfire_choices":[{"floor":7,"key":"REST"}],"neow_cost":"CURSE","seed_source_timestamp":834508075961636,"circlet_count":0,"master_deck":["AscendersBane","Defend_G","Defend_G","Defend_G","Defend_G","Defend_G","Strike_G","Strike_G","Strike_G","Strike_G","Strike_G","Survivor","Neutralize","Die Die Die","All Out Attack","Deflect","Malaise","Dodge and Roll"],"relics":["Ring of the Snake","Centennial Puzzle","Juzu Bracelet"],"potions_floor_usage":[],"damage_taken":[{"damage":8,"enemies":"Jaw Worm","floor":1,"turns":5},{"damage":2,"enemies":"Cultist","floor":2,"turns":4},{"damage":52,"enemies":"Gremlin Nob","floor":6,"turns":5},{"damage":6,"enemies":"Small Slimes","floor":8,"turns":2},{"damage":7,"enemies":"Lagavulin","floor":10,"turns":8}],"seed_played":"6873656037474204022","potions_obtained":[{"floor":2,"key":"LiquidBronze"}],"is_trial":false,"path_per_floor":["M","M","?","$","$","E","R","M","T","E"],"character_chosen":"THE_SILENT","items_purchased":["Deflect"],"campfire_rested":1,"item_purchase_floors":[4],"current_hp_per_floor":[55,53,70,70,70,18,39,33,33,26],"gold":97,"neow_bonus":"THREE_RARE_CARDS","is_prod":false,"is_daily":false,"chose_seed":false,"campfire_upgraded":0,"win_rate":0,"timestamp":1543323147,"path_taken":["M","M","?","?","$","E","R","?","T","E"],"build_version":"2018-11-15","purchased_purges":1,"victory":false,"max_hp_per_floor":[70,70,70,70,70,70,70,70,70,70],"card_choices":[{"not_picked":["Burst","Glass Knife"],"picked":"Die Die Die","floor":0},{"not_picked":["Bane","Catalyst"],"picked":"Masterful Stab","floor":1},{"not_picked":["Sucker Punch","Underhanded Strike"],"picked":"All Out Attack","floor":2},{"not_picked":["Catalyst","Blade Dance"],"picked":"Malaise","floor":6},{"not_picked":["Cloak And Dagger","Dagger Spray"],"picked":"Dodge and Roll","floor":8}],"player_experience":1245060,"relics_obtained":[{"floor":6,"key":"Centennial Puzzle"},{"floor":9,"key":"Juzu Bracelet"}],"event_choices":[{"cards_removed":["Masterful Stab"],"damage_healed":17,"gold_gain":0,"player_choice":"Offered Uncommon","damage_taken":0,"max_hp_gain":0,"max_hp_loss":0,"event_name":"Bonfire Elementals","floor":3,"gold_loss":0}],"is_beta":false,"boss_relics":[],"items_purged_floors":[4],"is_endless":false,"potions_floor_spawned":[2],"killed_by":"Lagavulin","ascension_level":10}