{"path_per_floor":["M","?","M","?","$","R","E","M","T","M","E","R","M","E","R","B",null,"M","M","$","?","?","R","E","M","T","R","E","R","M","E","R","B",null,"M","?","$","M","?","R","M","M","T","M","T","E","M","?","R"],"character_chosen":"THE_SILENT","items_purchased":["Backflip","Mercury Hourglass","Fire Potion","SteroidPotion","Swift Potion","Art of War","Caltrops","Master of Strategy"],"gold_per_floor":[119,192,206,206,106,106,141,155,224,242,275,275,295,331,331,454,454,470,485,86,121,121,121,161,186,186,186,222,222,247,288,288,412,412,433,433,43,68,68,68,84,108,135,160,235,298,318,374,374,374],"floor_reached":50,"campfire_rested":5,"playtime":4404,"current_hp_per_floor":[70,70,70,70,70,70,39,39,39,37,27,48,48,28,49,38,62,57,45,45,41,41,62,62,61,61,61,51,70,70,77,77,77,77,77,67,67,67,67,77,77,77,77,77,77,77,77,82,82,0],"items_purged":["Injury"],"gold":374,"score":919,"play_id":"5e713601-e289-4db4-9f98-0c4414fbebe1","local_time":"20180516095350","is_prod":false,"is_daily":false,"chose_seed":false,"is_ascension_mode":true,"campfire_upgraded":4,"timestamp":1526457230,"path_taken":["M","?","M","?","$","R","E","?","T","M","E","R","M","E","R","BOSS","M","M","$","?","?","R","E","M","T","R","E","R","M","E","R","BOSS","M","?","$","M","?","R","M","?","T","M","?","E","?","?","R","BOSS"],"build_version":"2018-05-10","seed_source_timestamp":0,"purchased_purges":1,"victory":false,"master_deck":["Survivor","Neutralize+1","Reflex","Underhanded Strike","Prepared","Backflip","Leg Sweep","Dodge and Roll","Sucker Punch","Flying Knee","PiercingWail","Outmaneuver","Die Die Die","Cloak And Dagger","Poisoned Stab","Outmaneuver+1","Malaise","Dagger Spray","Backflip","Outmaneuver+1","Sucker Punch","Acrobatics","Flechettes","PiercingWail+1","Writhe","Venomology+1","Well Laid Plans+1","Dagger Throw+1","A Thousand Cuts+1","Dagger Throw+1","After Image+1","Backflip","Reflex","Deflect+1","Calculated Gamble","Backflip+1","Acrobatics+1","Madness","Madness","Caltrops+1","Master of Strategy","Cloak And Dagger+1","Bullet Time","PiercingWail+1","Crippling Poison+1","Prepared+1","Leg Sweep","Crippling Poison+1","Choke+1"],"max_hp_per_floor":[70,70,70,70,70,70,70,70,70,70,70,70,70,70,70,70,70,70,70,70,70,70,70,70,70,70,70,70,70,70,77,77,77,77,77,77,77,77,77,77,77,77,77,77,77,77,77,82,82,82],"relics":["Ring of the Snake","Golden Idol","Bronze Scales","Toolbox","Thread and Needle","Orichalcum","Pandora\u0027s Box","Mercury Hourglass","Red Mask","Frozen Egg 2","Torii","Dodecahedron","Bottled Tornado","Strawberry","Orrery","Art of War","Bag of Preparation","Bottled Lightning","Tiny Chest","Ginger"],"card_choices":[{"not_picked":["Deflect","Masterful Stab"],"picked":"Underhanded Strike","floor":1.0},{"not_picked":["Heel Hook","Deadly Poison"],"picked":"Prepared","floor":3.0},{"not_picked":["Dodge and Roll","Malaise"],"picked":"Leg Sweep","floor":7.0},{"not_picked":["Bane","Wraith Form v2"],"picked":"Dodge and Roll","floor":8.0},{"not_picked":["Cloak And Dagger","Prepared"],"picked":"Sucker Punch","floor":10.0},{"not_picked":["Concentrate","Poisoned Stab"],"picked":"Flying Knee","floor":11.0},{"not_picked":["Deadly Poison","Concentrate"],"picked":"PiercingWail","floor":13.0},{"not_picked":["Catalyst","Deadly Poison"],"picked":"Outmaneuver","floor":14.0},{"not_picked":["Burst","After Image"],"picked":"Die Die Die","floor":16.0},{"not_picked":["Sucker Punch","Catalyst"],"picked":"Acrobatics","floor":18.0},{"not_picked":["Outmaneuver","Cloak And Dagger"],"picked":"Flechettes","floor":19.0},{"not_picked":["Setup","Cloak And Dagger"],"picked":"PiercingWail","floor":21.0},{"not_picked":["Outmaneuver","Blade Dance"],"picked":"Venomology","floor":24.0},{"not_picked":["Deadly Poison","Cloak And Dagger"],"picked":"Well Laid Plans","floor":25.0},{"not_picked":["Heel Hook","Deflect"],"picked":"Dagger Throw","floor":28.0},{"not_picked":["Escape Plan","Deflect"],"picked":"A Thousand Cuts","floor":30.0},{"not_picked":["Dagger Spray","Heel Hook"],"picked":"Dagger Throw","floor":31.0},{"not_picked":["Adrenaline","Burst"],"picked":"After Image","floor":33.0},{"not_picked":["Sucker Punch","PiercingWail"],"picked":"Backflip","floor":34.0},{"not_picked":["Backflip","Slice"],"picked":"Reflex","floor":34.0},{"not_picked":["Dagger Spray","Setup"],"picked":"Deflect","floor":34.0},{"not_picked":["Riddle With Holes","Deadly Poison"],"picked":"Calculated Gamble","floor":34.0},{"not_picked":["Malaise","Dagger Throw"],"picked":"Backflip","floor":34.0},{"not_picked":["Poisoned Stab","Expertise"],"picked":"Acrobatics","floor":35.0},{"not_picked":["Dagger Throw","Sucker Punch"],"picked":"Cloak And Dagger","floor":38.0},{"not_picked":["Outmaneuver","Infinite Blades"],"picked":"PiercingWail","floor":41.0},{"not_picked":["Noxious Fumes","Prepared"],"picked":"Crippling Poison","floor":42.0},{"not_picked":["Deflect","Slice"],"picked":"Prepared","floor":44.0},{"not_picked":["Dodge and Roll","Flying Knee"],"picked":"Leg Sweep","floor":46.0},{"not_picked":["Night Terror","Sucker Punch"],"picked":"Crippling Poison","floor":47},{"not_picked":["Outmaneuver","Bouncing Flask"],"picked":"Choke","floor":48}],"player_experience":471843,"potions_floor_usage":[47,48,50,50,50],"damage_taken":[{"damage":0.0,"enemies":"Small Slimes","floor":1.0,"turns":4.0},{"damage":0.0,"enemies":"2 Louse","floor":3.0,"turns":3.0},{"damage":31.0,"enemies":"3 Sentries","floor":7.0,"turns":11.0},{"damage":0.0,"enemies":"Looter","floor":8.0,"turns":4.0},{"damage":6.0,"enemies":"Large Slime","floor":10.0,"turns":9.0},{"damage":10.0,"enemies":"Lagavulin","floor":11.0,"turns":9.0},{"damage":0.0,"enemies":"Lots of Slimes","floor":13.0,"turns":3.0},{"damage":20.0,"enemies":"Gremlin Nob","floor":14.0,"turns":4.0},{"damage":11.0,"enemies":"The Guardian","floor":16.0,"turns":16.0},{"damage":5.0,"enemies":"Spheric Guardian","floor":18.0,"turns":6.0},{"damage":12.0,"enemies":"2 Thieves","floor":19.0,"turns":4.0},{"damage":4.0,"enemies":"Masked Bandits","floor":21.0,"turns":4.0},{"damage":0.0,"enemies":"Slavers","floor":24.0,"turns":3.0},{"damage":1.0,"enemies":"Snake Plant","floor":25.0,"turns":5.0},{"damage":10.0,"enemies":"Book of Stabbing","floor":28.0,"turns":6.0},{"damage":0.0,"enemies":"Chosen and Byrds","floor":30.0,"turns":3.0},{"damage":0.0,"enemies":"Slavers","floor":31.0,"turns":3.0},{"damage":0.0,"enemies":"Champ","floor":33.0,"turns":11.0},{"damage":0.0,"enemies":"3 Darklings","floor":35.0,"turns":5.0},{"damage":0.0,"enemies":"Orb Walker","floor":38.0,"turns":4.0},{"damage":0.0,"enemies":"3 Darklings","floor":41.0,"turns":3.0},{"damage":0.0,"enemies":"4 Shapes","floor":42.0,"turns":4.0},{"damage":0.0,"enemies":"Maw","floor":44.0,"turns":8.0},{"damage":0.0,"enemies":"Nemesis","floor":46.0,"turns":7.0},{"damage":0,"enemies":"3 Darklings","floor":47,"turns":4},{"damage":0,"enemies":"Mysterious Sphere","floor":48,"turns":4},{"damage":104,"enemies":"Time Eater","floor":50,"turns":13}],"event_choices":[{"event_name":"Golden Wing","player_choice":"Gained Gold","floor":2.0,"damage_taken":0.0},{"event_name":"Golden Idol","player_choice":"Take Wound","floor":4.0,"damage_taken":0.0},{"event_name":"Masked Bandits","player_choice":"Fought over 86 gold","floor":21.0,"damage_taken":0.0},{"event_name":"The Mausoleum","player_choice":"Yes","floor":22.0,"damage_taken":0.0},{"event_name":"Winding Halls","player_choice":"Embrace Madness","floor":36.0,"damage_taken":0.0},{"event_name":"Transmorgrifier","player_choice":"Transform","floor":39.0,"damage_taken":0.0},{"event_name":"Mysterious Sphere","player_choice":"Fight","floor":48,"damage_taken":0}],"boss_relics":[],"potions_floor_spawned":[7,8,13,14,16,21,28,33,35,44,46,47],"seed_played":"-517614324347864739","killed_by":"Time Eater","ascension_level":5,"is_trial":false}