{"gold_per_floor":[113,132,12,23,43,43,54,54,134,146,161,111,111,124,124,124],"floor_reached":16,"playtime":2345,"items_purged":["Strike_G"],"score":96,"play_id":"4ae0f6d4-2330-4961-9633-57b762c64e18","local_time":"20190127143118","is_ascension_mode":false,"campfire_choices":[{"data":"Underhanded Strike","floor":6,"key":"SMITH"},{"data":"Slice","floor":8,"key":"SMITH"},{"data":"Acrobatics","floor":15,"key":"SMITH"}],"neow_cost":"NONE","seed_source_timestamp":70698239065300,"circlet_count":0,"master_deck":["Defend_G","Defend_G","Defend_G","Defend_G","Defend_G","Strike_G","Strike_G","Strike_G","Survivor","Neutralize","Dash","Predator","Underhanded Strike+1","Slice+1","Backflip","Eviscerate","Acrobatics+1"],"relics":["Ring of the Snake","Matryoshka"],"potions_floor_usage":[7,11,16],"damage_taken":[{"damage":1,"enemies":"Cultist","floor":1,"turns":4},{"damage":0,"enemies":"Jaw Worm","floor":2,"turns":4},{"damage":0,"enemies":"2 Louse","floor":4,"turns":2},{"damage":0,"enemies":"Blue Slaver","floor":5,"turns":4},{"damage":0,"enemies":"Large Slime","floor":7,"turns":4},{"damage":0,"enemies":"Exordium Wildlife","floor":10,"turns":6},{"damage":9,"enemies":"3 Louse","floor":11,"turns":3},{"damage":0,"enemies":"Blue Slaver","floor":14,"turns":3},{"damage":77,"enemies":"Hexaghost","floor":16,"turns":14}],"seed_played":"1183368609955229806","potions_obtained":[{"floor":1,"key":"Swift Potion"},{"floor":2,"key":"Regen Potion"},{"floor":11,"key":"Energy Potion"}],"is_trial":false,"path_per_floor":["M","M","$","M","M","R","M","R","T","M","M","?","?","M","R","B"],"character_chosen":"THE_SILENT","items_purchased":["Underhanded Strike"],"campfire_rested":0,"item_purchase_floors":[3],"current_hp_per_floor":[76,76,76,76,76,76,76,76,76,76,72,72,77,77,77,0],"gold":124,"neow_bonus":"TEN_PERCENT_HP_BONUS","is_prod":false,"is_daily":false,"chose_seed":false,"campfire_upgraded":3,"win_rate":0.0,"timestamp":1548617478,"path_taken":["M","?","$","M","?","R","M","R","T","M","M","?","?","M","R","BOSS"],"build_version":"2019-01-23","purchased_purges":1,"victory":false,"max_hp_per_floor":[77,77,77,77,77,77,77,77,77,77,77,77,82,82,82,82],"card_choices":[{"not_picked":["Finisher","Acrobatics"],"picked":"Dash","floor":1},{"not_picked":["Deflect","Slice"],"picked":"Predator","floor":2},{"not_picked":["Backflip","Poisoned Stab"],"picked":"Slice","floor":4},{"not_picked":["Catalyst","Envenom"],"picked":"Backflip","floor":5},{"not_picked":["Bane","PiercingWail","Backflip"],"picked":"SKIP","floor":7},{"not_picked":["PiercingWail","Dodge and Roll"],"picked":"Eviscerate","floor":10},{"not_picked":["Deadly Poison","Blur"],"picked":"Acrobatics","floor":11},{"not_picked":["Underhanded Strike","Terror","Dodge and Roll"],"picked":"SKIP","floor":14}],"player_experience":99136,"relics_obtained":[{"floor":9,"key":"Matryoshka"}],"event_choices":[{"cards_removed":["Strike_G"],"damage_healed":0,"gold_gain":0,"player_choice":"Card Removal","damage_taken":0,"max_hp_gain":0,"max_hp_loss":0,"event_name":"The Cleric","floor":12,"gold_loss":50},{"damage_healed":0,"gold_gain":0,"player_choice":"Donut","damage_taken":0,"max_hp_gain":5,"max_hp_loss":0,"event_name":"Big Fish","floor":13,"gold_loss":0}],"is_beta":false,"boss_relics":[],"items_purged_floors":[3],"is_endless":false,"potions_floor_spawned":[1,2,11],"killed_by":"Hexaghost","ascension_level":0}