{"gold_per_floor":[117,292,20,20,39,74,74,86,109,121,133,166,166,176,176,176],"floor_reached":16,"playtime":4667,"items_purged":["Doubt"],"score":206,"play_id":"cc959eb3-d712-468b-ad59-46352e987e91","local_time":"20181127105317","is_ascension_mode":true,"campfire_choices":[{"data":"Accuracy","floor":7,"key":"SMITH"},{"floor":13,"key":"REST"},{"data":"Blade Dance","floor":15,"key":"SMITH"}],"neow_cost":"NONE","seed_source_timestamp":821871935468944,"circlet_count":0,"master_deck":["AscendersBane","Defend_G","Defend_G","Defend_G","Defend_G","Strike_G","Strike_G","Strike_G","Strike_G","Strike_G","Survivor","Neutralize","Blade Dance+1","Dagger Spray","Crippling Poison","Accuracy+1","Backflip","Cloak And Dagger","Sucker Punch","PiercingWail","Caltrops"],"relics":["Ring of the Snake","NeowsBlessing","Medical Kit","PreservedInsect","Art of War","Oddly Smooth Stone"],"potions_floor_usage":[10,12,12,12],"damage_taken":[{"damage":0,"enemies":"Small Slimes","floor":1,"turns":1},{"damage":0,"enemies":"2 Louse","floor":5,"turns":1},{"damage":0,"enemies":"Gremlin Nob","floor":6,"turns":1},{"damage":0,"enemies":"Cultist","floor":8,"turns":4},{"damage":5,"enemies":"3 Louse","floor":10,"turns":3},{"damage":23,"enemies":"Large Slime","floor":11,"turns":6},{"damage":23,"enemies":"3 Sentries","floor":12,"turns":5},{"damage":0,"enemies":"Exordium Wildlife","floor":14,"turns":4},{"damage":30,"enemies":"Slime Boss","floor":16,"turns":6}],"seed_played":"-6894853679486337153","potions_obtained":[{"floor":1,"key":"Strength Potion"},{"floor":6,"key":"SpeedPotion"},{"floor":10,"key":"Regen Potion"},{"floor":11,"key":"Weak Potion"}],"is_trial":false,"path_per_floor":["M","?","$","?","M","E","R","M","T","M","M","E","R","M","R","B"],"character_chosen":"THE_SILENT","items_purchased":["Medical Kit"],"campfire_rested":1,"item_purchase_floors":[3],"current_hp_per_floor":[63,63,63,63,63,63,63,63,63,58,35,26,47,47,47,17],"gold":176,"neow_bonus":"THREE_ENEMY_KILL","is_prod":false,"is_daily":false,"chose_seed":false,"campfire_upgraded":2,"win_rate":0,"timestamp":1543312397,"path_taken":["M","?","$","?","M","E","R","M","T","M","?","E","R","M","R","BOSS"],"build_version":"2018-11-15","purchased_purges":1,"victory":false,"max_hp_per_floor":[70,70,70,70,70,70,70,70,70,70,70,70,70,70,70,70],"card_choices":[{"not_picked":["Endless Agony","Dagger Spray"],"picked":"Blade Dance","floor":1},{"not_picked":["Concentrate","Bane"],"picked":"Crippling Poison","floor":5},{"not_picked":["Backflip","Expertise"],"picked":"Accuracy","floor":6},{"not_picked":["Deflect","Blur"],"picked":"Backflip","floor":8},{"not_picked":["Terror","Dash"],"picked":"Cloak And Dagger","floor":10},{"not_picked":["Dagger Spray","Prepared"],"picked":"Sucker Punch","floor":11},{"not_picked":["Bane","Outmaneuver"],"picked":"PiercingWail","floor":12},{"not_picked":["Predator","Bane"],"picked":"Caltrops","floor":14}],"player_experience":1232538,"relics_obtained":[{"floor":6,"key":"PreservedInsect"},{"floor":9,"key":"Art of War"},{"floor":12,"key":"Oddly Smooth Stone"}],"event_choices":[{"damage_healed":0,"gold_gain":175,"player_choice":"AGREE","damage_taken":0,"max_hp_gain":0,"max_hp_loss":0,"event_name":"Liars Game","floor":2,"gold_loss":0,"cards_obtained":["Doubt"]},{"damage_healed":0,"gold_gain":0,"cards_transformed":["Defend_G"],"player_choice":"Transformed","damage_taken":0,"max_hp_gain":0,"max_hp_loss":0,"event_name":"Transmorgrifier","floor":4,"gold_loss":0,"cards_obtained":["Dagger Spray"]}],"is_beta":false,"boss_relics":[],"items_purged_floors":[3],"is_endless":false,"potions_floor_spawned":[1,6,10,11],"killed_by":"Slime Boss","ascension_level":10}