{"path_per_floor":["M","M","?","$","M","R","E","R","T","E","$","M","E","?","R","B",null,"M","?","?","M","?","E","M","?","T"],"character_chosen":"IRONCLAD","items_purchased":["Flex","Fire Potion"],"gold_per_floor":[116,136,136,61,74,74,105,105,105,133,59,70,99,99,99,204,204,224,139,139,154,79,113,133,133,133,133],"floor_reached":27,"campfire_rested":0,"playtime":782,"current_hp_per_floor":[72,70,70,70,70,70,66,66,66,61,61,67,71,71,71,70,82,57,57,57,44,44,23,15,15,15,0],"items_purged":["Regret"],"gold":133,"score":274,"play_id":"35cf21a2-f08e-4783-a75a-af1b7508a124","local_time":"20180508174059","is_prod":false,"is_daily":false,"chose_seed":false,"is_ascension_mode":true,"campfire_upgraded":3,"timestamp":1525794059,"path_taken":["M","M","?","$","M","R","E","R","T","E","$","M","E","?","R","BOSS","M","?","?","M","?","E","?","?","T","M"],"build_version":"2018-05-03","seed_source_timestamp":405017162491196,"purchased_purges":1,"victory":false,"master_deck":["Strike_R","Strike_R","Strike_R","Defend_R","Defend_R","Bash+1","Bludgeon+1","Body Slam+1","Offering+1","Heavy Blade","Spot Weakness+1","Flex+1","Spot Weakness+1","Heavy Blade","Limit Break+1","Dual Wield+1","Entrench+1","Reckless Charge+1","Headbutt+1","Rage+1","Rage+1","Decay"],"max_hp_per_floor":[72,72,72,72,72,72,72,72,72,82,82,82,82,82,82,82,82,82,82,82,82,82,82,82,82,82,82],"relics":["Burning Blood","Shuriken","Toxic Egg 2","Self Forming Clay","Pear","Oddly Smooth Stone","Astrolabe","Red Skull","Happy Flower","Ornamental Fan","Question Card"],"card_choices":[{"not_picked":["Dark Embrace","Barricade"],"picked":"Bludgeon","floor":0},{"not_picked":["Clothesline","Wild Strike"],"picked":"Body Slam","floor":1},{"not_picked":["Cleave","Flex"],"picked":"Offering","floor":2},{"not_picked":["Clothesline","Clash"],"picked":"Heavy Blade","floor":5},{"not_picked":["Heavy Blade","Disarm"],"picked":"Spot Weakness","floor":7},{"not_picked":["Iron Wave","Clash"],"picked":"Spot Weakness","floor":12},{"not_picked":["Hemokinesis","Anger"],"picked":"Heavy Blade","floor":13},{"not_picked":["Brutality","Immolate"],"picked":"Limit Break","floor":16},{"not_picked":["Iron Wave","Body Slam"],"picked":"Headbutt","floor":18},{"not_picked":["Dropkick","Shrug It Off"],"picked":"Rage","floor":21},{"not_picked":["Clothesline","Iron Wave"],"picked":"Rage","floor":24}],"player_experience":421698,"potions_floor_usage":[10,13,16,16,16,18],"damage_taken":[{"damage":4,"enemies":"Small Slimes","floor":1,"turns":2},{"damage":8,"enemies":"2 Louse","floor":2,"turns":3},{"damage":6,"enemies":"Jaw Worm","floor":5,"turns":2},{"damage":10,"enemies":"3 Sentries","floor":7,"turns":5},{"damage":21,"enemies":"Lagavulin","floor":10,"turns":4},{"damage":0,"enemies":"2 Fungi Beasts","floor":12,"turns":2},{"damage":2,"enemies":"Gremlin Nob","floor":13,"turns":3},{"damage":7,"enemies":"Slime Boss","floor":16,"turns":8},{"damage":31,"enemies":"3 Byrds","floor":18,"turns":5},{"damage":19,"enemies":"2 Thieves","floor":21,"turns":3},{"damage":27,"enemies":"Book of Stabbing","floor":23,"turns":3},{"damage":14,"enemies":"Snecko","floor":24,"turns":3},{"damage":25,"enemies":"Slaver and Parasite","floor":27,"turns":1}],"event_choices":[{"event_name":"Big Fish","player_choice":"Box","floor":3,"damage_taken":0},{"event_name":"Living Wall","player_choice":"Grow","floor":14,"damage_taken":0},{"event_name":"Addict","player_choice":"Obtained Relic","floor":19,"damage_taken":0},{"event_name":"The Mausoleum","player_choice":"Yes","floor":20,"damage_taken":0},{"event_name":"Beggar","player_choice":"Gave Gold","floor":22,"damage_taken":0},{"event_name":"Forgotten Altar","player_choice":"Smashed Altar","floor":25,"damage_taken":0}],"boss_relics":[{"not_picked":["Philosopher\u0027s Stone","Runic Pyramid"],"picked":"Astrolabe"}],"potions_floor_spawned":[7,10,12,13,16,23],"seed_played":"799671274620087036","killed_by":"Slaver and Parasite","ascension_level":2,"is_trial":false}