{"gold_per_floor":[117,82,102,102,63,63,74,100,100,100,100,112,112],"floor_reached":13,"playtime":388,"items_purged":[],"score":125,"play_id":"fee8b3a1-b702-46ad-a1f4-33dd669c9e9d","local_time":"20181109110138","is_ascension_mode":true,"campfire_choices":[{"data":"Fusion","floor":6,"key":"SMITH"},{"floor":10,"key":"REST"}],"neow_cost":"NONE","seed_source_timestamp":148725353488954,"circlet_count":0,"master_deck":["AscendersBane","Strike_B","Strike_B","Strike_B","Strike_B","Defend_B","Defend_B","Defend_B","Zap","Dualcast","Leap","Leap","Fusion+1","Rebound","Rainbow+1","Gash"],"relics":["Cracked Core","NeowsBlessing","Toxic Egg 2","Du-Vu Doll","Blood Vial"],"potions_floor_usage":[],"damage_taken":[{"damage":0,"enemies":"Small Slimes","floor":1,"turns":1},{"damage":0,"enemies":"Jaw Worm","floor":3,"turns":1},{"damage":0,"enemies":"Cultist","floor":7,"turns":1},{"damage":45,"enemies":"Lagavulin","floor":8,"turns":8},{"damage":34,"enemies":"Gremlin Gang","floor":12,"turns":5},{"damage":0,"enemies":"Exordium Thugs","floor":13,"turns":1}],"seed_played":"1524201542040680364","potions_obtained":[{"floor":12,"key":"Block Potion"}],"is_trial":false,"path_per_floor":["M","?","M","?","$","R","M","E","T","R","?","M","M"],"character_chosen":"DEFECT","items_purchased":["Fusion"],"campfire_rested":1,"item_purchase_floors":[5],"current_hp_per_floor":[68,75,75,68,68,68,68,23,23,45,45,13,15],"gold":112,"neow_bonus":"THREE_ENEMY_KILL","is_prod":false,"is_daily":false,"chose_seed":false,"campfire_upgraded":1,"win_rate":0,"timestamp":1541757698,"path_taken":["M","?","M","?","$","R","M","E","T","R","?","?","?"],"build_version":"2018-11-08","purchased_purges":0,"victory":false,"max_hp_per_floor":[75,75,75,75,75,75,75,75,75,75,75,75,75],"card_choices":[{"not_picked":["Barrage","Consume"],"picked":"Leap","floor":1},{"not_picked":["Barrage","Undo"],"picked":"Leap","floor":3},{"not_picked":["Self Repair","Go for the Eyes"],"picked":"Rebound","floor":7},{"not_picked":["Streamline","Conserve Battery"],"picked":"Rainbow","floor":8},{"not_picked":["Skim+1","Recycle+1"],"picked":"Gash","floor":12}],"player_experience":1148465,"relics_obtained":[{"floor":8,"key":"Toxic Egg 2"},{"floor":9,"key":"Du-Vu Doll"},{"floor":11,"key":"Blood Vial"}],"event_choices":[{"damage_healed":18,"gold_gain":0,"player_choice":"Healed","damage_taken":0,"max_hp_gain":0,"max_hp_loss":0,"event_name":"The Cleric","floor":2,"gold_loss":35},{"cards_removed":["Defend_B"],"damage_healed":0,"gold_gain":0,"player_choice":"Card Removal","damage_taken":7,"max_hp_gain":0,"max_hp_loss":0,"event_name":"Golden Wing","floor":4,"gold_loss":0},{"damage_healed":0,"gold_gain":0,"player_choice":"Relic","damage_taken":0,"max_hp_gain":0,"max_hp_loss":0,"event_name":"Wheel of Change","floor":11,"gold_loss":0}],"is_beta":false,"boss_relics":[],"items_purged_floors":[],"is_endless":false,"potions_floor_spawned":[12],"killed_by":"Exordium Thugs","ascension_level":10}