{"gold_per_floor":[15,15,15,15,35,61,61,79,151,151,180,238,238,256,256,256],"floor_reached":16,"playtime":1731,"items_purged":[],"score":151,"play_id":"423e4c9c-6e50-43ef-bb31-24f59ccee9d1","local_time":"20190120025754","is_ascension_mode":true,"campfire_choices":[{"data":"Dualcast","floor":7,"key":"SMITH"},{"floor":10,"key":"REST"},{"floor":15,"key":"REST"}],"neow_cost":"NO_GOLD","seed_source_timestamp":517779654363571,"circlet_count":0,"master_deck":["Strike_B","Strike_B","Strike_B","Defend_B","Defend_B","Defend_B","Defend_B","Zap","Dualcast+1","Cold Snap","Compile Driver","Reinforced Body","Coolheaded","Seek","Loop","Capacitor"],"special_seed":0,"relics":["Cracked Core","Emotion Chip","Potion Belt","Letter Opener","Nunchaku","The Courier"],"potions_floor_usage":[11,11,12,16],"damage_taken":[{"damage":7.0,"enemies":"Jaw Worm","floor":1.0,"turns":3.0},{"damage":9.0,"enemies":"2 Louse","floor":5.0,"turns":3.0},{"damage":21,"enemies":"3 Sentries","floor":6,"turns":8},{"damage":0,"enemies":"Cultist","floor":8,"turns":3},{"damage":24,"enemies":"Gremlin Nob","floor":11,"turns":6},{"damage":11,"enemies":"Gremlin Nob","floor":12,"turns":4},{"damage":2,"enemies":"2 Fungi Beasts","floor":14,"turns":3},{"damage":35,"enemies":"Hexaghost","floor":16,"turns":16}],"seed_played":"163652103086132207","potions_obtained":[{"floor":1.0,"key":"Weak Potion"},{"floor":6,"key":"SkillPotion"},{"floor":11,"key":"Weak Potion"},{"floor":12,"key":"SpeedPotion"}],"is_trial":false,"path_per_floor":["M","?","?","$","M","E","R","M","T","R","E","?","?","M","R","B"],"character_chosen":"DEFECT","items_purchased":[],"campfire_rested":2,"item_purchase_floors":[],"current_hp_per_floor":[61,61,54,54,45,24,24,24,24,46,22,11,11,9,31,0],"gold":256,"neow_bonus":"ONE_RARE_RELIC","is_prod":false,"is_daily":false,"chose_seed":false,"campfire_upgraded":1,"win_rate":0,"timestamp":1547920674,"path_taken":["M","?","?","?","M","E","R","?","T","R","E","?","?","M","R","BOSS"],"build_version":"2019-01-17v2","purchased_purges":0,"victory":false,"max_hp_per_floor":[75,75,75,75,75,75,75,75,75,75,75,75,75,75,75,75],"card_choices":[{"not_picked":["Aggregate","Ball Lightning"],"picked":"Cold Snap","floor":1.0},{"not_picked":["Rebound","Doom and Gloom"],"picked":"Compile Driver","floor":5.0},{"not_picked":["Barrage","Force Field"],"picked":"Reinforced Body","floor":6},{"not_picked":["Stack","Turbo"],"picked":"Coolheaded","floor":8},{"not_picked":["Beam Cell","Cold Snap"],"picked":"Seek","floor":11},{"not_picked":["Hologram","Coolheaded"],"picked":"Loop","floor":12},{"not_picked":["Genetic Algorithm","Static Discharge"],"picked":"Capacitor","floor":14}],"player_experience":402530,"relics_obtained":[{"floor":6,"key":"Potion Belt"},{"floor":9,"key":"Letter Opener"},{"floor":11,"key":"Nunchaku"},{"floor":12,"key":"The Courier"}],"event_choices":[{"damage_healed":0.0,"max_hp_gain":0.0,"max_hp_loss":0.0,"gold_gain":0.0,"event_name":"Liars Game","player_choice":"Ignored","floor":2.0,"gold_loss":0.0,"damage_taken":0.0},{"cards_removed":["Strike_B"],"damage_healed":0.0,"max_hp_gain":0.0,"max_hp_loss":0.0,"gold_gain":0.0,"event_name":"Golden Wing","player_choice":"Card Removal","floor":3.0,"gold_loss":0.0,"damage_taken":7.0},{"damage_healed":0,"gold_gain":30,"player_choice":"Searched \u00272\u0027 times","damage_taken":0,"max_hp_gain":0,"max_hp_loss":0,"event_name":"Dead Adventurer","floor":12,"gold_loss":0},{"damage_healed":0,"gold_gain":0,"player_choice":"Ignored","damage_taken":0,"max_hp_gain":0,"max_hp_loss":0,"event_name":"Shining Light","floor":13,"gold_loss":0}],"is_beta":false,"boss_relics":[],"items_purged_floors":[],"is_endless":false,"potions_floor_spawned":[1,6,11,12],"killed_by":"Hexaghost","ascension_level":8}