{"gold_per_floor":[117,117,117,217,45,45,62,62,62,62,62,62,93,103,103,177,177,194,70,70,88,24,24,38,38,38,48,48,66,98,148,148,148],"floor_reached":33,"playtime":1451,"items_purged":["Bloodletting"],"score":469,"play_id":"55968109-df9d-4be9-8725-b7fd13ab0a3a","local_time":"20190202120552","is_ascension_mode":true,"campfire_choices":[{"floor":6,"key":"REST"},{"data":"Iron Wave","floor":10,"key":"SMITH"},{"floor":12,"key":"REST"},{"data":"Bash","floor":15,"key":"SMITH"},{"data":"Body Slam","floor":23,"key":"SMITH"},{"data":"Rage","floor":25,"key":"SMITH"},{"floor":28,"key":"REST"},{"floor":32,"key":"REST"}],"neow_cost":"PERCENT_DAMAGE","seed_source_timestamp":13794118767821196,"circlet_count":0,"master_deck":["AscendersBane","Bash+1","Shrug It Off+1","Iron Wave+1","Warcry","Feed","Cleave","Juggernaut","Dropkick","Armaments","Sword Boomerang","Blood for Blood","Body Slam+1","Uppercut+1","Burning Pact","Rage+1","Evolve","Anger+1","Iron Wave"],"relics":["Burning Blood","Du-Vu Doll","Pen Nib","Ornamental Fan","FaceOfCleric","The Courier","Pandora\u0027s Box","Paper Frog","Whetstone"],"potions_floor_usage":[13,16,33],"damage_taken":[{"damage":0,"enemies":"Small Slimes","floor":1,"turns":4},{"damage":4,"enemies":"2 Louse","floor":7,"turns":2},{"damage":20,"enemies":"Lagavulin","floor":13,"turns":6},{"damage":0,"enemies":"Cultist","floor":14,"turns":3},{"damage":38,"enemies":"Slime Boss","floor":16,"turns":10},{"damage":0,"enemies":"Chosen","floor":18,"turns":4},{"damage":4,"enemies":"Spheric Guardian","floor":21,"turns":4},{"damage":20,"enemies":"Centurion and Healer","floor":24,"turns":6},{"damage":33,"enemies":"Snake Plant","floor":27,"turns":4},{"damage":13,"enemies":"Shelled Parasite and Fungi","floor":29,"turns":4},{"damage":31,"enemies":"Gremlin Leader","floor":30,"turns":8},{"damage":113,"enemies":"Collector","floor":33,"turns":9}],"seed_played":"-5491907690546267328","potions_obtained":[{"floor":7,"key":"AttackPotion"},{"floor":14,"key":"LiquidBronze"},{"floor":24,"key":"GamblersBrew"}],"is_trial":false,"path_per_floor":["M","?","?","?","$","R","M","$","T","R","?","R","E","M","R","B",null,"M","$","?","M","$","R","M","R","T","M","R","M","E","?","R","B"],"character_chosen":"IRONCLAD","items_purchased":["Iron Wave","Pen Nib","Rage","Evolve"],"campfire_rested":4,"item_purchase_floors":[5,5,19,22],"current_hp_per_floor":[56,41,34,34,34,56,58,58,58,58,58,75,62,69,69,38,68,75,75,89,90,90,90,80,80,80,57,86,83,59,59,89,0],"gold":148,"neow_bonus":"ONE_RARE_RELIC","is_prod":false,"is_daily":false,"chose_seed":false,"campfire_upgraded":4,"win_rate":0,"timestamp":1549105552,"path_taken":["M","?","?","?","$","R","?","$","T","R","?","R","E","?","R","BOSS","M","$","?","M","?","R","M","R","T","?","R","M","E","?","R","BOSS"],"build_version":"2019-01-23","purchased_purges":1,"victory":false,"max_hp_per_floor":[75,75,75,75,75,75,75,75,75,75,75,75,76,77,77,78,78,79,79,89,90,90,90,94,94,94,98,98,102,103,103,103,103],"card_choices":[{"not_picked":["Headbutt","Rupture"],"picked":"Shrug It Off","floor":1},{"not_picked":["Havoc","Clothesline"],"picked":"Warcry","floor":7},{"not_picked":["Pommel Strike","Searing Blow"],"picked":"Feed","floor":13},{"not_picked":["Combust","True Grit"],"picked":"Cleave","floor":14},{"not_picked":["Brutality","Impervious"],"picked":"Juggernaut","floor":16},{"not_picked":["Warcry","Anger"],"picked":"Burning Pact","floor":18},{"not_picked":["Body Slam","Fire Breathing","Clothesline"],"picked":"SKIP","floor":21},{"not_picked":["Clash","Perfected Strike"],"picked":"Anger","floor":24},{"not_picked":["Searing Blow","Dual Wield+1","Flex"],"picked":"SKIP","floor":27},{"not_picked":["Anger","Shrug It Off","Sword Boomerang"],"picked":"SKIP","floor":29},{"not_picked":["Blood for Blood","Twin Strike+1"],"picked":"Iron Wave","floor":30}],"player_experience":346067,"relics_obtained":[{"floor":9,"key":"Ornamental Fan"},{"floor":13,"key":"The Courier"},{"floor":26,"key":"Paper Frog"},{"floor":30,"key":"Whetstone"}],"event_choices":[{"damage_healed":0,"gold_gain":0,"player_choice":"Entered Light","damage_taken":15,"max_hp_gain":0,"max_hp_loss":0,"event_name":"Shining Light","floor":2,"gold_loss":0,"cards_upgraded":["Strike_R","Shrug It Off"]},{"cards_removed":["Defend_R"],"damage_healed":0,"gold_gain":0,"player_choice":"Card Removal","damage_taken":7,"max_hp_gain":0,"max_hp_loss":0,"event_name":"Golden Wing","floor":3,"gold_loss":0},{"damage_healed":0,"gold_gain":100,"player_choice":"Pray","damage_taken":0,"max_hp_gain":0,"max_hp_loss":0,"event_name":"Golden Shrine","floor":4,"gold_loss":0},{"damage_healed":0,"gold_gain":0,"player_choice":"Trade","damage_taken":0,"relics_obtained":["FaceOfCleric"],"max_hp_gain":0,"max_hp_loss":0,"event_name":"FaceTrader","floor":11,"gold_loss":0},{"cards_removed":["Offering"],"damage_healed":4,"gold_gain":0,"player_choice":"Offered Rare","damage_taken":0,"max_hp_gain":10,"max_hp_loss":0,"event_name":"Bonfire Elementals","floor":20,"gold_loss":0},{"damage_healed":0,"gold_gain":100,"player_choice":"Bet on Murderer","damage_taken":0,"max_hp_gain":0,"max_hp_loss":0,"event_name":"The Joust","floor":31,"gold_loss":50}],"is_beta":false,"boss_relics":[{"not_picked":["Runic Dome","White Beast Statue"],"picked":"Pandora\u0027s Box"}],"items_purged_floors":[19],"is_endless":false,"potions_floor_spawned":[7,14,24],"killed_by":"Collector","ascension_level":14}