{"gold_per_floor":[111,130,140,63,77,110,122,140,166,8,8,8,21,52,52,126,126,100,100,118,78,78,106,121,135,158,158,186,206,206,206,206,206],"floor_reached":33,"playtime":1735,"items_purged":["Strike_G"],"score":623,"play_id":"75d6f826-7813-40bd-ab9e-b5566beafd8e","local_time":"20190219204009","is_ascension_mode":true,"campfire_choices":[{"floor":11,"key":"REST"},{"data":"Caltrops","floor":15,"key":"SMITH"},{"floor":32,"key":"REST"}],"neow_cost":"NONE","seed_source_timestamp":59376489723426,"circlet_count":0,"master_deck":["AscendersBane","Defend_G","Defend_G","Defend_G","Defend_G","Defend_G","Survivor","Neutralize","Heel Hook","Flechettes","Dagger Throw","Footwork","Caltrops+1","Cloak And Dagger","Leg Sweep","Dash","Dagger Spray","Backstab","Unload","Night Terror","Dash","Bite","Bite","Bite","Bite","Bite","Adrenaline","Footwork","Noxious Fumes","Backflip"],"relics":["Ring of the Snake","Bag of Preparation","Tough Bandages","Snecko Eye","Ancient Tea Set","Oddly Smooth Stone","Lantern","MutagenicStrength","Kunai"],"potions_floor_usage":[5,6,6,14,16,25,28,28],"damage_taken":[{"damage":0,"enemies":"Cultist","floor":1,"turns":4},{"damage":7,"enemies":"Jaw Worm","floor":2,"turns":3},{"damage":0,"enemies":"2 Louse","floor":3,"turns":3},{"damage":10,"enemies":"Exordium Thugs","floor":5,"turns":5},{"damage":23,"enemies":"Lagavulin","floor":6,"turns":17},{"damage":1,"enemies":"3 Louse","floor":7,"turns":4},{"damage":11,"enemies":"2 Fungi Beasts","floor":8,"turns":5},{"damage":0,"enemies":"Looter","floor":13,"turns":4},{"damage":22,"enemies":"Gremlin Nob","floor":14,"turns":5},{"damage":16,"enemies":"Hexaghost","floor":16,"turns":15},{"damage":12,"enemies":"2 Thieves","floor":18,"turns":4},{"damage":16,"enemies":"Spheric Guardian","floor":20,"turns":4},{"damage":37,"enemies":"Slavers","floor":23,"turns":12},{"damage":22,"enemies":"Snake Plant","floor":24,"turns":7},{"damage":2,"enemies":"Cultist and Chosen","floor":25,"turns":7},{"damage":22,"enemies":"Gremlin Leader","floor":28,"turns":5},{"damage":11,"enemies":"Snecko","floor":29,"turns":8},{"damage":59,"enemies":"Collector","floor":33,"turns":9}],"seed_played":"-6825031507159331803","potions_obtained":[{"floor":2,"key":"AttackPotion"},{"floor":3,"key":"Ancient Potion"},{"floor":5,"key":"SpeedPotion"},{"floor":8,"key":"GhostInAJar"},{"floor":14,"key":"Regen Potion"},{"floor":18,"key":"GhostInAJar"},{"floor":25,"key":"Energy Potion"},{"floor":28,"key":"PowerPotion"}],"is_trial":false,"path_per_floor":["M","M","M","$","M","E","M","M","T","$","R","$","M","E","R","B",null,"M","?","M","$","?","E","M","M","T","?","E","M","?","T","R","B"],"character_chosen":"THE_SILENT","items_purchased":["Caltrops","Dagger Spray","SteroidPotion","Footwork"],"campfire_rested":2,"item_purchase_floors":[4,10,10,21],"current_hp_per_floor":[59,52,52,52,42,19,18,7,7,7,26,26,28,8,8,9,52,42,42,36,36,36,19,5,11,11,24,14,9,9,9,28,0],"gold":206,"neow_bonus":"TRANSFORM_CARD","is_prod":false,"is_daily":false,"chose_seed":false,"campfire_upgraded":1,"win_rate":0,"timestamp":1550626809,"path_taken":["M","M","M","$","M","E","?","M","T","?","R","$","M","E","R","BOSS","M","?","M","$","?","E","?","M","T","?","E","M","?","?","R","BOSS"],"build_version":"2019-01-23","purchased_purges":1,"victory":false,"max_hp_per_floor":[66,66,66,66,66,66,66,66,66,66,66,66,66,66,66,66,66,66,66,66,66,66,66,66,66,66,66,66,66,66,66,66,66],"card_choices":[{"not_picked":["Acrobatics","Escape Plan"],"picked":"Flechettes","floor":1},{"not_picked":["Flechettes","Finisher"],"picked":"Dagger Throw","floor":2},{"not_picked":["Quick Slash","PiercingWail"],"picked":"Footwork","floor":3},{"not_picked":["Acrobatics","Reflex"],"picked":"Cloak And Dagger","floor":5},{"not_picked":["Outmaneuver","Reflex"],"picked":"Leg Sweep","floor":6},{"not_picked":["Heel Hook","Blur"],"picked":"Dash","floor":7},{"not_picked":["Slice","Underhanded Strike","Blade Dance"],"picked":"SKIP","floor":8},{"not_picked":["Infinite Blades","Cloak And Dagger"],"picked":"Backstab","floor":13},{"not_picked":["Underhanded Strike","Blade Dance"],"picked":"Unload","floor":14},{"not_picked":["A Thousand Cuts","Tools of the Trade"],"picked":"Night Terror","floor":16},{"not_picked":["Blade Dance","Backstab"],"picked":"Dash","floor":18},{"not_picked":["Blade Dance","Dodge and Roll+1"],"picked":"Adrenaline","floor":20},{"not_picked":["PiercingWail","Leg Sweep"],"picked":"Noxious Fumes","floor":23},{"not_picked":["Accuracy","Underhanded Strike","Skewer"],"picked":"SKIP","floor":24},{"not_picked":["Underhanded Strike","Dodge and Roll"],"picked":"Backflip","floor":25},{"not_picked":["Poisoned Stab","Sucker Punch","Underhanded Strike"],"picked":"SKIP","floor":28},{"not_picked":["Dagger Spray","Blade Dance","Quick Slash"],"picked":"SKIP","floor":29}],"player_experience":1235150,"relics_obtained":[{"floor":6,"key":"Bag of Preparation"},{"floor":9,"key":"Blood Vial"},{"floor":14,"key":"Tough Bandages"},{"floor":23,"key":"Ancient Tea Set"},{"floor":26,"key":"Oddly Smooth Stone"},{"floor":28,"key":"Lantern"},{"floor":31,"key":"Kunai"}],"event_choices":[{"damage_healed":0,"gold_gain":0,"player_choice":"Became a vampire (Vial)","damage_taken":0,"max_hp_gain":0,"max_hp_loss":0,"event_name":"Vampires","floor":19,"relics_lost":["Blood Vial"],"gold_loss":0,"cards_obtained":["Bite","Bite","Bite","Bite","Bite"]},{"damage_healed":0,"gold_gain":0,"player_choice":"Ignored","damage_taken":0,"max_hp_gain":0,"max_hp_loss":0,"event_name":"N\u0027loth","floor":22,"gold_loss":0},{"damage_healed":13,"gold_gain":0,"player_choice":"Heal","damage_taken":0,"max_hp_gain":0,"max_hp_loss":0,"event_name":"The Library","floor":27,"gold_loss":0},{"damage_healed":0,"gold_gain":0,"player_choice":"Inject Mutagens","damage_taken":0,"relics_obtained":["MutagenicStrength"],"max_hp_gain":0,"max_hp_loss":0,"event_name":"Drug Dealer","floor":30,"gold_loss":0}],"is_beta":false,"boss_relics":[{"not_picked":["Cursed Key","Fusion Hammer"],"picked":"Snecko Eye"}],"items_purged_floors":[10],"is_endless":false,"potions_floor_spawned":[2,3,5,8,14,18,24,25,28],"killed_by":"Collector","ascension_level":20}