{"path_per_floor":["M","?","M","$","M","E","M","E","T","R","M","M","R","?","R","B",null,"M","T","T","$","M"],"character_chosen":"IRONCLAD","items_purchased":["Charon\u0027s Ashes","Havoc","Warcry","Matryoshka","Fire Potion"],"gold_per_floor":[115,365,375,8,21,56,68,94,148,148,167,186,186,186,186,286,286,301,354,377,3,21,21],"floor_reached":23,"campfire_rested":3,"playtime":805,"item_purchase_floors":[4,21,21,21,21],"current_hp_per_floor":[80,80,78,78,77,44,44,12,12,36,34,31,55,52,76,38,70,43,43,43,43,38,2],"items_purged":["Regret"],"gold":21,"score":251,"play_id":"782dfa0e-460a-481e-8237-060a662e9e3b","local_time":"20180525111331","is_prod":false,"is_daily":false,"chose_seed":false,"is_ascension_mode":true,"campfire_upgraded":0,"win_rate":0,"timestamp":1527239611,"campfire_choices":[{"floor":10,"key":"REST"},{"floor":13,"key":"REST"},{"floor":15,"key":"REST"}],"path_taken":["M","?","M","?","M","E","M","E","T","R","M","M","R","?","R","BOSS","M","?","?","$","?","E"],"build_version":"2018-05-24","seed_source_timestamp":89627018611921,"purchased_purges":1,"victory":false,"master_deck":["Strike_R","Strike_R","Strike_R","Strike_R","Strike_R","Defend_R","Defend_R+1","Defend_R","Defend_R+1","Bash","Sentinel","Shockwave","Pommel Strike","Sword Boomerang","True Grit","True Grit","Twin Strike","Pommel Strike","Warcry","Barricade","Perfected Strike","Havoc","Warcry","Sword Boomerang+1"],"max_hp_per_floor":[80,80,80,80,80,80,80,80,80,80,80,80,80,80,80,80,80,80,80,80,80,80,80],"relics":["Burning Blood","War Paint","Charon\u0027s Ashes","Bronze Scales","Dream Catcher","Tiny Chest","Vajra","Black Star","Happy Flower","Regal Pillow","Matryoshka"],"card_choices":[{"not_picked":["Reckless Charge","Entrench"],"picked":"Sentinel","floor":1},{"not_picked":["Clothesline","Headbutt"],"picked":"Shockwave","floor":3},{"not_picked":["Twin Strike","Pummel"],"picked":"Pommel Strike","floor":5},{"not_picked":["Dual Wield","Armaments"],"picked":"Sword Boomerang","floor":6},{"not_picked":["Sword Boomerang","Combust"],"picked":"True Grit","floor":7},{"not_picked":["Second Wind","Bloodletting"],"picked":"True Grit","floor":8},{"not_picked":["Searing Blow","Dual Wield"],"picked":"Twin Strike","floor":11},{"not_picked":["Clothesline","Iron Wave"],"picked":"Pommel Strike","floor":12},{"not_picked":["Fire Breathing","Heavy Blade"],"picked":"Warcry","floor":15},{"not_picked":["Impervious","Berserk"],"picked":"Barricade","floor":16},{"not_picked":["Wild Strike","Uppercut"],"picked":"Perfected Strike","floor":18},{"not_picked":["Fire Breathing","Twin Strike"],"picked":"Sword Boomerang+1","floor":22}],"player_experience":514154,"potions_floor_usage":[6,7,16,22,23],"damage_taken":[{"damage":1,"enemies":"2 Louse","floor":1,"turns":3},{"damage":8,"enemies":"Cultist","floor":3,"turns":4},{"damage":7,"enemies":"Jaw Worm","floor":5,"turns":4},{"damage":39,"enemies":"Gremlin Nob","floor":6,"turns":5},{"damage":6,"enemies":"Exordium Thugs","floor":7,"turns":5},{"damage":38,"enemies":"Lagavulin","floor":8,"turns":8},{"damage":8,"enemies":"Large Slime","floor":11,"turns":5},{"damage":9,"enemies":"3 Louse","floor":12,"turns":3},{"damage":44,"enemies":"Hexaghost","floor":16,"turns":9},{"damage":33,"enemies":"Shell Parasite","floor":18,"turns":7},{"damage":11,"enemies":"2 Thieves","floor":22,"turns":3},{"damage":36,"enemies":"Book of Stabbing","floor":23,"turns":4}],"relics_obtained":[{"floor":6,"key":"Bronze Scales"},{"floor":8,"key":"Dream Catcher"},{"floor":9,"key":"Tiny Chest"},{"floor":19,"key":"Happy Flower"},{"floor":20,"key":"Regal Pillow"}],"event_choices":[{"event_name":"Golden Shrine","player_choice":"Desecrate","floor":2,"damage_taken":0},{"event_name":"Scrap Ooze","player_choice":"success","floor":14,"damage_taken":3}],"boss_relics":[{"not_picked":["Orrery","Mark of Pain"],"picked":"Black Star"}],"items_purged_floors":[4],"potions_floor_spawned":[1,6,8,11,12,22],"seed_played":"-4371790550672278418","killed_by":"Book of Stabbing","ascension_level":5,"potions_obtained":[{"floor":1,"key":"GamblersBrew"},{"floor":6,"key":"Energy Potion"},{"floor":8,"key":"SteroidPotion"},{"floor":11,"key":"SteroidPotion"},{"floor":12,"key":"GamblersBrew"},{"floor":22,"key":"PowerPotion"}],"is_trial":false}