{"gold_per_floor":[110,122,142,292,292,292,312,322,401,430,18,48,68,88,88,162,162,139,159,159],"floor_reached":20,"playtime":879,"items_purged":[],"score":376,"play_id":"87b7953b-6d13-4019-8384-fb3e076e3ca5","local_time":"20181214003013","is_ascension_mode":true,"campfire_choices":[{"data":"Neutralize","floor":6.0,"key":"SMITH"},{"data":"Noxious Fumes","floor":15.0,"key":"SMITH"}],"neow_cost":"NONE","seed_source_timestamp":436257336885187,"circlet_count":0,"master_deck":["AscendersBane","Defend_G","Defend_G","Defend_G","Defend_G","Defend_G","Strike_G","Strike_G","Strike_G","Survivor","Neutralize+1","Dagger Throw","Cloak And Dagger","Burst","Poisoned Stab","Noxious Fumes+1","Dodge and Roll","Bouncing Flask","Wraith Form v2","Backflip","Well Laid Plans"],"special_seed":0,"relics":["Ring of the Snake","Meat on the Bone","Peace Pipe","Mummified Hand","Blood Vial","Empty Cage"],"potions_floor_usage":[],"damage_taken":[{"damage":2.0,"enemies":"2 Louse","floor":1.0,"turns":3.0},{"damage":13.0,"enemies":"Jaw Worm","floor":2.0,"turns":7.0},{"damage":0.0,"enemies":"Cultist","floor":3.0,"turns":4.0},{"damage":1.0,"enemies":"Blue Slaver","floor":7.0,"turns":6.0},{"damage":10.0,"enemies":"Exordium Wildlife","floor":8.0,"turns":5.0},{"damage":36.0,"enemies":"Gremlin Nob","floor":10.0,"turns":7.0},{"damage":14.0,"enemies":"Lagavulin","floor":12.0,"turns":8.0},{"damage":4.0,"enemies":"Exordium Thugs","floor":13.0,"turns":4.0},{"damage":4.0,"enemies":"3 Louse","floor":14.0,"turns":3.0},{"damage":18.0,"enemies":"Hexaghost","floor":16.0,"turns":9.0},{"damage":22.0,"enemies":"2 Thieves","floor":18.0,"turns":4.0},{"damage":24.0,"enemies":"Shell Parasite","floor":19.0,"turns":6.0},{"damage":19,"enemies":"Centurion and Healer","floor":20,"turns":9}],"seed_played":"2766811076859834061","potions_obtained":[{"floor":0.0,"key":"Regen Potion"},{"floor":0.0,"key":"GamblersBrew"},{"floor":1.0,"key":"PowerPotion"},{"floor":10.0,"key":"FearPotion"},{"floor":12.0,"key":"SkillPotion"},{"floor":14.0,"key":"EssenceOfSteel"}],"is_trial":false,"path_per_floor":["M","M","M","?","?","R","M","M","T","E","$","E","M","M","R","B",null,"M","M","M"],"character_chosen":"THE_SILENT","items_purchased":["Noxious Fumes","Mummified Hand","PowerPotion"],"campfire_rested":0,"item_purchase_floors":[11,11,11],"current_hp_per_floor":[57,59,59,59,59,59,58,48,48,24,24,22,32,42,42,38,59,39,29,12],"gold":159,"neow_bonus":"THREE_SMALL_POTIONS","is_prod":false,"is_daily":false,"chose_seed":false,"campfire_upgraded":2,"win_rate":0,"timestamp":1544765413,"path_taken":["M","M","M","?","?","R","M","M","T","E","$","E","M","M","R","BOSS","M","M","?"],"build_version":"2018-12-13","purchased_purges":0,"victory":false,"max_hp_per_floor":[66,66,66,66,66,66,66,66,66,66,66,66,66,66,66,66,66,66,66,66],"card_choices":[{"not_picked":["Sucker Punch","Prepared"],"picked":"Dagger Throw","floor":1.0},{"not_picked":["Tactician","Deflect"],"picked":"Cloak And Dagger","floor":2.0},{"not_picked":["Acrobatics","Flechettes","Concentrate"],"picked":"SKIP","floor":3.0},{"not_picked":["Riddle With Holes","Prepared"],"picked":"Burst","floor":7.0},{"not_picked":["Underhanded Strike","Flying Knee","Outmaneuver"],"picked":"SKIP","floor":8.0},{"not_picked":["Flying Knee","Bane"],"picked":"Poisoned Stab","floor":10.0},{"not_picked":["Masterful Stab","Reflex"],"picked":"Dodge and Roll","floor":12.0},{"not_picked":["Dagger Throw","Flechettes"],"picked":"Bouncing Flask","floor":13.0},{"not_picked":["Sucker Punch","Reflex","Bane"],"picked":"SKIP","floor":14.0},{"not_picked":["Phantasmal Killer","Grand Finale"],"picked":"Wraith Form v2","floor":16.0},{"not_picked":["Heel Hook","Dodge and Roll"],"picked":"Backflip","floor":18.0},{"not_picked":["Dagger Throw","Calculated Gamble"],"picked":"Well Laid Plans","floor":19.0}],"player_experience":1219564,"relics_obtained":[{"floor":9.0,"key":"Meat on the Bone"},{"floor":10.0,"key":"Peace Pipe"},{"floor":12.0,"key":"Blood Vial"}],"event_choices":[{"damage_healed":0.0,"max_hp_gain":0.0,"max_hp_loss":0.0,"gold_gain":150.0,"event_name":"Liars Game","player_choice":"AGREE","floor":4.0,"gold_loss":0.0,"damage_taken":0.0,"cards_obtained":["Doubt"]},{"cards_removed":["Doubt"],"damage_healed":0.0,"max_hp_gain":0.0,"max_hp_loss":0.0,"gold_gain":0.0,"event_name":"Wheel of Change","player_choice":"Card Removal","floor":5.0,"gold_loss":0.0,"damage_taken":0.0}],"is_beta":true,"boss_relics":[{"not_picked":["Calling Bell","Busted Crown"],"picked":"Empty Cage"}],"items_purged_floors":[],"is_endless":false,"potions_floor_spawned":[1,10,12,14,16],"killed_by":"Centurion and Healer","ascension_level":20}