{"gold_per_floor":[217,317,330,280,280,307,307,68,68,68,18,36,53,81,81,81],"floor_reached":16,"playtime":756,"items_purged":["Defend_R","Strike_R"],"score":108,"play_id":"6815569a-8adb-4931-9eaa-ea183e514e82","local_time":"20190220141910","is_ascension_mode":false,"campfire_choices":[{"floor":10,"key":"REST"},{"data":"Bash","floor":15,"key":"SMITH"}],"neow_cost":"NONE","seed_source_timestamp":245388829277800,"circlet_count":0,"master_deck":["Strike_R","Strike_R","Defend_R","Defend_R","Bash+1"],"relics":["Burning Blood","Anchor","Membership Card","Question Card","Dream Catcher"],"potions_floor_usage":[6,14,16],"damage_taken":[{"damage":6,"enemies":"Jaw Worm","floor":1,"turns":3},{"damage":6,"enemies":"Cultist","floor":3,"turns":3},{"damage":53,"enemies":"3 Sentries","floor":6,"turns":13},{"damage":0,"enemies":"Small Slimes","floor":12,"turns":3},{"damage":6,"enemies":"3 Louse","floor":13,"turns":3},{"damage":19,"enemies":"Gremlin Nob","floor":14,"turns":5},{"damage":45,"enemies":"Hexaghost","floor":16,"turns":9}],"seed_played":"1160488323062790726","potions_obtained":[{"floor":3,"key":"Dexterity Potion"},{"floor":12,"key":"Block Potion"},{"floor":14,"key":"FearPotion"}],"is_trial":false,"path_per_floor":["M","?","M","?","?","E","?","$","T","R","$","M","M","E","R","B"],"character_chosen":"IRONCLAD","items_purchased":["Membership Card"],"campfire_rested":1,"item_purchase_floors":[8],"current_hp_per_floor":[80,80,80,80,80,33,26,26,26,50,50,56,56,43,43,0],"gold":81,"neow_bonus":"HUNDRED_GOLD","is_prod":false,"is_daily":false,"chose_seed":false,"campfire_upgraded":1,"win_rate":0,"timestamp":1550690350,"path_taken":["M","?","?","?","?","E","?","?","T","R","$","M","M","E","R","BOSS"],"build_version":"2019-01-23","purchased_purges":2,"victory":false,"max_hp_per_floor":[80,80,80,80,80,80,80,80,80,80,80,80,80,80,80,80],"card_choices":[{"not_picked":["Iron Wave","Uppercut","Body Slam"],"picked":"SKIP","floor":1},{"not_picked":["Rampage","Uppercut","Disarm"],"picked":"SKIP","floor":3},{"not_picked":["Perfected Strike","Sword Boomerang","Bloodletting"],"picked":"SKIP","floor":6},{"not_picked":["True Grit","Combust","Sever Soul","Body Slam"],"picked":"SKIP","floor":12},{"not_picked":["Clothesline","Fire Breathing","Ghostly Armor","Cleave"],"picked":"SKIP","floor":13},{"not_picked":["Metallicize","Barricade","Havoc","Heavy Blade"],"picked":"SKIP","floor":14}],"player_experience":1249408,"relics_obtained":[{"floor":6,"key":"Anchor"},{"floor":9,"key":"Question Card"},{"floor":14,"key":"Dream Catcher"}],"event_choices":[{"damage_healed":0,"gold_gain":100,"player_choice":"Pray","damage_taken":0,"max_hp_gain":0,"max_hp_loss":0,"event_name":"Golden Shrine","floor":2,"gold_loss":0},{"cards_removed":["Strike_R"],"damage_healed":0,"gold_gain":0,"player_choice":"Card Removal","damage_taken":0,"max_hp_gain":0,"max_hp_loss":0,"event_name":"The Cleric","floor":4,"gold_loss":50},{"cards_removed":["Defend_R"],"damage_healed":0,"gold_gain":0,"player_choice":"Forget","damage_taken":0,"max_hp_gain":0,"max_hp_loss":0,"event_name":"Living Wall","floor":5,"gold_loss":0},{"cards_removed":["Strike_R"],"damage_healed":0,"gold_gain":0,"player_choice":"Card Removal","damage_taken":7,"max_hp_gain":0,"max_hp_loss":0,"event_name":"Golden Wing","floor":7,"gold_loss":0}],"is_beta":false,"boss_relics":[],"items_purged_floors":[8,11],"is_endless":false,"potions_floor_spawned":[3,12,14],"killed_by":"Hexaghost","ascension_level":0}