{"gold_per_floor":[114,189,189,199,374,374,408,141,141,196,69,80,94,108,108,207,207,227,227,227,227,227,227,258,258,258,258,25,37,37,37,37,37],"floor_reached":33,"playtime":795,"items_purged":["Regret","Doubt","Writhe"],"score":479,"play_id":"df23e73a-e26b-47ce-bc72-cf7d4e5fe298","local_time":"20190126123125","is_ascension_mode":true,"campfire_choices":[{"data":"Noxious Fumes","floor":6,"key":"SMITH"},{"floor":15,"key":"REST"},{"floor":25,"key":"REST"},{"floor":30,"key":"REST"},{"floor":32,"key":"RECALL"}],"neow_cost":"NONE","seed_source_timestamp":74771634936335,"circlet_count":0,"master_deck":["AscendersBane","Defend_G+1","Defend_G+1","Defend_G+1","Defend_G+1","Defend_G+1","Strike_G+1","Strike_G+1","Strike_G+1","Strike_G+1","Strike_G+1","Survivor","Neutralize","Skewer","Noxious Fumes+1","Adrenaline","Backstab","Blur+1","PiercingWail","Well Laid Plans","Expertise","Corpse Explosion","Backflip+1","Ghostly","Ghostly","Ghostly","Ghostly","Ghostly","Footwork","Footwork","Distraction"],"relics":["Ring of the Snake","NeowsBlessing","Juzu Bracelet","Lantern","Snake Skull","Mummified Hand","Bottled Lightning","Fusion Hammer","Potion Belt","Pen Nib","War Paint"],"potions_floor_usage":[10,10,24],"damage_taken":[{"damage":0,"enemies":"Small Slimes","floor":1,"turns":1},{"damage":0,"enemies":"2 Louse","floor":4,"turns":1},{"damage":0,"enemies":"Gremlin Nob","floor":7,"turns":1},{"damage":9,"enemies":"Gremlin Nob","floor":10,"turns":4},{"damage":0,"enemies":"Jaw Worm","floor":12,"turns":3},{"damage":5,"enemies":"3 Louse","floor":13,"turns":3},{"damage":2,"enemies":"Blue Slaver","floor":14,"turns":3},{"damage":28,"enemies":"Hexaghost","floor":16,"turns":12},{"damage":26,"enemies":"Chosen","floor":18,"turns":5},{"damage":3,"enemies":"Slavers","floor":24,"turns":3},{"damage":1,"enemies":"Spheric Guardian","floor":29,"turns":4},{"damage":0,"enemies":"Automaton","floor":33,"turns":1}],"seed_played":"-5026032360192738226","potions_obtained":[{"floor":1,"key":"Weak Potion"},{"floor":4,"key":"GamblersBrew"},{"floor":13,"key":"Explosive Potion"},{"floor":24,"key":"EssenceOfSteel"}],"is_trial":false,"path_per_floor":["M","?","?","M","?","R","E","$","T","?","$","M","M","M","R","B",null,"M","?","?","?","?","?","E","R","T","?","$","M","R","?","R","B"],"character_chosen":"THE_SILENT","items_purchased":["Snake Skull","Backstab","PiercingWail","Footwork","Distraction"],"campfire_rested":3,"item_purchase_floors":[8,8,11,28,28],"current_hp_per_floor":[63,52,52,52,52,52,52,52,52,43,43,43,38,36,57,29,60,34,57,57,44,44,37,34,37,37,37,37,36,37,37,37,37],"gold":37,"neow_bonus":"THREE_ENEMY_KILL","is_prod":false,"is_daily":false,"chose_seed":false,"campfire_upgraded":1,"win_rate":0,"timestamp":1548502285,"path_taken":["M","?","?","M","?","R","E","?","T","?","$","M","M","M","R","BOSS","M","?","?","?","?","?","E","R","T","?","$","M","R","?","R","BOSS"],"build_version":"2019-01-23","purchased_purges":3,"victory":false,"max_hp_per_floor":[70,70,70,70,70,70,70,70,70,70,70,70,70,70,70,70,70,70,70,70,75,75,37,37,37,37,37,37,37,37,37,37,37],"card_choices":[{"not_picked":["Bane","Flying Knee"],"picked":"Skewer","floor":1},{"not_picked":["Backflip","Sucker Punch"],"picked":"Noxious Fumes","floor":4},{"not_picked":["Flying Knee","Escape Plan"],"picked":"Adrenaline","floor":7},{"not_picked":["Outmaneuver","Quick Slash"],"picked":"Blur","floor":10},{"not_picked":["Slice","Finisher"],"picked":"Dodge and Roll","floor":12},{"not_picked":["Underhanded Strike","Outmaneuver"],"picked":"Well Laid Plans","floor":13},{"not_picked":["Acrobatics","Eviscerate"],"picked":"Expertise","floor":14},{"not_picked":["Burst","A Thousand Cuts"],"picked":"Corpse Explosion","floor":16},{"not_picked":["Slice","Reflex"],"picked":"Backflip","floor":18},{"not_picked":["Accuracy","Bane"],"picked":"Footwork","floor":24},{"not_picked":["Blade Dance","Dagger Spray","Dagger Throw"],"picked":"SKIP","floor":29}],"player_experience":2050720,"relics_obtained":[{"floor":7,"key":"Lantern"},{"floor":9,"key":"Mummified Hand"},{"floor":10,"key":"Bottled Lightning"},{"floor":24,"key":"Pen Nib"},{"floor":26,"key":"War Paint"}],"event_choices":[{"damage_healed":0,"gold_gain":75,"player_choice":"Gather Gold","damage_taken":11,"max_hp_gain":0,"max_hp_loss":0,"event_name":"World of Goop","floor":2,"gold_loss":0},{"damage_healed":0,"gold_gain":0,"player_choice":"Box","damage_taken":0,"relics_obtained":["Juzu Bracelet"],"max_hp_gain":0,"max_hp_loss":0,"event_name":"Big Fish","floor":3,"gold_loss":0,"cards_obtained":["Regret"]},{"damage_healed":0,"gold_gain":175,"player_choice":"AGREE","damage_taken":0,"max_hp_gain":0,"max_hp_loss":0,"event_name":"Liars Game","floor":5,"gold_loss":0,"cards_obtained":["Doubt"]},{"damage_healed":0,"gold_gain":0,"player_choice":"Searched \u00271\u0027 times","damage_taken":0,"max_hp_gain":0,"max_hp_loss":0,"event_name":"Dead Adventurer","floor":10,"gold_loss":0},{"damage_healed":23,"gold_gain":0,"player_choice":"Heal","damage_taken":0,"max_hp_gain":0,"max_hp_loss":0,"event_name":"The Library","floor":19,"gold_loss":0},{"damage_healed":0,"gold_gain":0,"player_choice":"Opened","damage_taken":0,"relics_obtained":["Potion Belt"],"max_hp_gain":0,"max_hp_loss":0,"event_name":"The Mausoleum","floor":20,"gold_loss":0,"cards_obtained":["Writhe"]},{"damage_healed":0,"gold_gain":0,"player_choice":"Shed Blood","damage_taken":18,"max_hp_gain":5,"max_hp_loss":0,"event_name":"Forgotten Altar","floor":21,"gold_loss":0},{"damage_healed":0,"gold_gain":0,"player_choice":"Ignored","damage_taken":0,"max_hp_gain":0,"max_hp_loss":0,"event_name":"Vampires","floor":22,"gold_loss":0},{"damage_healed":0,"gold_gain":0,"player_choice":"Became a Ghost","damage_taken":0,"max_hp_gain":0,"max_hp_loss":38,"event_name":"Ghosts","floor":23,"gold_loss":0,"cards_obtained":["Ghostly","Ghostly","Ghostly","Ghostly","Ghostly"]},{"cards_removed":["Dodge and Roll"],"damage_healed":5,"gold_gain":0,"player_choice":"Offered Common","damage_taken":0,"max_hp_gain":0,"max_hp_loss":0,"event_name":"Bonfire Elementals","floor":27,"gold_loss":0},{"cards_removed":["Dodge and Roll"],"damage_healed":5,"gold_gain":0,"player_choice":"Offered Special","damage_taken":0,"max_hp_gain":0,"max_hp_loss":0,"event_name":"Bonfire Elementals","floor":27,"gold_loss":0},{"damage_healed":0,"gold_gain":0,"player_choice":"Simplicity","damage_taken":0,"max_hp_gain":0,"max_hp_loss":0,"event_name":"Back to Basics","floor":31,"gold_loss":0,"cards_upgraded":["Defend_G","Defend_G","Defend_G","Defend_G","Defend_G","Strike_G","Strike_G","Strike_G","Strike_G","Strike_G"]}],"is_beta":false,"boss_relics":[{"not_picked":["Lizard Tail","Empty Cage"],"picked":"Fusion Hammer"}],"items_purged_floors":[8,11,28],"is_endless":false,"potions_floor_spawned":[1,4,13,24],"killed_by":"Automaton","ascension_level":12}