{"gold_per_floor":[117,130,140,151,169,201,201,217,217,250,250,276,286,305,305,377,377,377,377,377,377],"floor_reached":21,"playtime":1196,"items_purged":[],"score":460,"play_id":"89765243-dd4c-41f5-8866-e5aad920e9f6","local_time":"20181021210823","is_ascension_mode":true,"campfire_choices":[{"floor":7.0,"key":"REST"},{"floor":11.0,"key":"REST"},{"floor":15,"key":"REST"}],"neow_cost":"NONE","seed_source_timestamp":357382794135796,"circlet_count":0,"master_deck":["Defend_G","Defend_G","Defend_G","Defend_G","Defend_G","Strike_G","Strike_G","Strike_G","Strike_G","Survivor","Neutralize","AscendersBane","Unload","Leg Sweep","Quick Slash","Noxious Fumes","Dagger Throw","Poisoned Stab","Glass Knife","Crippling Poison","Cloak And Dagger","Well Laid Plans","Wraith Form v2","Backflip","Infinite Blades","Pain"],"special_seed":0,"relics":["Ring of the Snake","PreservedInsect","Pantograph","Art of War","WingedGreaves","Ectoplasm","WarpedTongs"],"potions_floor_usage":[16,19],"damage_taken":[{"damage":1.0,"enemies":"Cultist","floor":1.0,"turns":4.0},{"damage":3.0,"enemies":"Jaw Worm","floor":2.0,"turns":7.0},{"damage":2.0,"enemies":"Small Slimes","floor":3.0,"turns":4.0},{"damage":14.0,"enemies":"Exordium Wildlife","floor":4.0,"turns":5.0},{"damage":1.0,"enemies":"Blue Slaver","floor":5.0,"turns":5.0},{"damage":29.0,"enemies":"3 Sentries","floor":6.0,"turns":7.0},{"damage":3.0,"enemies":"Looter","floor":8.0,"turns":3.0},{"damage":22.0,"enemies":"Lagavulin","floor":10.0,"turns":4.0},{"damage":0.0,"enemies":"Gremlin Nob","floor":12.0,"turns":3.0},{"damage":16,"enemies":"Exordium Thugs","floor":13,"turns":6},{"damage":7,"enemies":"2 Fungi Beasts","floor":14,"turns":3},{"damage":9,"enemies":"The Guardian","floor":16,"turns":11},{"damage":28,"enemies":"Spheric Guardian","floor":18,"turns":6},{"damage":7,"enemies":"Chosen","floor":19,"turns":6},{"damage":23,"enemies":"Colosseum Slavers","floor":21,"turns":2}],"seed_played":"8562119153239826774","potions_obtained":[{"floor":1.0,"key":"Energy Potion"},{"floor":4.0,"key":"Energy Potion"},{"floor":8.0,"key":"Fruit Juice"},{"floor":13,"key":"SteroidPotion"},{"floor":14,"key":"Strength Potion"},{"floor":19,"key":"Dexterity Potion"}],"is_trial":false,"path_per_floor":["M","M","M","M","M","E","R","M","T","E","R","E","M","M","R","B",null,"M","M","?"],"character_chosen":"THE_SILENT","items_purchased":[],"campfire_rested":3,"item_purchase_floors":[],"current_hp_per_floor":[58,55,53,39,38,9,28,30,30,8,29,29,13,6,27,43,64,36,29,29,6],"gold":377,"neow_bonus":"TRANSFORM_CARD","is_prod":false,"is_daily":false,"chose_seed":false,"campfire_upgraded":0,"win_rate":0,"timestamp":1540170503,"path_taken":["M","M","M","?","M","E","R","M","T","E","R","E","M","M","R","BOSS","M","?","?","?"],"build_version":"2018-10-18","purchased_purges":0,"victory":false,"max_hp_per_floor":[66,66,66,66,66,66,66,71,71,71,71,71,71,71,71,71,71,71,71,71,71],"card_choices":[{"not_picked":["Tactician","Dagger Throw"],"picked":"Leg Sweep","floor":1.0},{"not_picked":["Blade Dance","Outmaneuver"],"picked":"Quick Slash","floor":2.0},{"not_picked":["Footwork","Acrobatics"],"picked":"Noxious Fumes","floor":3.0},{"not_picked":["Setup","Sucker Punch"],"picked":"Dagger Throw","floor":4.0},{"not_picked":["Dagger Throw","Deadly Poison"],"picked":"Poisoned Stab","floor":5.0},{"not_picked":["Deadly Poison","Outmaneuver"],"picked":"Glass Knife","floor":6.0},{"not_picked":["Well Laid Plans","Dagger Throw","Bouncing Flask"],"picked":"SKIP","floor":8.0},{"not_picked":["Choke","Accuracy","Endless Agony"],"picked":"SKIP","floor":10.0},{"not_picked":["Riddle With Holes","Poisoned Stab"],"picked":"Crippling Poison","floor":12.0},{"not_picked":["Setup","Well Laid Plans"],"picked":"Cloak And Dagger","floor":13},{"not_picked":["Finisher","Calculated Gamble"],"picked":"Well Laid Plans","floor":14},{"not_picked":["Venomology","Grand Finale"],"picked":"Wraith Form v2","floor":16},{"not_picked":["Acrobatics+1","Riddle With Holes"],"picked":"Backflip","floor":18},{"not_picked":["Skewer","Deflect"],"picked":"Infinite Blades","floor":19}],"player_experience":1062343,"relics_obtained":[{"floor":6.0,"key":"PreservedInsect"},{"floor":9.0,"key":"Pantograph"},{"floor":10.0,"key":"Art of War"},{"floor":12.0,"key":"WingedGreaves"}],"event_choices":[{"damage_healed":0,"gold_gain":0,"player_choice":"Rummage","damage_taken":0,"relics_obtained":["WarpedTongs"],"max_hp_gain":0,"max_hp_loss":0,"event_name":"Accursed Blacksmith","floor":20,"gold_loss":0,"cards_obtained":["Pain"]},{"damage_healed":0,"gold_gain":0,"player_choice":"Fight","damage_taken":0,"max_hp_gain":0,"max_hp_loss":0,"event_name":"Colosseum","floor":21,"gold_loss":0}],"is_beta":false,"boss_relics":[{"not_picked":["Black Star","Orrery"],"picked":"Ectoplasm"}],"items_purged_floors":[],"is_endless":false,"potions_floor_spawned":[1,4,8,13,14,19],"killed_by":"Colosseum Slavers","ascension_level":20}