{"gold_per_floor":[109,73,87,87,106,135,135,135,181,181,213,223,236,98,98,202,202,221,251,266,286,286,286,318,318,318,318,343,356,356,369,369,369],"floor_reached":33,"playtime":9800,"items_purged":[],"score":413,"play_id":"517ef47c-063f-4ca6-b32e-ef525a251fa1","local_time":"20180820141833","is_ascension_mode":true,"campfire_choices":[{"floor":7.0,"key":"REST"},{"data":"Zap","floor":10.0,"key":"SMITH"},{"data":"Redo","floor":15.0,"key":"SMITH"},{"floor":23.0,"key":"REST"},{"floor":25.0,"key":"REST"},{"data":"Creative AI","floor":27.0,"key":"SMITH"},{"floor":32,"key":"REST"}],"neow_cost":"","seed_source_timestamp":484440846117563,"circlet_count":0,"master_deck":["Strike_B","Strike_B","Strike_B","Defend_B","Defend_B","Defend_B","Defend_B","Zap+1","Dualcast","Conserve Battery","Defragment","Redo+1","Hologram","Sweeping Beam","Self Repair","Glacier","Hologram","Hologram","Scrape","Creative AI+1","Storm","Reinforced Body","Necronomicurse","Coolheaded"],"special_seed":0,"relics":["Cracked Core","Anchor","Regal Pillow","Peace Pipe","Busted Crown","Red Mask","Necronomicon","Lantern","Girya","Molten Egg 2","FaceOfCleric"],"potions_floor_usage":[29,29,29],"damage_taken":[{"damage":0.0,"enemies":"Small Slimes","floor":1.0,"turns":3.0},{"damage":0.0,"enemies":"Cultist","floor":3.0,"turns":3.0},{"damage":0.0,"enemies":"2 Louse","floor":5.0,"turns":3.0},{"damage":54.0,"enemies":"Lagavulin","floor":6.0,"turns":8.0},{"damage":16.0,"enemies":"3 Sentries","floor":11.0,"turns":7.0},{"damage":6.0,"enemies":"Blue Slaver","floor":12.0,"turns":3.0},{"damage":5.0,"enemies":"Exordium Wildlife","floor":13.0,"turns":3.0},{"damage":9.0,"enemies":"The Guardian","floor":16.0,"turns":17.0},{"damage":1.0,"enemies":"Shell Parasite","floor":18.0,"turns":8.0},{"damage":47.0,"floor":19.0,"turns":8.0},{"damage":0.0,"enemies":"Chosen","floor":20.0,"turns":6.0},{"damage":5.0,"enemies":"Snecko","floor":21.0,"turns":7.0},{"damage":26.0,"enemies":"Book of Stabbing","floor":24.0,"turns":6.0},{"damage":69,"enemies":"Gremlin Leader","floor":28,"turns":8},{"damage":0,"enemies":"Snake Plant","floor":29,"turns":4},{"damage":12,"enemies":"Sentry and Sphere","floor":31,"turns":6},{"damage":56,"enemies":"Champ","floor":33,"turns":10}],"seed_played":"-2519630479444212934","potions_obtained":[{"floor":6.0,"key":"Block Potion"},{"floor":13.0,"key":"Block Potion"},{"floor":21.0,"key":"LiquidBronze"},{"floor":24.0,"key":"FearPotion"},{"floor":28,"key":"EssenceOfSteel"}],"is_trial":false,"path_per_floor":["M","$","M","?","M","E","R","?","T","R","E","M","M","$","R","B",null,"M","?","M","M","?","R","E","R","T","R","E","M","?","M","R"],"character_chosen":"DEFECT","items_purchased":["Defragment","Hologram","Block Potion","Scrape"],"campfire_rested":4,"item_purchase_floors":[2,14,14,14],"current_hp_per_floor":[68,68,68,68,68,14,36,61,61,61,45,46,48,48,48,46,68,75,35,42,44,28,65,46,75,75,75,13,20,20,9,46,0],"gold":369,"neow_bonus":"","is_prod":false,"is_daily":false,"chose_seed":false,"campfire_upgraded":3,"win_rate":0,"timestamp":1534767513,"path_taken":["M","$","M","?","M","E","R","?","T","R","E","?","M","?","R","BOSS","M","?","M","?","?","R","E","R","T","R","E","?","?","M","R","BOSS"],"build_version":"2018-08-16","purchased_purges":0,"victory":false,"max_hp_per_floor":[75,75,75,75,75,75,75,75,75,75,75,75,75,75,75,75,75,75,75,75,75,75,75,75,75,75,75,75,75,75,76,76,76],"card_choices":[{"not_picked":["Steam","Hologram"],"picked":"Conserve Battery","floor":1.0},{"not_picked":["Compile Driver","Skim"],"picked":"Redo","floor":3.0},{"not_picked":["Barrage","Storm"],"picked":"Hologram","floor":5.0},{"not_picked":["Coolheaded","Hello World"],"picked":"Sweeping Beam","floor":6.0},{"not_picked":["Fission","Rebound"],"picked":"Self Repair","floor":11.0},{"not_picked":["Hologram","Storm"],"picked":"Glacier","floor":12.0},{"not_picked":["Streamline","Force Field"],"picked":"Hologram","floor":13.0},{"not_picked":["Meteor Strike","Biased Cognition"],"picked":"Creative AI","floor":16.0},{"not_picked":["Cold Snap"],"picked":"SKIP","floor":18.0},{"not_picked":[],"picked":"Storm","floor":19.0},{"not_picked":["Go for the Eyes"],"picked":"SKIP","floor":20.0},{"not_picked":[],"picked":"Reinforced Body","floor":21.0},{"not_picked":["Steam"],"picked":"SKIP","floor":24.0},{"not_picked":["Gash+1"],"picked":"SKIP","floor":28},{"not_picked":["Biased Cognition"],"picked":"SKIP","floor":29},{"not_picked":[],"picked":"Coolheaded","floor":31}],"player_experience":903724,"relics_obtained":[{"floor":6.0,"key":"Anchor"},{"floor":9.0,"key":"Regal Pillow"},{"floor":11.0,"key":"Peace Pipe"},{"floor":19.0,"key":"Red Mask"},{"floor":22.0,"key":"Necronomicon"},{"floor":24.0,"key":"Lantern"},{"floor":26.0,"key":"Girya"},{"floor":28,"key":"Molten Egg 2"}],"event_choices":[{"event_name":"Purifier","player_choice":"One Purge","floor":4.0,"damage_taken":0.0},{"event_name":"Big Fish","player_choice":"Banana","floor":8.0,"damage_taken":0.0},{"event_name":"Masked Bandits","player_choice":"Fought Bandits","floor":19.0,"damage_taken":0.0},{"event_name":"Cursed Tome","player_choice":"Obtained Book","floor":22.0,"damage_taken":0.0},{"event_name":"FaceTrader","player_choice":"Trade","floor":30,"damage_taken":0}],"is_beta":false,"boss_relics":[{"not_picked":["Astrolabe","Cursed Key"],"picked":"Busted Crown"}],"items_purged_floors":[],"is_endless":false,"potions_floor_spawned":[6,13,21,24,28],"killed_by":"Champ","ascension_level":8}