{"gold_per_floor":[210,221,146,164,184,184,201,201,201,223,249,268,268,285,285,380,380,391,410,410,610,630,630,648,648,648,648,77,103,103,158,158,158],"floor_reached":33,"playtime":4108,"items_purged":["Strike_B","Strike_B"],"score":287,"play_id":"e271dff0-8977-434b-bf9d-cc7c175608f2","local_time":"20190221012250","is_ascension_mode":false,"campfire_choices":[{"data":"Sunder","floor":6,"key":"SMITH"},{"data":"All For One","floor":8,"key":"SMITH"},{"floor":13,"key":"REST"},{"data":"Scrape","floor":15,"key":"SMITH"},{"floor":23,"key":"REST"},{"data":"Gash","floor":25,"key":"SMITH"},{"floor":27,"key":"REST"},{"floor":32,"key":"REST"}],"neow_cost":"NONE","seed_source_timestamp":39576866929400,"circlet_count":0,"master_deck":["Strike_B","Strike_B","Defend_B","Defend_B","Defend_B","Defend_B","Zap","Dualcast","Sunder+1","BootSequence","Sweeping Beam","All For One+1","Gash+1","BootSequence","Streamline","Scrape+1","Echo Form","Skim+1","Streamline+1","Go for the Eyes","Panache","Scrape","Go for the Eyes","Self Repair","BootSequence"],"relics":["Cracked Core","Kunai","Odd Mushroom","Omamori","Nuclear Battery","Sundial","Medical Kit","Du-Vu Doll","Ginger","Tiny Chest"],"potions_floor_usage":[],"damage_taken":[{"damage":0,"enemies":"2 Louse","floor":1,"turns":2},{"damage":4,"enemies":"Jaw Worm","floor":2,"turns":4},{"damage":0,"enemies":"Small Slimes","floor":4,"turns":2},{"damage":3,"enemies":"Red Slaver","floor":5,"turns":3},{"damage":5,"enemies":"Looter","floor":7,"turns":3},{"damage":9,"enemies":"The Mushroom Lair","floor":10,"turns":3},{"damage":26,"enemies":"Gremlin Nob","floor":11,"turns":4},{"damage":1,"enemies":"3 Louse","floor":12,"turns":2},{"damage":7,"enemies":"Blue Slaver","floor":14,"turns":3},{"damage":30,"enemies":"Slime Boss","floor":16,"turns":10},{"damage":30,"enemies":"3 Byrds","floor":18,"turns":5},{"damage":33,"enemies":"Shell Parasite","floor":19,"turns":5},{"damage":1,"enemies":"Cultist and Chosen","floor":22,"turns":4},{"damage":0,"enemies":"Snecko","floor":24,"turns":3},{"damage":29,"enemies":"Book of Stabbing","floor":29,"turns":5},{"damage":11,"enemies":"Gremlin Leader","floor":31,"turns":4},{"damage":49,"enemies":"Collector","floor":33,"turns":3}],"seed_played":"5265363999399665863","potions_obtained":[{"floor":1,"key":"Swift Potion"},{"floor":5,"key":"LiquidBronze"},{"floor":10,"key":"AttackPotion"},{"floor":11,"key":"Block Potion"},{"floor":12,"key":"Regen Potion"},{"floor":22,"key":"EssenceOfSteel"}],"is_trial":false,"path_per_floor":["M","M","$","M","M","R","M","R","T","?","E","M","R","M","R","B",null,"M","M","?","?","M","R","M","R","T","R","$","E","?","E","R","B"],"character_chosen":"DEFECT","items_purchased":["Panache","Medical Kit","Scrape","Go for the Eyes"],"campfire_rested":4,"item_purchase_floors":[28,28,28,28],"current_hp_per_floor":[75,71,71,71,68,68,63,63,63,54,28,27,49,42,42,12,75,45,12,12,12,11,33,33,33,33,55,55,26,26,22,44,0],"gold":158,"neow_bonus":"HUNDRED_GOLD","is_prod":false,"is_daily":false,"chose_seed":false,"campfire_upgraded":4,"win_rate":0.0,"timestamp":1550708570,"path_taken":["M","M","$","M","M","R","M","R","T","?","E","M","R","M","R","BOSS","M","M","?","?","?","R","M","R","T","R","$","E","?","E","R","BOSS"],"build_version":"2019-01-23","purchased_purges":2,"victory":false,"max_hp_per_floor":[75,75,75,75,75,75,75,75,75,75,75,75,75,75,75,75,75,75,75,75,75,75,75,75,75,75,75,75,75,75,75,75,75],"card_choices":[{"not_picked":["Gash","Rebound"],"picked":"Sunder","floor":1},{"not_picked":["Streamline","Rebound"],"picked":"BootSequence","floor":2},{"not_picked":["Tempest","Chaos","Streamline"],"picked":"SKIP","floor":4},{"not_picked":["Gash","Go for the Eyes"],"picked":"Sweeping Beam","floor":5},{"not_picked":["Compile Driver","Leap"],"picked":"All For One","floor":7},{"not_picked":["Cold Snap","Heatsinks"],"picked":"Gash","floor":10},{"not_picked":["Cold Snap","Blizzard"],"picked":"BootSequence","floor":11},{"not_picked":["Undo","Static Discharge"],"picked":"Streamline","floor":12},{"not_picked":["Force Field","Coolheaded"],"picked":"Scrape","floor":14},{"not_picked":["All For One","Rainbow"],"picked":"Echo Form","floor":16},{"not_picked":["Force Field+1","Stack"],"picked":"Skim+1","floor":18},{"not_picked":["Streamline","Reinforced Body","Sweeping Beam"],"picked":"SKIP","floor":19},{"not_picked":["Rebound","Beam Cell"],"picked":"Streamline+1","floor":22},{"not_picked":["Force Field","Coolheaded+1"],"picked":"Go for the Eyes","floor":24},{"not_picked":["Coolheaded","Rebound"],"picked":"Self Repair","floor":29},{"not_picked":["Doom and Gloom+1","Redo"],"picked":"BootSequence","floor":31}],"player_experience":23406,"relics_obtained":[{"floor":9,"key":"Kunai"},{"floor":10,"key":"Odd Mushroom"},{"floor":11,"key":"Omamori"},{"floor":26,"key":"Sundial"},{"floor":29,"key":"Du-Vu Doll"},{"floor":31,"key":"Tiny Chest"}],"event_choices":[{"damage_healed":0,"gold_gain":0,"player_choice":"Fought Mushrooms","damage_taken":0,"max_hp_gain":0,"max_hp_loss":0,"event_name":"Mushrooms","floor":10,"gold_loss":0},{"damage_healed":0,"gold_gain":0,"player_choice":"Ignored","damage_taken":0,"max_hp_gain":0,"max_hp_loss":0,"event_name":"Vampires","floor":20,"gold_loss":0},{"damage_healed":0,"gold_gain":250,"player_choice":"Bet on Owner","damage_taken":0,"max_hp_gain":0,"max_hp_loss":0,"event_name":"The Joust","floor":21,"gold_loss":50},{"damage_healed":0,"gold_gain":0,"player_choice":"Opened","damage_taken":0,"relics_obtained":["Ginger"],"max_hp_gain":0,"max_hp_loss":0,"event_name":"The Mausoleum","floor":30,"gold_loss":0}],"is_beta":false,"boss_relics":[{"not_picked":["Inserter","Tiny House"],"picked":"Nuclear Battery"}],"items_purged_floors":[3,28],"is_endless":false,"potions_floor_spawned":[1,5,10,11,12,16,22,24,29],"killed_by":"Collector","ascension_level":0}