{"gold_per_floor":[360,360,383,403,71,71,87,87,87,162,196,221,255,276,276,407,407,428,421,421,16,31,31,31],"floor_reached":24,"playtime":1230,"items_purged":["Strike_B","Strike_B"],"score":208,"play_id":"e90270a3-a780-4e6d-94c4-4788f9d0483a","local_time":"20190219130439","is_ascension_mode":false,"campfire_choices":[{"data":"Beam Cell","floor":6,"key":"SMITH"},{"floor":15,"key":"REST"},{"data":"Coolheaded","floor":23,"key":"SMITH"}],"neow_cost":"PERCENT_DAMAGE","seed_source_timestamp":704071101447425,"circlet_count":0,"master_deck":["Defend_B","Defend_B","Defend_B","Defend_B","Zap","Dualcast","Lockon","Beam Cell","Beam Cell+1","Coolheaded+1","Deadly Poison","Gash+1"],"relics":["Cracked Core","Golden Idol","PrismaticShard","Molten Egg 2","Orichalcum","Oddly Smooth Stone","Pen Nib","Empty Cage","Nilry\u0027s Codex","Toxic Egg 2"],"potions_floor_usage":[11,13,16,24],"damage_taken":[{"damage":2,"enemies":"Small Slimes","floor":1,"turns":3},{"damage":8,"enemies":"Jaw Worm","floor":3,"turns":3},{"damage":1,"enemies":"2 Louse","floor":4,"turns":2},{"damage":0,"enemies":"Looter","floor":7,"turns":2},{"damage":7,"enemies":"Lagavulin","floor":11,"turns":7},{"damage":1,"enemies":"Red Slaver","floor":12,"turns":3},{"damage":8,"enemies":"Gremlin Nob","floor":13,"turns":3},{"damage":1,"enemies":"Blue Slaver","floor":14,"turns":2},{"damage":17,"enemies":"Slime Boss","floor":16,"turns":6},{"damage":6,"enemies":"Shell Parasite","floor":18,"turns":5},{"damage":18,"enemies":"2 Thieves","floor":19,"turns":4},{"damage":5,"enemies":"Cultist and Chosen","floor":22,"turns":6},{"damage":40,"enemies":"Gremlin Leader","floor":24,"turns":5}],"seed_played":"-6089985914031595210","potions_obtained":[{"floor":1,"key":"SteroidPotion"},{"floor":4,"key":"Poison Potion"},{"floor":11,"key":"Fire Potion"},{"floor":14,"key":"FairyPotion"},{"floor":22,"key":"SpeedPotion"}],"is_trial":false,"path_per_floor":["M","?","M","M","$","R","M","?","T","?","E","M","E","M","R","B",null,"M","M","?","$","M","R","E"],"character_chosen":"DEFECT","items_purchased":["PrismaticShard","Coolheaded","Gash+1","Toxic Egg 2"],"campfire_rested":1,"item_purchase_floors":[5,5,21,21],"current_hp_per_floor":[52,52,44,43,43,43,43,36,36,25,18,17,9,8,28,11,69,63,45,29,29,24,24,0],"gold":31,"neow_bonus":"TWO_FIFTY_GOLD","is_prod":false,"is_daily":false,"chose_seed":false,"campfire_upgraded":2,"win_rate":0,"timestamp":1550610279,"path_taken":["M","?","M","M","$","R","M","?","T","?","E","M","E","M","R","BOSS","M","M","?","$","M","R","E"],"build_version":"2019-01-23","purchased_purges":2,"victory":false,"max_hp_per_floor":[75,69,69,69,69,69,69,69,69,69,69,69,69,69,69,69,69,69,69,69,69,69,69,69],"card_choices":[{"not_picked":["Stack","Go for the Eyes"],"picked":"Lockon","floor":1},{"not_picked":["Leap","Cold Snap"],"picked":"Beam Cell","floor":3},{"not_picked":["Heatsinks","Storm"],"picked":"Beam Cell","floor":4},{"not_picked":["Thinking Ahead","Perfected Strike","Havoc"],"picked":"SKIP","floor":7},{"not_picked":["Rebound+1","Bane+1","Catalyst"],"picked":"SKIP","floor":11},{"not_picked":["Footwork","Rebound+1","Clash+1"],"picked":"SKIP","floor":12},{"not_picked":["Battle Trance","Corruption","Heatsinks"],"picked":"SKIP","floor":13},{"not_picked":["Underhanded Strike+1","Blur"],"picked":"Deadly Poison","floor":14},{"not_picked":["Barrage+1","Heel Hook+1","Conserve Battery"],"picked":"SKIP","floor":18},{"not_picked":["Flash of Steel+1","Perfected Strike+1","Leap"],"picked":"SKIP","floor":19},{"not_picked":["Rip and Tear+1","Cloak And Dagger+1","Blur+1"],"picked":"SKIP","floor":22}],"player_experience":186928,"relics_obtained":[{"floor":9,"key":"Orichalcum"},{"floor":11,"key":"Oddly Smooth Stone"},{"floor":13,"key":"Pen Nib"},{"floor":20,"key":"Nilry\u0027s Codex"}],"event_choices":[{"damage_healed":0,"gold_gain":0,"player_choice":"Lose Max HP","damage_taken":0,"relics_obtained":["Golden Idol"],"max_hp_gain":0,"max_hp_loss":6,"event_name":"Golden Idol","floor":2,"gold_loss":0},{"damage_healed":0,"gold_gain":0,"player_choice":"Success","damage_taken":7,"relics_obtained":["Molten Egg 2"],"max_hp_gain":0,"max_hp_loss":0,"event_name":"Scrap Ooze","floor":8,"gold_loss":0},{"damage_healed":0,"gold_gain":75,"player_choice":"Gather Gold","damage_taken":11,"max_hp_gain":0,"max_hp_loss":0,"event_name":"World of Goop","floor":10,"gold_loss":0},{"damage_healed":0,"gold_gain":0,"player_choice":"Obtained Book","damage_taken":16,"max_hp_gain":0,"max_hp_loss":0,"event_name":"Cursed Tome","floor":20,"gold_loss":0}],"is_beta":false,"boss_relics":[{"not_picked":["Cursed Key","Snecko Eye"],"picked":"Empty Cage"}],"items_purged_floors":[5,21],"is_endless":false,"potions_floor_spawned":[1,4,11,14,22],"killed_by":"Gremlin Leader","ascension_level":0}