{"gold_per_floor":[110,110,6,81,81,114,114,147,170,185,185,85,85,106,106,226,226,246,246,265,284,284,284],"floor_reached":23,"playtime":760,"items_purged":[],"score":371,"play_id":"5e5515f2-a073-4048-a4ba-30762919a0ef","local_time":"20181012130252","is_ascension_mode":true,"campfire_choices":[{"data":"Blade Dance","floor":7,"key":"SMITH"},{"data":"Accuracy","floor":13,"key":"SMITH"},{"data":"Cloak And Dagger","floor":15,"key":"SMITH"}],"neow_cost":"NONE","seed_source_timestamp":117575478847283,"circlet_count":0,"master_deck":["Defend_G","Defend_G","Defend_G","Defend_G+1","Defend_G+1","Strike_G","Strike_G","Strike_G","Strike_G","Strike_G","Survivor","Neutralize","AscendersBane","Blade Dance+1","Backflip","Infinite Blades","Deflect","Blade Dance","Setup","Cloak And Dagger+1","Accuracy+1","PiercingWail","Adrenaline","Prepared","Finisher","Cloak And Dagger","PiercingWail"],"relics":["Ring of the Snake","NeowsBlessing","Bloody Idol","Sundial","Vajra","Omamori","Busted Crown"],"potions_floor_usage":[18,21,21,23],"damage_taken":[{"damage":0,"enemies":"2 Louse","floor":1,"turns":1},{"damage":0,"enemies":"Gremlin Nob","floor":6,"turns":1},{"damage":0,"enemies":"Lagavulin","floor":8,"turns":1},{"damage":1,"enemies":"Jaw Worm","floor":10,"turns":3},{"damage":0,"enemies":"Small Slimes","floor":14,"turns":2},{"damage":15,"enemies":"Slime Boss","floor":16,"turns":8},{"damage":3,"enemies":"Chosen","floor":18,"turns":7},{"damage":6,"enemies":"Spheric Guardian","floor":20,"turns":3},{"damage":16,"enemies":"Chosen and Byrds","floor":21,"turns":5},{"damage":30,"enemies":"Slavers","floor":23,"turns":2}],"seed_played":"3018877067873041429","potions_obtained":[{"floor":11,"key":"GhostInAJar"},{"floor":11,"key":"Ancient Potion"},{"floor":11,"key":"SpeedPotion"},{"floor":14,"key":"EssenceOfSteel"},{"floor":16,"key":"SteroidPotion"},{"floor":18,"key":"SpeedPotion"}],"is_trial":false,"path_per_floor":["M","?","$","?","?","E","R","E","T","M","?","$","R","M","R","B",null,"M","?","M","M","?"],"character_chosen":"THE_SILENT","items_purchased":["Backflip","Infinite Blades","Cloak And Dagger","Accuracy"],"campfire_rested":0,"item_purchase_floors":[3,3,12,12],"current_hp_per_floor":[63,63,63,52,39,39,39,39,39,38,38,38,38,38,38,23,55,52,52,46,30,30,0],"gold":284,"neow_bonus":"THREE_ENEMY_KILL","is_prod":false,"is_daily":false,"chose_seed":false,"campfire_upgraded":3,"win_rate":0,"timestamp":1539342172,"path_taken":["M","?","$","?","?","E","R","E","T","M","?","?","R","M","R","BOSS","M","?","M","M","?","E"],"build_version":"2018-10-11","purchased_purges":0,"victory":false,"max_hp_per_floor":[70,65,65,65,65,65,65,65,65,65,65,65,65,65,65,65,65,65,65,65,65,65,65],"card_choices":[{"not_picked":["Dagger Throw","Deflect"],"picked":"Blade Dance","floor":1},{"not_picked":["Tactician","Acrobatics"],"picked":"Deflect","floor":6},{"not_picked":["Quick Slash","Underhanded Strike"],"picked":"Blade Dance","floor":8},{"not_picked":["Predator","Outmaneuver"],"picked":"Setup","floor":10},{"not_picked":["Choke","Bane"],"picked":"PiercingWail","floor":14},{"not_picked":["Venomology","Storm of Steel"],"picked":"Adrenaline","floor":16},{"not_picked":[],"picked":"Prepared","floor":18},{"not_picked":[],"picked":"Cloak And Dagger","floor":20},{"not_picked":[],"picked":"PiercingWail","floor":21}],"player_experience":1082225,"relics_obtained":[{"floor":6,"key":"Sundial"},{"floor":8,"key":"Vajra"},{"floor":9,"key":"Omamori"}],"event_choices":[{"event_name":"Golden Idol","player_choice":"Lose Max HP","floor":2,"damage_taken":0},{"event_name":"World of Goop","player_choice":"Gather Gold","floor":4,"damage_taken":0},{"event_name":"Shining Light","player_choice":"Entered Light","floor":5,"damage_taken":0},{"event_name":"The Lab","player_choice":"Got Potions","floor":11,"damage_taken":0},{"event_name":"The Library","player_choice":"Read","floor":19,"damage_taken":0},{"event_name":"Forgotten Altar","player_choice":"Gave Idol","floor":22,"damage_taken":0}],"is_beta":false,"boss_relics":[{"not_picked":["Pandora\u0027s Box","Cursed Key"],"picked":"Busted Crown"}],"items_purged_floors":[],"is_endless":false,"potions_floor_spawned":[14,16,18],"killed_by":"Slavers","ascension_level":10}