{"gold_per_floor":[115,115,115,76,87,117,61,80,103,122,122,147,147,175,175,252,252,268,278,278,278,307,307,337,337,337,372,427,446,465,495,495,495],"floor_reached":33,"playtime":1199,"items_purged":[],"score":792,"play_id":"26abd633-dc37-416b-8dd6-79957d37039f","local_time":"20190206232200","is_ascension_mode":true,"campfire_choices":[{"data":"Sunder","floor":11.0,"key":"SMITH"},{"data":"Biased Cognition","floor":13.0,"key":"SMITH"},{"data":"Consume","floor":15.0,"key":"SMITH"},{"data":"Fission","floor":23,"key":"SMITH"},{"data":"Tempest","floor":25,"key":"SMITH"},{"floor":32,"key":"REST"}],"neow_cost":"NONE","seed_source_timestamp":256675783720554,"circlet_count":0,"master_deck":["AscendersBane","Strike_B","Strike_B","Strike_B","Strike_B","Defend_B+1","Defend_B","Defend_B+1","Defend_B","Zap+1","Dualcast","BootSequence","Sunder+1","Darkness","Coolheaded","Biased Cognition+1","Consume+1","Tempest+1","Fission+1","Chill","Ghostly","Ghostly","Ghostly","Cold Snap","Static Discharge","Recycle","FTL","Loop"],"special_seed":0,"relics":["Cracked Core","NeowsBlessing","Juzu Bracelet","DataDisk","Art of War","Runic Dome","Red Mask","Pen Nib","Anchor","Tiny Chest","Singing Bowl"],"potions_floor_usage":[27,31,33],"damage_taken":[{"damage":0.0,"enemies":"Jaw Worm","floor":1.0,"turns":1.0},{"damage":0.0,"enemies":"2 Louse","floor":5.0,"turns":1.0},{"damage":0.0,"enemies":"3 Sentries","floor":6.0,"turns":1.0},{"damage":0.0,"enemies":"Cultist","floor":8.0,"turns":3.0},{"damage":10.0,"enemies":"Large Slime","floor":10.0,"turns":4.0},{"damage":8.0,"enemies":"Gremlin Nob","floor":12.0,"turns":3.0},{"damage":0.0,"enemies":"Lagavulin","floor":14.0,"turns":5.0},{"damage":21.0,"enemies":"The Guardian","floor":16.0,"turns":7.0},{"damage":5.0,"enemies":"Chosen","floor":18.0,"turns":4.0},{"damage":14.0,"enemies":"2 Thieves","floor":19.0,"turns":3.0},{"damage":0,"enemies":"Masked Bandits","floor":22,"turns":4},{"damage":11,"enemies":"Slavers","floor":24,"turns":7},{"damage":2,"enemies":"Book of Stabbing","floor":27,"turns":5},{"damage":12,"enemies":"Snake Plant","floor":29,"turns":5},{"damage":1,"enemies":"Snecko","floor":30,"turns":5},{"damage":0,"enemies":"Slavers","floor":31,"turns":6},{"damage":27,"enemies":"Collector","floor":33,"turns":6}],"seed_played":"-1076298709363035458","potions_obtained":[{"floor":5.0,"key":"LiquidBronze"},{"floor":8.0,"key":"AttackPotion"},{"floor":18.0,"key":"Weak Potion"},{"floor":29,"key":"Poison Potion"},{"floor":30,"key":"Fire Potion"}],"is_trial":false,"path_per_floor":["M","?","?","$","M","E","$","M","T","M","R","E","R","E","R","B",null,"M","M","?","?","?","R","E","R","T","E","T","M","M","E","R","B"],"character_chosen":"DEFECT","items_purchased":["Sunder","Poison Potion"],"campfire_rested":1,"item_purchase_floors":[4,7],"current_hp_per_floor":[64,64,43,43,43,43,43,43,43,33,33,25,25,25,25,4,54,49,35,35,35,35,35,24,24,24,22,22,10,9,9,19,0],"gold":495,"neow_bonus":"THREE_ENEMY_KILL","is_prod":false,"is_daily":false,"chose_seed":false,"campfire_upgraded":5,"win_rate":0,"timestamp":1549513320,"path_taken":["M","?","?","$","M","E","$","M","T","M","R","E","R","E","R","BOSS","M","M","?","?","?","R","E","R","T","E","?","M","M","E","R","BOSS"],"build_version":"2019-01-23","purchased_purges":0,"victory":false,"max_hp_per_floor":[71,71,71,71,71,71,71,71,71,71,71,71,71,71,71,71,71,71,71,71,35,35,35,35,35,35,35,35,35,35,35,35,35],"card_choices":[{"not_picked":["Redo","Skim"],"picked":"BootSequence","floor":1.0},{"not_picked":["Rebound","Reinforced Body"],"picked":"Darkness","floor":5.0},{"not_picked":["Turbo","Steam"],"picked":"Coolheaded","floor":6.0},{"not_picked":["Static Discharge","Compile Driver"],"picked":"Biased Cognition","floor":8.0},{"not_picked":["Cold Snap","Barrage"],"picked":"Consume","floor":10.0},{"not_picked":["Leap","Chaos","Barrage"],"picked":"SKIP","floor":12.0},{"not_picked":["Redo","Meteor Strike"],"picked":"Tempest","floor":14.0},{"not_picked":["All For One","Thunder Strike"],"picked":"Fission","floor":16.0},{"not_picked":["Compile Driver","Go for the Eyes","Sunder"],"picked":"SKIP","floor":18.0},{"not_picked":["Steam Power+1","Auto Shields"],"picked":"Chill","floor":19.0},{"not_picked":["Force Field","Leap"],"picked":"Cold Snap","floor":22},{"not_picked":["BootSequence","Streamline"],"picked":"Static Discharge","floor":24},{"not_picked":["Steam","Undo"],"picked":"Recycle","floor":27},{"not_picked":["Coolheaded","Leap","Reprogram"],"picked":"SKIP","floor":29},{"not_picked":["Go for the Eyes","Beam Cell"],"picked":"FTL","floor":30},{"not_picked":["Reboot","Gash"],"picked":"Loop","floor":31}],"player_experience":1151818,"relics_obtained":[{"floor":6.0,"key":"Juzu Bracelet"},{"floor":9.0,"key":"DataDisk"},{"floor":14.0,"key":"Art of War"},{"floor":22,"key":"Red Mask"},{"floor":24,"key":"Pen Nib"},{"floor":27,"key":"Anchor"},{"floor":28,"key":"Tiny Chest"},{"floor":31,"key":"Singing Bowl"}],"event_choices":[{"damage_healed":0.0,"max_hp_gain":0.0,"max_hp_loss":0.0,"gold_gain":0.0,"event_name":"Living Wall","player_choice":"Grow","floor":2.0,"gold_loss":0.0,"damage_taken":0.0,"cards_upgraded":["Zap"]},{"damage_healed":0.0,"max_hp_gain":0.0,"max_hp_loss":0.0,"gold_gain":0.0,"event_name":"Shining Light","player_choice":"Entered Light","floor":3.0,"gold_loss":0.0,"damage_taken":21.0,"cards_upgraded":["Defend_B","Defend_B"]},{"damage_healed":0,"gold_gain":0,"player_choice":"Ignored","damage_taken":0,"max_hp_gain":0,"max_hp_loss":0,"event_name":"The Mausoleum","floor":20,"gold_loss":0},{"damage_healed":0,"gold_gain":0,"player_choice":"Became a Ghost","damage_taken":0,"max_hp_gain":0,"max_hp_loss":36,"event_name":"Ghosts","floor":21,"gold_loss":0,"cards_obtained":["Ghostly","Ghostly","Ghostly"]},{"damage_healed":0,"gold_gain":0,"player_choice":"Fought Bandits","damage_taken":0,"max_hp_gain":0,"max_hp_loss":0,"event_name":"Masked Bandits","floor":22,"gold_loss":0}],"is_beta":false,"boss_relics":[{"not_picked":["Orrery","Coffee Dripper"],"picked":"Runic Dome"}],"items_purged_floors":[],"is_endless":false,"potions_floor_spawned":[5,8,10,18,29,30],"killed_by":"Collector","ascension_level":20}