{"gold_per_floor":[112,59,59,59,82,128,140,162,197,223,235,247,103,120,120,225,275,293,293,311,311,324,359,359,385,385,399,399,410,410],"floor_reached":30,"playtime":3461,"items_purged":[],"score":432,"play_id":"143a1770-42d0-474b-9e73-c5b772e293bf","local_time":"20180727173438","is_ascension_mode":true,"campfire_choices":[{"data":"Whirlwind","floor":7.0,"key":"SMITH"},{"data":"Bash","floor":11.0,"key":"SMITH"},{"data":"Flame Barrier","floor":15.0,"key":"SMITH"},{"data":"Flex","floor":24,"key":"SMITH"},{"data":"Entrench","floor":28,"key":"SMITH"}],"neow_cost":"NONE","seed_source_timestamp":0,"circlet_count":0,"master_deck":["Strike_R+1","Strike_R+1","Strike_R+1","Strike_R+1","Defend_R+1","Defend_R+1","Defend_R+1","Defend_R+1","Bash+1","Whirlwind+1","Flex","Flame Barrier+1","Thunderclap","Twin Strike","Flex+1","Perfected Strike","Immolate","Pummel","Rage","Battle Trance","Wild Strike","Pummel+1","Brutality","Entrench+1","Metallicize","Dual Wield"],"special_seed":0,"relics":["Burning Blood","NeowsBlessing","MawBank","Bag of Preparation","Blood Vial","Vajra","Tiny House","Pen Nib","Red Skull","Meat on the Bone"],"potions_floor_usage":[23,25,25,25,25,30,30],"damage_taken":[{"damage":0.0,"enemies":"Small Slimes","floor":1.0,"turns":1.0},{"damage":0.0,"enemies":"Cultist","floor":5.0,"turns":1.0},{"damage":0.0,"enemies":"Lagavulin","floor":6.0,"turns":1.0},{"damage":5.0,"enemies":"2 Louse","floor":8.0,"turns":2.0},{"damage":10.0,"enemies":"Looter","floor":10.0,"turns":4.0},{"damage":0.0,"enemies":"Gremlin Gang","floor":14.0,"turns":1.0},{"damage":10.0,"enemies":"Slime Boss","floor":16.0,"turns":7.0},{"damage":11.0,"enemies":"Spheric Guardian","floor":18.0,"turns":3.0},{"damage":12.0,"enemies":"Chosen","floor":20.0,"turns":3.0},{"damage":17.0,"enemies":"Centurion and Healer","floor":22.0,"turns":5.0},{"damage":0,"enemies":"Gremlin Leader","floor":23,"turns":4},{"damage":37,"enemies":"Book of Stabbing","floor":25,"turns":4},{"damage":23,"enemies":"Snecko","floor":27,"turns":4},{"damage":21,"enemies":"Slaver and Parasite","floor":29,"turns":3},{"damage":55,"enemies":"Gremlin Leader","floor":30,"turns":5}],"seed_played":"-253120424928624284","potions_obtained":[{"floor":1.0,"key":"Poison Potion"},{"floor":3.0,"key":"SpeedPotion"},{"floor":3.0,"key":"Weak Potion"},{"floor":3.0,"key":"EntropicBrew"},{"floor":8.0,"key":"EssenceOfSteel"},{"floor":23,"key":"SteroidPotion"}],"is_trial":false,"path_per_floor":["M","$","?","?","M","E","R","M","T","M","R","?","$","M","R","B",null,"M","?","M","?","M","E","R","E","T","M","R","M"],"character_chosen":"IRONCLAD","items_purchased":["Flex","Vajra"],"campfire_rested":0,"item_purchase_floors":[2,13],"current_hp_per_floor":[78,78,78,78,80,80,80,80,80,76,76,76,76,80,80,76,84,80,80,76,76,67,75,75,46,46,43,43,42,0],"gold":410,"neow_bonus":"THREE_ENEMY_KILL","is_prod":false,"is_daily":false,"chose_seed":false,"campfire_upgraded":5,"win_rate":0,"timestamp":1532705678,"path_taken":["M","$","?","?","?","E","R","M","T","M","R","?","?","M","R","BOSS","M","?","M","?","M","E","R","E","T","?","R","?","E"],"build_version":"2018-07-26","purchased_purges":0,"victory":false,"max_hp_per_floor":[80,80,80,80,80,80,80,80,80,80,80,80,80,80,80,80,85,85,85,85,85,85,85,85,85,85,85,85,85,85],"card_choices":[{"not_picked":["Spot Weakness","Second Wind"],"picked":"Whirlwind","floor":1.0},{"not_picked":["Metallicize","Whirlwind"],"picked":"Flame Barrier","floor":5.0},{"not_picked":["Evolve","Iron Wave"],"picked":"Thunderclap","floor":6.0},{"not_picked":["Iron Wave","Sword Boomerang"],"picked":"Twin Strike","floor":8.0},{"not_picked":["Second Wind","True Grit"],"picked":"Flex","floor":10.0},{"not_picked":["Headbutt","Body Slam"],"picked":"Perfected Strike","floor":14.0},{"not_picked":["Reaper","Dark Embrace"],"picked":"Immolate","floor":16.0},{"not_picked":["Heavy Blade","Clothesline"],"picked":"Pummel","floor":17.0},{"not_picked":["Intimidate","Thunderclap+1"],"picked":"Rage","floor":18.0},{"not_picked":["Body Slam","Reckless Charge"],"picked":"Wild Strike","floor":20.0},{"not_picked":["Disarm+1","Sword Boomerang"],"picked":"Pummel+1","floor":22},{"not_picked":["Clothesline+1","Rupture"],"picked":"Brutality","floor":23},{"not_picked":["Heavy Blade","Havoc"],"picked":"Entrench","floor":25},{"not_picked":["Flame Barrier","Armaments+1"],"picked":"Metallicize","floor":27},{"not_picked":["Pommel Strike","Sword Boomerang"],"picked":"Dual Wield","floor":29}],"player_experience":848180,"relics_obtained":[{"floor":6.0,"key":"Bag of Preparation"},{"floor":9.0,"key":"Blood Vial"},{"floor":23,"key":"Pen Nib"},{"floor":25,"key":"Red Skull"},{"floor":26,"key":"Meat on the Bone"}],"event_choices":[{"event_name":"The Lab","player_choice":"Got Potions","floor":3.0,"damage_taken":0.0},{"event_name":"Big Fish","player_choice":"Box","floor":4.0,"damage_taken":0.0},{"event_name":"Fountain of Cleansing","player_choice":"Removed Curse","floor":12.0,"damage_taken":0.0},{"event_name":"Transmorgrifier","player_choice":"Transform","floor":19.0,"damage_taken":0.0},{"event_name":"Back to Basics","player_choice":"Simplicity","floor":21.0,"damage_taken":0.0}],"is_beta":false,"boss_relics":[{"not_picked":["White Beast Statue","Cursed Key"],"picked":"Tiny House"}],"items_purged_floors":[],"is_endless":false,"potions_floor_spawned":[1,8,10,22,23],"killed_by":"Gremlin Leader","ascension_level":7}