{"gold_per_floor":[115,115,46,66,28,60,110,110,133,149,181,181,198,216,216,316,316,316,231,186,186],"floor_reached":21,"playtime":575,"items_purged":[],"score":332,"play_id":"d82d006a-5c47-4d46-a1b1-40412c740085","local_time":"20190116175820","is_ascension_mode":true,"campfire_choices":[{"data":"Bludgeon","floor":8,"key":"SMITH"},{"data":"Havoc","floor":12,"key":"SMITH"},{"data":"Inflame","floor":15,"key":"SMITH"}],"neow_cost":"NONE","seed_source_timestamp":575124396456106,"circlet_count":0,"master_deck":["AscendersBane","Strike_R","Strike_R","Strike_R","Strike_R","Strike_R","Defend_R","Defend_R","Defend_R","Defend_R","Bash","Sever Soul","Bludgeon+1","Havoc+1","Inflame+1","Second Wind","Twin Strike","Cleave","Warcry","Rage","Feed","Whirlwind","Feel No Pain"],"relics":["Burning Blood","NeowsBlessing","Thread and Needle","Orichalcum","Regal Pillow","Ectoplasm","Dream Catcher"],"potions_floor_usage":[4,11,16,20],"damage_taken":[{"damage":0,"enemies":"Cultist","floor":1,"turns":1},{"damage":0,"enemies":"Small Slimes","floor":4,"turns":2},{"damage":0,"enemies":"Lagavulin","floor":6,"turns":2},{"damage":0,"enemies":"Jaw Worm","floor":10,"turns":3},{"damage":2,"enemies":"Gremlin Nob","floor":11,"turns":3},{"damage":0,"enemies":"Red Slaver","floor":13,"turns":1},{"damage":4,"enemies":"Exordium Thugs","floor":14,"turns":4},{"damage":45,"enemies":"Hexaghost","floor":16,"turns":9},{"damage":21,"enemies":"3 Byrds","floor":18,"turns":5},{"damage":11,"enemies":"2 Thieves","floor":20,"turns":3},{"damage":14,"enemies":"Snake Plant","floor":21,"turns":3}],"seed_played":"1348408774888881413","potions_obtained":[{"floor":2,"key":"Fruit Juice"},{"floor":2,"key":"PowerPotion"},{"floor":4,"key":"Energy Potion"},{"floor":6,"key":"Block Potion"},{"floor":11,"key":"Strength Potion"},{"floor":16,"key":"SpeedPotion"},{"floor":18,"key":"BloodPotion"}],"is_trial":false,"path_per_floor":["M","?","$","M","$","E","?","R","T","M","E","R","M","M","R","B",null,"M","?","M","M"],"character_chosen":"IRONCLAD","items_purchased":["Bludgeon","Inflame"],"campfire_rested":0,"item_purchase_floors":[3,5],"current_hp_per_floor":[78,78,78,85,85,85,85,85,85,85,85,85,85,85,85,46,75,63,63,66,52],"gold":186,"neow_bonus":"THREE_ENEMY_KILL","is_prod":false,"is_daily":false,"chose_seed":false,"campfire_upgraded":3,"win_rate":0,"timestamp":1547657900,"path_taken":["M","?","?","M","$","E","?","R","T","M","E","R","M","M","R","BOSS","M","?","M","M"],"build_version":"2019-01-10","purchased_purges":0,"victory":false,"max_hp_per_floor":[80,80,80,85,85,85,85,85,85,85,85,85,85,85,85,85,85,88,88,88,88],"card_choices":[{"not_picked":["Armaments","Shrug It Off"],"picked":"Sever Soul","floor":1},{"not_picked":["Entrench","Anger"],"picked":"Havoc","floor":4},{"not_picked":["Inflame","Combust"],"picked":"Second Wind","floor":6},{"not_picked":["Havoc","Sword Boomerang"],"picked":"Twin Strike","floor":10},{"not_picked":["Warcry","Rampage"],"picked":"Cleave","floor":11},{"not_picked":["Dual Wield","Burning Pact"],"picked":"Warcry","floor":13},{"not_picked":["Searing Blow","Heavy Blade"],"picked":"Rage","floor":14},{"not_picked":["Berserk","Demon Form"],"picked":"Feed","floor":16},{"not_picked":["Clash","Armaments"],"picked":"Whirlwind","floor":18},{"not_picked":["Wild Strike","Heavy Blade"],"picked":"Feel No Pain","floor":20}],"player_experience":1947222,"relics_obtained":[{"floor":6,"key":"Thread and Needle"},{"floor":9,"key":"Orichalcum"},{"floor":11,"key":"Regal Pillow"}],"event_choices":[{"damage_healed":0,"gold_gain":0,"player_choice":"Got Potions","damage_taken":0,"max_hp_gain":0,"max_hp_loss":0,"event_name":"Lab","floor":2,"gold_loss":0},{"damage_healed":0,"gold_gain":50,"player_choice":"Gained Gold","damage_taken":0,"max_hp_gain":0,"max_hp_loss":0,"event_name":"Golden Wing","floor":7,"gold_loss":0},{"damage_healed":0,"gold_gain":0,"player_choice":"Obtained Relic","damage_taken":0,"relics_obtained":["Dream Catcher"],"max_hp_gain":0,"max_hp_loss":0,"event_name":"Addict","floor":19,"gold_loss":85}],"is_beta":false,"boss_relics":[{"not_picked":["Mark of Pain","Lizard Tail"],"picked":"Ectoplasm"}],"items_purged_floors":[],"is_endless":false,"potions_floor_spawned":[4,6,11,14,16,18],"killed_by":"Snake Plant","ascension_level":11}