{"gold_per_floor":[116,116,130,144,31,31,66,12,59,59,59,59,85,85,85,186,186,206,206,53,70,85,110,122,122],"floor_reached":25,"playtime":2374,"items_purged":["Defend_R"],"score":263,"play_id":"6277e875-ed81-4284-85bc-d20100e130ad","local_time":"20190220135458","is_ascension_mode":true,"campfire_choices":[{"data":"Flame Barrier","floor":6,"key":"SMITH"},{"floor":15,"key":"REST"}],"neow_cost":"NONE","seed_source_timestamp":792121857541,"circlet_count":0,"master_deck":["Strike_R","Strike_R+1","Strike_R","Strike_R","Strike_R","Defend_R","Defend_R","Defend_R","Bash+1","Flame Barrier+1","Inflame+1","Shrug It Off+1","Reaper+1","Shrug It Off","Metallicize","Flame Barrier+1","Metallicize"],"relics":["Burning Blood","Potion Belt","Dead Branch","Juzu Bracelet","Bottled Tornado","Philosopher\u0027s Stone","Omamori"],"potions_floor_usage":[18,23],"damage_taken":[{"damage":7,"enemies":"Small Slimes","floor":1,"turns":3},{"damage":6,"enemies":"Cultist","floor":3,"turns":4},{"damage":0,"enemies":"2 Louse","floor":4,"turns":3},{"damage":23,"enemies":"3 Sentries","floor":7,"turns":11},{"damage":47,"enemies":"Gremlin Nob","floor":13,"turns":6},{"damage":45,"enemies":"The Guardian","floor":16,"turns":13},{"damage":28,"enemies":"3 Byrds","floor":18,"turns":5},{"damage":31,"enemies":"2 Thieves","floor":21,"turns":5},{"damage":35,"enemies":"Shelled Parasite and Fungi","floor":22,"turns":7},{"damage":38,"enemies":"Gremlin Leader","floor":23,"turns":10},{"damage":38,"enemies":"Snake Plant","floor":24,"turns":4},{"damage":67,"enemies":"Slavers","floor":25,"turns":4}],"seed_played":"6644343294331574627","potions_obtained":[{"floor":13,"key":"Ancient Potion"},{"floor":16,"key":"Fire Potion"},{"floor":21,"key":"Poison Potion"},{"floor":23,"key":"LiquidBronze"}],"is_trial":false,"path_per_floor":["M","?","M","M","$","R","E","$","T","?","?","?","E","?","R","B",null,"M","?","$","M","M","E","M","E"],"character_chosen":"IRONCLAD","items_purchased":["Flame Barrier","Inflame","Shrug It Off","Metallicize"],"campfire_rested":1,"item_purchase_floors":[5,5,8,20],"current_hp_per_floor":[87,87,87,88,88,88,71,71,71,88,70,70,29,29,55,16,88,77,77,77,68,47,65,41,0],"gold":122,"neow_bonus":"TEN_PERCENT_HP_BONUS","is_prod":false,"is_daily":false,"chose_seed":false,"campfire_upgraded":1,"win_rate":0,"timestamp":1550667298,"path_taken":["M","?","M","?","?","R","E","$","T","?","?","?","E","?","R","BOSS","M","?","$","M","M","E","M","E"],"build_version":"2019-01-23","purchased_purges":1,"victory":false,"max_hp_per_floor":[88,88,88,88,88,88,88,88,88,88,88,88,88,88,88,88,88,88,88,88,88,88,88,88,88],"card_choices":[{"not_picked":["Clash","Twin Strike"],"picked":"Armaments","floor":1},{"not_picked":["Rage","Havoc","Seeing Red"],"picked":"SKIP","floor":3},{"not_picked":["Seeing Red","Sword Boomerang","Iron Wave"],"picked":"SKIP","floor":4},{"not_picked":["Rupture","Hemokinesis","Rage"],"picked":"SKIP","floor":7},{"not_picked":["Cleave","Iron Wave","Havoc"],"picked":"SKIP","floor":13},{"not_picked":["Fiend Fire","Immolate"],"picked":"Reaper","floor":16},{"not_picked":["Combust+1","Sword Boomerang"],"picked":"Shrug It Off","floor":18},{"not_picked":["Clash","Wild Strike","Entrench"],"picked":"SKIP","floor":21},{"not_picked":["Combust","Dual Wield","Corruption"],"picked":"SKIP","floor":22},{"not_picked":["Searing Blow+1","Dropkick"],"picked":"Flame Barrier+1","floor":23},{"not_picked":["Fire Breathing","Cleave"],"picked":"Metallicize","floor":24}],"player_experience":106654,"relics_obtained":[{"floor":7,"key":"Dead Branch"},{"floor":9,"key":"Juzu Bracelet"},{"floor":13,"key":"Bottled Tornado"},{"floor":23,"key":"Omamori"}],"event_choices":[{"cards_removed":["Armaments"],"damage_healed":0,"gold_gain":0,"player_choice":"Gave Card","damage_taken":0,"relics_obtained":["Potion Belt"],"max_hp_gain":0,"max_hp_loss":0,"event_name":"WeMeetAgain","floor":2,"gold_loss":0},{"damage_healed":17,"gold_gain":0,"player_choice":"Full Heal","damage_taken":0,"max_hp_gain":0,"max_hp_loss":0,"event_name":"Wheel of Change","floor":10,"gold_loss":0},{"damage_healed":0,"gold_gain":0,"player_choice":"Entered Light","damage_taken":18,"max_hp_gain":0,"max_hp_loss":0,"event_name":"Shining Light","floor":11,"gold_loss":0,"cards_upgraded":["Strike_R","Inflame"]},{"damage_healed":0,"gold_gain":0,"player_choice":"Upgraded","damage_taken":0,"max_hp_gain":0,"max_hp_loss":0,"event_name":"Upgrade Shrine","floor":12,"gold_loss":0,"cards_upgraded":["Shrug It Off"]},{"damage_healed":0,"gold_gain":0,"player_choice":"Forge","damage_taken":0,"max_hp_gain":0,"max_hp_loss":0,"event_name":"Accursed Blacksmith","floor":14,"gold_loss":0,"cards_upgraded":["Bash"]},{"damage_healed":0,"gold_gain":0,"player_choice":"Upgraded","damage_taken":0,"max_hp_gain":0,"max_hp_loss":0,"event_name":"Upgrade Shrine","floor":19,"gold_loss":0,"cards_upgraded":["Reaper"]}],"is_beta":false,"boss_relics":[{"not_picked":["Eternal Feather","Cursed Key"],"picked":"Philosopher\u0027s Stone"}],"items_purged_floors":[20],"is_endless":false,"potions_floor_spawned":[13,16,21,23],"killed_by":"Slavers","ascension_level":3}