{"gold_per_floor":[117,136,153,171,73,73,101,101,127,152,102,158,183,160,172,184],"floor_reached":16,"playtime":912,"items_purged":["Normality"],"score":160,"play_id":"9d22e9a5-6306-4428-a3be-0f7f53a3c2f2","local_time":"20180908210606","is_ascension_mode":true,"campfire_choices":[{"data":"Terror","floor":6.0,"key":"SMITH"},{"floor":8,"key":"REST"},{"data":"Footwork","floor":15,"key":"SMITH"}],"neow_cost":"CURSE","seed_source_timestamp":675300094754199,"circlet_count":0,"master_deck":["Defend_G","Defend_G","Defend_G","Defend_G","Defend_G","Strike_G","Strike_G","Strike_G","Strike_G","Strike_G","Survivor","Neutralize","Flying Knee","Terror+1","Calculated Gamble","PiercingWail","Outmaneuver","Leg Sweep","Dodge and Roll","Footwork+1","Endless Agony"],"special_seed":0,"relics":["Ring of the Snake","Dead Branch","Centennial Puzzle","Boot","Juzu Bracelet","MawBank"],"potions_floor_usage":[10,12,16,16,16],"damage_taken":[{"damage":2.0,"enemies":"Cultist","floor":1.0,"turns":5.0},{"damage":0.0,"enemies":"2 Louse","floor":2.0,"turns":3.0},{"damage":3.0,"enemies":"Small Slimes","floor":3.0,"turns":4.0},{"damage":8.0,"enemies":"Looter","floor":4.0,"turns":4.0},{"damage":31,"enemies":"3 Sentries","floor":7,"turns":7},{"damage":7,"enemies":"Gremlin Nob","floor":10,"turns":3},{"damage":6,"enemies":"Gremlin Nob","floor":12,"turns":4},{"damage":0,"enemies":"Exordium Wildlife","floor":13,"turns":6},{"damage":44,"enemies":"Slime Boss","floor":16,"turns":13}],"seed_played":"-1941817316825169666","potions_obtained":[{"floor":3.0,"key":"Weak Potion"},{"floor":4.0,"key":"Block Potion"},{"floor":7,"key":"Weak Potion"},{"floor":12,"key":"Dexterity Potion"}],"is_trial":false,"path_per_floor":["M","M","M","M","$","R","E","R","T","E","?","?","M","?","R"],"character_chosen":"THE_SILENT","items_purchased":["Outmaneuver"],"campfire_rested":1,"item_purchase_floors":[5],"current_hp_per_floor":[61,61,58,50,50,50,19,40,40,33,33,27,27,44,44,0],"gold":184,"neow_bonus":"ONE_RARE_RELIC","is_prod":false,"is_daily":false,"chose_seed":false,"campfire_upgraded":2,"win_rate":0,"timestamp":1536433566,"path_taken":["M","M","?","?","?","R","E","R","T","E","?","?","M","?","R","BOSS"],"build_version":"2018-09-06","purchased_purges":1,"victory":false,"max_hp_per_floor":[70,70,70,70,70,70,70,70,70,70,70,70,70,70,70,70],"card_choices":[{"not_picked":["Infinite Blades","Choke"],"picked":"Flying Knee","floor":1.0},{"not_picked":["Deadly Poison","All Out Attack"],"picked":"Terror","floor":2.0},{"not_picked":["Acrobatics","Sucker Punch"],"picked":"Calculated Gamble","floor":3.0},{"not_picked":["Sucker Punch","Prepared"],"picked":"PiercingWail","floor":4.0},{"not_picked":["PiercingWail","Concentrate"],"picked":"Leg Sweep","floor":7},{"not_picked":["Finisher","Bane"],"picked":"Dodge and Roll","floor":10},{"not_picked":["Sucker Punch","Phantasmal Killer"],"picked":"Footwork","floor":12},{"not_picked":["Flying Knee","Prepared"],"picked":"Endless Agony","floor":13}],"player_experience":983258,"relics_obtained":[{"floor":7,"key":"Centennial Puzzle"},{"floor":9,"key":"Boot"},{"floor":10,"key":"Juzu Bracelet"}],"event_choices":[{"event_name":"World of Goop","player_choice":"Left","floor":11,"damage_taken":0},{"event_name":"Dead Adventurer","player_choice":"Searched \u00273\u0027 times","floor":12,"damage_taken":0},{"event_name":"The Cleric","player_choice":"Healed","floor":14,"damage_taken":0}],"is_beta":false,"boss_relics":[],"items_purged_floors":[5],"is_endless":false,"potions_floor_spawned":[3,4,7,12],"killed_by":"Slime Boss","ascension_level":9}