{"gold_per_floor":[114,114,16,41,57,95,95,111,187,206,206,227,227,246,246,339,339,339,339,339,339,339,339],"floor_reached":23,"playtime":3005,"items_purged":["Injury"],"score":332,"play_id":"9c427275-1cb9-463e-a0b6-f233572e3b22","local_time":"20190216225049","is_ascension_mode":true,"campfire_choices":[{"data":"A Thousand Cuts","floor":7,"key":"SMITH"},{"data":"Infinite Blades","floor":11,"key":"SMITH"},{"floor":15,"key":"REST"}],"neow_cost":"NONE","seed_source_timestamp":239027774022089,"circlet_count":0,"master_deck":["AscendersBane","Survivor","Neutralize","Dagger Throw","Tactician","Poisoned Stab","Backflip","Slice","Slice","Poisoned Stab","A Thousand Cuts+1","Night Terror","Prepared","Dodge and Roll","Cloak And Dagger","Dodge and Roll","Cloak And Dagger","Backflip","Infinite Blades+1","Cloak And Dagger","Decay","PiercingWail","Burst","Leg Sweep"],"relics":["Pandora\u0027s Box","Golden Idol","Tingsha","Kunai","Ectoplasm"],"potions_floor_usage":[16,16,23],"damage_taken":[{"damage":0,"enemies":"Cultist","floor":1,"turns":2},{"damage":0,"enemies":"2 Louse","floor":4,"turns":2},{"damage":0,"enemies":"Small Slimes","floor":5,"turns":2},{"damage":15,"enemies":"Gremlin Nob","floor":6,"turns":4},{"damage":0,"enemies":"2 Fungi Beasts","floor":8,"turns":3},{"damage":8,"enemies":"Exordium Thugs","floor":10,"turns":4},{"damage":2,"enemies":"Looter","floor":12,"turns":3},{"damage":0,"enemies":"Blue Slaver","floor":14,"turns":4},{"damage":25,"enemies":"The Guardian","floor":16,"turns":10},{"damage":8,"enemies":"Shell Parasite","floor":18,"turns":4},{"damage":8,"enemies":"Spheric Guardian","floor":20,"turns":6},{"damage":13,"enemies":"Snake Plant","floor":22,"turns":5},{"damage":19,"enemies":"Slavers","floor":23,"turns":1}],"seed_played":"-5225346489368393144","potions_obtained":[{"floor":4,"key":"PowerPotion"},{"floor":5,"key":"SneckoOil"},{"floor":12,"key":"Block Potion"},{"floor":18,"key":"FearPotion"},{"floor":20,"key":"Strength Potion"}],"is_trial":false,"path_per_floor":["M","?","$","M","M","E","R","M","T","M","R","M","?","M","R","B",null,"M","?","M","?","M","E"],"character_chosen":"THE_SILENT","items_purchased":["Cloak And Dagger"],"campfire_rested":1,"item_purchase_floors":[3],"current_hp_per_floor":[59,59,59,59,59,44,44,44,44,36,36,34,34,34,53,28,57,49,37,29,29,16,0],"gold":339,"neow_bonus":"BOSS_RELIC","is_prod":false,"is_daily":false,"chose_seed":false,"campfire_upgraded":2,"win_rate":0,"timestamp":1550325049,"path_taken":["M","?","$","M","M","E","R","M","T","M","R","M","?","?","R","BOSS","M","?","M","?","M","E"],"build_version":"2019-01-23","purchased_purges":1,"victory":false,"max_hp_per_floor":[66,66,66,66,66,66,66,66,66,66,66,66,66,66,66,66,66,66,71,71,71,71,71],"card_choices":[{"not_picked":["PiercingWail","Deflect"],"picked":"Dodge and Roll","floor":1},{"not_picked":["Crippling Poison","Bouncing Flask"],"picked":"Dodge and Roll","floor":4},{"not_picked":["Prepared","Outmaneuver"],"picked":"Cloak And Dagger","floor":5},{"not_picked":["Wraith Form v2","Deadly Poison","Distraction"],"picked":"SKIP","floor":6},{"not_picked":["Blade Dance","Distraction"],"picked":"Backflip","floor":8},{"not_picked":["Outmaneuver","Distraction"],"picked":"Infinite Blades","floor":10},{"not_picked":["Dagger Throw","Dodge and Roll"],"picked":"Cloak And Dagger","floor":12},{"not_picked":["Reflex","Distraction"],"picked":"PiercingWail","floor":14},{"not_picked":["A Thousand Cuts","Glass Knife"],"picked":"Burst","floor":16},{"not_picked":["Concentrate","Blade Dance"],"picked":"Leg Sweep","floor":18},{"not_picked":["PiercingWail","Dagger Spray","Masterful Stab+1"],"picked":"SKIP","floor":20},{"not_picked":["Finisher","Underhanded Strike","Backflip"],"picked":"SKIP","floor":22}],"player_experience":579165,"relics_obtained":[{"floor":6,"key":"Tingsha"},{"floor":9,"key":"Kunai"}],"event_choices":[{"damage_healed":0,"gold_gain":0,"player_choice":"Take Wound","damage_taken":0,"relics_obtained":["Golden Idol"],"max_hp_gain":0,"max_hp_loss":0,"event_name":"Golden Idol","floor":2,"gold_loss":0,"cards_obtained":["Injury"]},{"damage_healed":0,"gold_gain":0,"player_choice":"Cursed","damage_taken":0,"max_hp_gain":0,"max_hp_loss":0,"event_name":"Wheel of Change","floor":13,"gold_loss":0,"cards_obtained":["Decay"]},{"damage_healed":0,"gold_gain":0,"player_choice":"Shed Blood","damage_taken":17,"max_hp_gain":5,"max_hp_loss":0,"event_name":"Forgotten Altar","floor":19,"gold_loss":0},{"damage_healed":0,"gold_gain":0,"player_choice":"Bought 0 Potions","damage_taken":0,"max_hp_gain":0,"max_hp_loss":0,"event_name":"The Woman in Blue","floor":21,"gold_loss":0}],"is_beta":false,"boss_relics":[{"not_picked":["WristBlade","Lizard Tail"],"picked":"Ectoplasm"}],"items_purged_floors":[3],"is_endless":false,"potions_floor_spawned":[4,5,12,18,20],"killed_by":"Slavers","ascension_level":14}