{"gold_per_floor":[112,128,142,157,157,184,184,195,221,252,252,59,59],"floor_reached":13,"playtime":586,"items_purged":["Strike_G"],"score":109,"play_id":"3e5552ee-009d-4483-8d83-7329fdb60044","local_time":"20190208182630","is_ascension_mode":true,"campfire_choices":[{"data":"Accuracy","floor":7.0,"key":"SMITH"}],"neow_cost":"NONE","seed_source_timestamp":0,"circlet_count":0,"master_deck":["Defend_G","Defend_G","Defend_G","Defend_G+1","Defend_G+1","Strike_G","Strike_G","Strike_G","Strike_G","Survivor","Neutralize","Poisoned Stab","Adrenaline","All Out Attack","Catalyst","Accuracy+1","Distraction","Bane"],"special_seed":0,"relics":["Ring of the Snake","Dream Catcher","Smiling Mask","Snake Skull","Strawberry"],"potions_floor_usage":[10],"damage_taken":[{"damage":7.0,"enemies":"Small Slimes","floor":1.0,"turns":4.0},{"damage":0.0,"enemies":"Jaw Worm","floor":2.0,"turns":4.0},{"damage":1.0,"enemies":"Cultist","floor":3.0,"turns":3.0},{"damage":13.0,"enemies":"Gremlin Gang","floor":4.0,"turns":3.0},{"damage":14.0,"enemies":"3 Sentries","floor":6.0,"turns":7.0},{"damage":0.0,"enemies":"Exordium Thugs","floor":8.0,"turns":4.0},{"damage":20,"enemies":"Gremlin Nob","floor":10,"turns":4},{"damage":15,"enemies":"Lagavulin","floor":13,"turns":2}],"seed_played":"1394063851896802004","potions_obtained":[{"floor":3.0,"key":"Explosive Potion"},{"floor":4.0,"key":"SkillPotion"},{"floor":8.0,"key":"FearPotion"},{"floor":10,"key":"Swift Potion"}],"is_trial":false,"path_per_floor":["M","M","M","M","?","E","R","M","T","E","?","$","E"],"character_chosen":"THE_SILENT","items_purchased":["Strawberry"],"campfire_rested":0,"item_purchase_floors":[12],"current_hp_per_floor":[70,70,69,56,41,27,27,27,27,7,7,14,0],"gold":59,"neow_bonus":"TEN_PERCENT_HP_BONUS","is_prod":false,"is_daily":false,"chose_seed":false,"campfire_upgraded":1,"win_rate":0,"timestamp":1549679190,"path_taken":["M","M","M","M","?","E","R","M","T","E","?","?","E"],"build_version":"2019-01-23","purchased_purges":1,"victory":false,"max_hp_per_floor":[77,77,77,77,77,77,77,77,77,77,77,84,84],"card_choices":[{"not_picked":["Dagger Throw","Cloak And Dagger"],"picked":"Poisoned Stab","floor":1.0},{"not_picked":["Cloak And Dagger","Sucker Punch"],"picked":"Adrenaline","floor":2.0},{"not_picked":["Blade Dance","Caltrops"],"picked":"All Out Attack","floor":3.0},{"not_picked":["Dagger Throw","Blade Dance"],"picked":"Catalyst","floor":4.0},{"not_picked":["Adrenaline","Flechettes"],"picked":"Accuracy","floor":6.0},{"not_picked":["Deflect","Flying Knee"],"picked":"Distraction","floor":8.0},{"not_picked":["Acrobatics","Sucker Punch"],"picked":"Bane","floor":10}],"player_experience":134038,"relics_obtained":[{"floor":6.0,"key":"Dream Catcher"},{"floor":9.0,"key":"Smiling Mask"},{"floor":10,"key":"Snake Skull"}],"event_choices":[{"damage_healed":0.0,"max_hp_gain":0.0,"max_hp_loss":0.0,"gold_gain":0.0,"event_name":"Shining Light","player_choice":"Entered Light","floor":5.0,"gold_loss":0.0,"damage_taken":15.0,"cards_upgraded":["Defend_G","Defend_G"]},{"damage_healed":0,"gold_gain":0,"player_choice":"Ignored","damage_taken":0,"max_hp_gain":0,"max_hp_loss":0,"event_name":"Liars Game","floor":11,"gold_loss":0}],"is_beta":false,"boss_relics":[],"items_purged_floors":[12],"is_endless":false,"potions_floor_spawned":[3,4,8,10],"killed_by":"Lagavulin","ascension_level":3}