{"gold_per_floor":[118,134,154,165,165,165,465,483,553,553,573,55,80,116,116,247],"floor_reached":16,"playtime":641,"items_purged":[],"score":216,"play_id":"fd582081-cbd7-41bc-a83f-80995350abb6","local_time":"20180822125057","is_ascension_mode":true,"campfire_choices":[{"data":"Zap","floor":6.0,"key":"SMITH"},{"floor":10.0,"key":"REST"},{"floor":15.0,"key":"REST"}],"neow_cost":"PERCENT_DAMAGE","seed_source_timestamp":0,"circlet_count":0,"master_deck":["Strike_B","Strike_B","Strike_B","Strike_B","Defend_B","Defend_B","Defend_B","Defend_B","Zap+1","Dualcast","Sweeping Beam","Static Discharge","Leap","Reprogram","Redo","FTL","Metamorphosis","Auto Shields","Scrape","Biased Cognition"],"special_seed":0,"relics":["Cracked Core","Golden Idol","Old Coin","Mummified Hand","Girya","Vajra"],"potions_floor_usage":[],"damage_taken":[{"damage":6.0,"enemies":"Cultist","floor":1.0,"turns":3.0},{"damage":4.0,"enemies":"Jaw Worm","floor":2.0,"turns":3.0},{"damage":1.0,"enemies":"2 Louse","floor":3.0,"turns":3.0},{"damage":19.0,"enemies":"Large Slime","floor":4.0,"turns":5.0},{"damage":6.0,"enemies":"Looter","floor":8.0,"turns":3.0},{"damage":2.0,"enemies":"2 Fungi Beasts","floor":11.0,"turns":3.0},{"damage":14.0,"enemies":"Exordium Thugs","floor":13.0,"turns":5.0},{"damage":8.0,"enemies":"Lagavulin","floor":14.0,"turns":6.0},{"damage":21.0,"enemies":"Hexaghost","floor":16.0,"turns":10.0}],"seed_played":"9198943738814505321","potions_obtained":[{"floor":1.0,"key":"SpeedPotion"},{"floor":8.0,"key":"Energy Potion"},{"floor":13.0,"key":"Energy Potion"},{"floor":16,"key":"PowerPotion"}],"is_trial":false,"path_per_floor":["M","M","M","M","?","R","?","M","T","R","M","$","M","E","R"],"character_chosen":"DEFECT","items_purchased":["Metamorphosis","Girya"],"campfire_rested":2,"item_purchase_floors":[12,12],"current_hp_per_floor":[52,48,47,28,28,28,10,4,4,28,26,26,12,4,28,7],"gold":247,"neow_bonus":"TWENTY_PERCENT_HP_BONUS","is_prod":false,"is_daily":false,"chose_seed":false,"campfire_upgraded":1,"win_rate":0,"timestamp":1534935057,"path_taken":["M","?","M","M","?","R","?","?","T","R","M","$","?","E","R","BOSS","BOSS"],"build_version":"2018-08-16","purchased_purges":0,"victory":false,"max_hp_per_floor":[89,89,89,89,82,82,82,82,82,82,82,82,82,82,82,82],"card_choices":[{"not_picked":["White Noise","Turbo"],"picked":"Sweeping Beam","floor":1.0},{"not_picked":["Gash","Cold Snap"],"picked":"Static Discharge","floor":2.0},{"not_picked":["Steam","Streamline"],"picked":"Leap","floor":3.0},{"not_picked":["Go for the Eyes","Force Field"],"picked":"Reprogram","floor":4.0},{"not_picked":["Capacitor","Aggregate"],"picked":"Redo","floor":8.0},{"not_picked":["Steam Power","Beam Cell"],"picked":"FTL","floor":11.0},{"not_picked":["Turbo","Leap"],"picked":"Auto Shields","floor":13.0},{"not_picked":["Stack","Go for the Eyes"],"picked":"Scrape","floor":14.0},{"not_picked":["Multi-Cast","Reboot"],"picked":"Biased Cognition","floor":16}],"player_experience":916319,"relics_obtained":[{"floor":9.0,"key":"Mummified Hand"},{"floor":14.0,"key":"Vajra"}],"event_choices":[{"event_name":"Golden Idol","player_choice":"Lose Max HP","floor":5.0,"damage_taken":0.0},{"event_name":"Scrap Ooze","player_choice":"success","floor":7.0,"damage_taken":18.0}],"is_beta":false,"boss_relics":[],"items_purged_floors":[],"is_endless":false,"potions_floor_spawned":[1,8,13,16],"killed_by":"Hexaghost","ascension_level":8}