{"gold_per_floor":[119,134,152,165,182,182,182,212,287,297,327,379,407,426,426,426],"floor_reached":16,"playtime":466,"items_purged":[],"score":228,"play_id":"fdf9bf9d-948a-431e-9781-e5e9d81672be","local_time":"20181214022433","is_ascension_mode":true,"campfire_choices":[{"data":"Noxious Fumes","floor":6.0,"key":"SMITH"},{"floor":15,"key":"REST"}],"neow_cost":"NONE","seed_source_timestamp":443024063066855,"circlet_count":0,"master_deck":["AscendersBane","Defend_G","Defend_G","Defend_G","Defend_G","Defend_G","Strike_G","Strike_G","Strike_G","Strike_G","Strike_G","Survivor","Neutralize","Predator","Noxious Fumes+1","Storm of Steel","Quick Slash","Dagger Throw","Endless Agony","Night Terror","Escape Plan"],"special_seed":0,"relics":["Ring of the Snake","Smiling Mask","Paper Crane","Unceasing Top"],"potions_floor_usage":[13,14],"damage_taken":[{"damage":0.0,"enemies":"Cultist","floor":1.0,"turns":3.0},{"damage":2.0,"enemies":"Jaw Worm","floor":2.0,"turns":3.0},{"damage":0.0,"enemies":"2 Louse","floor":3.0,"turns":2.0},{"damage":7.0,"enemies":"Exordium Wildlife","floor":4.0,"turns":4.0},{"damage":3.0,"enemies":"3 Louse","floor":5.0,"turns":3.0},{"damage":14.0,"enemies":"3 Sentries","floor":8.0,"turns":6.0},{"damage":14.0,"enemies":"Looter","floor":10.0,"turns":3.0},{"damage":9,"enemies":"Lagavulin","floor":13,"turns":6},{"damage":5,"enemies":"Large Slime","floor":14,"turns":6},{"damage":0,"enemies":"The Guardian","floor":16,"turns":2}],"seed_played":"-4232982395610656059","potions_obtained":[{"floor":0.0,"key":"SteroidPotion"},{"floor":0.0,"key":"EntropicBrew"},{"floor":2.0,"key":"Energy Potion"},{"floor":10.0,"key":"FearPotion"},{"floor":13,"key":"Weak Potion"}],"is_trial":false,"path_per_floor":["M","M","M","M","M","R","?","E","T","M","?","?","E","M","R","B"],"character_chosen":"THE_SILENT","items_purchased":[],"campfire_rested":1,"item_purchase_floors":[],"current_hp_per_floor":[59,57,57,50,47,47,47,33,33,19,19,19,10,5,24,24],"gold":426,"neow_bonus":"THREE_SMALL_POTIONS","is_prod":false,"is_daily":false,"chose_seed":false,"campfire_upgraded":1,"win_rate":0,"timestamp":1544772273,"path_taken":["M","M","?","M","M","R","?","E","T","M","?","?","E","M","R","BOSS"],"build_version":"2018-12-13","purchased_purges":0,"victory":false,"max_hp_per_floor":[66,66,66,66,66,66,66,66,66,66,66,66,66,66,66,66],"card_choices":[{"not_picked":["Finisher","Heel Hook"],"picked":"Predator","floor":1.0},{"not_picked":["Finisher","Bouncing Flask"],"picked":"Noxious Fumes","floor":2.0},{"not_picked":["Dodge and Roll","Expertise"],"picked":"Storm of Steel","floor":3.0},{"not_picked":["Eviscerate","Flying Knee"],"picked":"Quick Slash","floor":4.0},{"not_picked":["Flying Knee","Outmaneuver","Deadly Poison"],"picked":"SKIP","floor":5.0},{"not_picked":["Quick Slash","Riddle With Holes"],"picked":"Dagger Throw","floor":8.0},{"not_picked":["PiercingWail","Deflect"],"picked":"Endless Agony","floor":10.0},{"not_picked":["Endless Agony","Escape Plan"],"picked":"Night Terror","floor":13},{"not_picked":["Heel Hook","Quick Slash"],"picked":"Escape Plan","floor":14}],"player_experience":1224173,"relics_obtained":[{"floor":8.0,"key":"Smiling Mask"},{"floor":9.0,"key":"Paper Crane"},{"floor":13,"key":"Unceasing Top"}],"event_choices":[{"damage_healed":0.0,"max_hp_gain":0.0,"max_hp_loss":0.0,"gold_gain":0.0,"event_name":"Golden Idol","player_choice":"Ignored","floor":7.0,"gold_loss":0.0,"damage_taken":0.0},{"damage_healed":0.0,"max_hp_gain":0.0,"max_hp_loss":0.0,"gold_gain":30.0,"event_name":"Dead Adventurer","player_choice":"Searched \u00271\u0027 times","floor":11.0,"gold_loss":0.0,"damage_taken":0.0},{"damage_healed":0.0,"max_hp_gain":0.0,"max_hp_loss":0.0,"gold_gain":52.0,"event_name":"Golden Wing","player_choice":"Gained Gold","floor":12.0,"gold_loss":0.0,"damage_taken":0.0}],"is_beta":true,"boss_relics":[],"items_purged_floors":[],"is_endless":false,"potions_floor_spawned":[1,2,4,10,13],"killed_by":"The Guardian","ascension_level":20}