{"gold_per_floor":[112,71,71,46,46,89,89,104,131,81,81,99,99,49,49,139,139,160,175,152,152,152,152,167,167,167,182,182,182,182,182,182,182],"floor_reached":33,"playtime":1348,"items_purged":["Pain"],"score":431,"play_id":"e80ae987-ca40-49b1-8c25-ae769e792303","local_time":"20190203202233","is_ascension_mode":true,"campfire_choices":[{"floor":7,"key":"REST"},{"floor":11,"key":"REST"},{"data":"True Grit","floor":13,"key":"SMITH"},{"data":"Metallicize","floor":15,"key":"SMITH"},{"data":"Bite","floor":23,"key":"SMITH"},{"floor":25,"key":"REST"},{"data":"Flex","floor":29,"key":"SMITH"},{"floor":32,"key":"REST"}],"neow_cost":"NONE","seed_source_timestamp":13910422215267229,"circlet_count":0,"master_deck":["AscendersBane","Defend_R","Defend_R","Defend_R","Defend_R","Bash","Impervious","Pommel Strike","Metallicize+1","Battle Trance","True Grit+1","Uppercut","Flex+1","Bite","Bite","Bite","Bite","Bite+1","Necronomicurse"],"relics":["Burning Blood","Golden Idol","WarpedTongs","Champion Belt","Smiling Mask","Runic Pyramid","MutagenicStrength","Pear","Necronomicon"],"potions_floor_usage":[16,24,27],"damage_taken":[{"damage":2,"enemies":"Jaw Worm","floor":1,"turns":4},{"damage":30,"enemies":"Lagavulin","floor":6,"turns":8},{"damage":8,"enemies":"2 Louse","floor":8,"turns":4},{"damage":1,"enemies":"Small Slimes","floor":12,"turns":3},{"damage":14,"enemies":"The Guardian","floor":16,"turns":14},{"damage":29,"enemies":"Spheric Guardian","floor":18,"turns":9},{"damage":0,"enemies":"Chosen","floor":19,"turns":6},{"damage":38,"enemies":"3 Cultists","floor":24,"turns":8},{"damage":8,"enemies":"Snake Plant","floor":27,"turns":5},{"damage":116,"enemies":"Automaton","floor":33,"turns":12}],"seed_played":"7197562643018105148","potions_obtained":[{"floor":8,"key":"SteroidPotion"},{"floor":12,"key":"GamblersBrew"},{"floor":16,"key":"FearPotion"},{"floor":24,"key":"Fire Potion"}],"is_trial":false,"path_per_floor":["M","$","?","?","?","E","R","M","T","$","R","M","R","?","R","B",null,"M","M","$","?","?","R","M","R","T","M","?","R","?","?","R","B"],"character_chosen":"IRONCLAD","items_purchased":["Metallicize","Flex"],"campfire_rested":4,"item_purchase_floors":[2,20],"current_hp_per_floor":[72,72,54,54,54,30,52,50,50,50,72,75,75,75,75,67,73,50,56,56,52,52,52,32,47,57,62,62,62,62,46,62,0],"gold":182,"neow_bonus":"ONE_RANDOM_RARE_CARD","is_prod":false,"is_daily":false,"chose_seed":false,"campfire_upgraded":4,"win_rate":0,"timestamp":1549221753,"path_taken":["M","$","?","?","?","E","R","M","T","$","R","?","R","?","R","BOSS","M","M","$","?","?","R","M","R","T","M","?","R","?","?","R","BOSS"],"build_version":"2019-01-23","purchased_purges":1,"victory":false,"max_hp_per_floor":[75,75,75,75,75,75,75,75,75,75,75,75,75,75,75,75,75,75,75,75,52,52,52,52,52,62,62,62,62,62,62,62,62],"card_choices":[{"not_picked":["Dual Wield","Perfected Strike"],"picked":"Pommel Strike","floor":1},{"not_picked":["Ghostly Armor","Clothesline"],"picked":"Battle Trance","floor":6},{"not_picked":["Shockwave","Body Slam"],"picked":"True Grit","floor":8},{"not_picked":["Wild Strike","Clothesline","Flex"],"picked":"SKIP","floor":12},{"not_picked":["Clothesline","Sever Soul"],"picked":"Uppercut","floor":18},{"not_picked":["Fire Breathing","Clash","Thunderclap"],"picked":"SKIP","floor":19},{"not_picked":["Twin Strike","Heavy Blade","Intimidate"],"picked":"SKIP","floor":24},{"not_picked":["Combust","Heavy Blade","Searing Blow+1"],"picked":"SKIP","floor":27}],"player_experience":347518,"relics_obtained":[{"floor":6,"key":"Champion Belt"},{"floor":9,"key":"Smiling Mask"},{"floor":26,"key":"Pear"},{"floor":31,"key":"Necronomicon"}],"event_choices":[{"damage_healed":0,"gold_gain":0,"player_choice":"Take Damage","damage_taken":18,"relics_obtained":["Golden Idol"],"max_hp_gain":0,"max_hp_loss":0,"event_name":"Golden Idol","floor":3,"gold_loss":0},{"damage_healed":0,"gold_gain":0,"player_choice":"Left Gold","damage_taken":0,"max_hp_gain":0,"max_hp_loss":0,"event_name":"World of Goop","floor":4,"gold_loss":25},{"damage_healed":0,"gold_gain":0,"player_choice":"Rummage","damage_taken":0,"relics_obtained":["WarpedTongs"],"max_hp_gain":0,"max_hp_loss":0,"event_name":"Accursed Blacksmith","floor":5,"gold_loss":0,"cards_obtained":["Pain"]},{"cards_removed":["Strike_R"],"damage_healed":0,"gold_gain":0,"player_choice":"Card Removal","damage_taken":0,"max_hp_gain":0,"max_hp_loss":0,"event_name":"The Cleric","floor":14,"gold_loss":50},{"damage_healed":0,"gold_gain":0,"player_choice":"Became a vampire","damage_taken":0,"max_hp_gain":0,"max_hp_loss":23,"event_name":"Vampires","floor":21,"gold_loss":0,"cards_obtained":["Bite","Bite","Bite","Bite","Bite"]},{"damage_healed":0,"gold_gain":0,"player_choice":"Inject Mutagens","damage_taken":0,"relics_obtained":["MutagenicStrength"],"max_hp_gain":0,"max_hp_loss":0,"event_name":"Drug Dealer","floor":22,"gold_loss":0},{"damage_healed":0,"gold_gain":0,"player_choice":"Ignored","damage_taken":0,"max_hp_gain":0,"max_hp_loss":0,"event_name":"Beggar","floor":28,"gold_loss":0},{"damage_healed":0,"gold_gain":0,"player_choice":"Ignored","damage_taken":0,"max_hp_gain":0,"max_hp_loss":0,"event_name":"Ghosts","floor":30,"gold_loss":0},{"damage_healed":0,"gold_gain":0,"player_choice":"Obtained Book","damage_taken":16,"max_hp_gain":0,"max_hp_loss":0,"event_name":"Cursed Tome","floor":31,"gold_loss":0}],"is_beta":false,"boss_relics":[{"not_picked":["White Beast Statue","Fusion Hammer"],"picked":"Runic Pyramid"}],"items_purged_floors":[10],"is_endless":false,"potions_floor_spawned":[8,12,16,18,24],"killed_by":"Automaton","ascension_level":14}