{"gold_per_floor":[116,116,116,116,137,180,91,91,166,166],"floor_reached":10,"playtime":99,"items_purged":[],"score":138,"play_id":"57706d0b-156b-4399-a023-c23ea647aa65","local_time":"20181203033316","is_ascension_mode":true,"campfire_choices":[{"data":"Choke","floor":8,"key":"SMITH"}],"neow_cost":"NONE","seed_source_timestamp":1318458788104336,"circlet_count":0,"master_deck":["AscendersBane","Defend_G","Defend_G","Defend_G+1","Defend_G","Defend_G","Strike_G","Strike_G","Strike_G","Strike_G","Strike_G","Survivor+1","Neutralize","Choke+1","Heel Hook","Dodge and Roll","Dark Shackles"],"relics":["Ring of the Snake","NeowsBlessing","Potion Belt","Golden Idol","Pear","Gremlin Horn"],"potions_floor_usage":[10],"damage_taken":[{"damage":0,"enemies":"Jaw Worm","floor":1,"turns":1},{"damage":0,"enemies":"Small Slimes","floor":5,"turns":1},{"damage":0,"enemies":"Gremlin Nob","floor":6,"turns":1},{"damage":3,"enemies":"Lagavulin","floor":10,"turns":4}],"seed_played":"4274269416785670694","potions_obtained":[{"floor":5,"key":"Weak Potion"},{"floor":6,"key":"SpeedPotion"}],"is_trial":false,"path_per_floor":["M","?","?","?","M","E","$","R","T","E"],"character_chosen":"THE_SILENT","items_purchased":["Dark Shackles"],"campfire_rested":0,"item_purchase_floors":[7],"current_hp_per_floor":[63,49,37,37,37,47,47,47,47,44],"gold":166,"neow_bonus":"THREE_ENEMY_KILL","is_prod":false,"is_daily":false,"chose_seed":false,"campfire_upgraded":1,"win_rate":0,"timestamp":1543804396,"path_taken":["M","?","?","?","?","E","$","R","T","E"],"build_version":"2018-11-15","purchased_purges":0,"victory":false,"max_hp_per_floor":[70,70,70,65,65,75,75,75,75,75],"card_choices":[{"not_picked":["PiercingWail","Quick Slash"],"picked":"Choke","floor":1},{"not_picked":["Underhanded Strike","Dash"],"picked":"Heel Hook","floor":5},{"not_picked":["Acrobatics","Corpse Explosion"],"picked":"Dodge and Roll","floor":6}],"player_experience":1562359,"relics_obtained":[{"floor":6,"key":"Pear"},{"floor":9,"key":"Gremlin Horn"}],"event_choices":[{"damage_healed":0,"gold_gain":0,"player_choice":"Entered Light","damage_taken":14,"max_hp_gain":0,"max_hp_loss":0,"event_name":"Shining Light","floor":2,"gold_loss":0,"cards_upgraded":["Defend_G","Survivor"]},{"damage_healed":0,"gold_gain":0,"player_choice":"Success","damage_taken":12,"relics_obtained":["Potion Belt"],"max_hp_gain":0,"max_hp_loss":0,"event_name":"Scrap Ooze","floor":3,"gold_loss":0},{"damage_healed":0,"gold_gain":0,"player_choice":"Lose Max HP","damage_taken":0,"relics_obtained":["Golden Idol"],"max_hp_gain":0,"max_hp_loss":5,"event_name":"Golden Idol","floor":4,"gold_loss":0}],"is_beta":false,"boss_relics":[],"items_purged_floors":[],"is_endless":false,"potions_floor_spawned":[5,6],"killed_by":"Lagavulin","ascension_level":11}