{"gold_per_floor":[140,156,156,172,184,213,213,226,253,287,358,358,533,533,533,610,610,610,610],"floor_reached":19,"playtime":751,"items_purged":[],"score":292,"play_id":"21feecfa-e02d-47d0-bc5d-2e3a37aa59f7","local_time":"20190205195500","is_ascension_mode":true,"campfire_choices":[{"data":"Flame Barrier","floor":7.0,"key":"SMITH"},{"data":"Flame Barrier","floor":15.0,"key":"SMITH"}],"neow_cost":"NONE","seed_source_timestamp":888467290110082,"circlet_count":0,"master_deck":["AscendersBane","Strike_R","Strike_R","Strike_R","Strike_R","Strike_R","Defend_R","Defend_R","Defend_R","Defend_R","Bash","Flame Barrier+1","Flame Barrier+1","Uppercut","Disarm+1","Pummel","Pommel Strike","Immolate","Juggernaut","Evolve"],"special_seed":0,"relics":["Burning Blood","Tiny Chest","Mango","Omamori","Dream Catcher","Ectoplasm","Red Mask"],"potions_floor_usage":[16],"damage_taken":[{"damage":3.0,"enemies":"Small Slimes","floor":1.0,"turns":3.0},{"damage":6.0,"enemies":"Cultist","floor":2.0,"turns":4.0},{"damage":0.0,"enemies":"Jaw Worm","floor":4.0,"turns":4.0},{"damage":0.0,"enemies":"3 Louse","floor":5.0,"turns":6.0},{"damage":18.0,"enemies":"3 Sentries","floor":6.0,"turns":9.0},{"damage":4.0,"enemies":"Exordium Wildlife","floor":8.0,"turns":3.0},{"damage":45.0,"enemies":"Lagavulin","floor":10.0,"turns":10.0},{"damage":8,"enemies":"The Guardian","floor":16,"turns":14},{"damage":21,"enemies":"Shell Parasite","floor":18,"turns":7},{"damage":49,"enemies":"Masked Bandits","floor":19,"turns":6}],"seed_played":"1254378341197899223","potions_obtained":[{"floor":1.0,"key":"Block Potion"},{"floor":2.0,"key":"EntropicBrew"},{"floor":8.0,"key":"BloodPotion"},{"floor":10.0,"key":"GamblersBrew"},{"floor":19,"key":"AttackPotion"}],"is_trial":false,"path_per_floor":["M","M","?","M","M","E","R","M","T","E","?","?","?","?","R","B",null,"M","?"],"character_chosen":"IRONCLAD","items_purchased":[],"campfire_rested":0,"item_purchase_floors":[],"current_hp_per_floor":[75,75,75,80,80,82,82,84,84,54,54,54,54,85,85,83,91,76,33],"gold":610,"neow_bonus":"RANDOM_COMMON_RELIC","is_prod":false,"is_daily":false,"chose_seed":false,"campfire_upgraded":2,"win_rate":0,"timestamp":1549392900,"path_taken":["M","M","?","M","?","E","R","M","T","E","?","?","?","?","R","BOSS","M","?"],"build_version":"2019-01-23","purchased_purges":0,"victory":false,"max_hp_per_floor":[80,80,80,80,80,94,94,94,94,94,94,94,94,94,94,94,94,94,94],"card_choices":[{"not_picked":["Evolve","Sentinel"],"picked":"Flame Barrier","floor":1.0},{"not_picked":["Wild Strike","Clash"],"picked":"Flame Barrier","floor":2.0},{"not_picked":["Clash","Armaments"],"picked":"Uppercut","floor":4.0},{"not_picked":["Juggernaut","Warcry"],"picked":"Disarm","floor":5.0},{"not_picked":["Twin Strike","Clothesline"],"picked":"Pummel","floor":6.0},{"not_picked":["Heavy Blade","Anger"],"picked":"Pommel Strike","floor":8.0},{"not_picked":["Perfected Strike","Flex"],"picked":"Immolate","floor":10.0},{"not_picked":["Exhume","Fiend Fire"],"picked":"Juggernaut","floor":16},{"not_picked":["Flex","Body Slam"],"picked":"Evolve","floor":18}],"player_experience":2207969,"relics_obtained":[{"floor":6.0,"key":"Mango"},{"floor":9.0,"key":"Omamori"},{"floor":10.0,"key":"Dream Catcher"},{"floor":19,"key":"Red Mask"}],"event_choices":[{"damage_healed":0.0,"max_hp_gain":0.0,"max_hp_loss":0.0,"gold_gain":0.0,"event_name":"Lab","player_choice":"Got Potions","floor":3.0,"gold_loss":0.0,"damage_taken":0.0},{"damage_healed":0.0,"max_hp_gain":0.0,"max_hp_loss":0.0,"gold_gain":71.0,"event_name":"Golden Wing","player_choice":"Gained Gold","floor":11.0,"gold_loss":0.0,"damage_taken":0.0},{"damage_healed":0.0,"max_hp_gain":0.0,"max_hp_loss":0.0,"gold_gain":0.0,"event_name":"Living Wall","player_choice":"Grow","floor":12.0,"gold_loss":0.0,"damage_taken":0.0,"cards_upgraded":["Disarm"]},{"damage_healed":0.0,"max_hp_gain":0.0,"max_hp_loss":0.0,"gold_gain":175.0,"event_name":"Liars Game","player_choice":"AGREE","floor":13.0,"gold_loss":0.0,"damage_taken":0.0,"cards_obtained":["Doubt"]},{"damage_healed":31.0,"max_hp_gain":0.0,"max_hp_loss":0.0,"gold_gain":0.0,"event_name":"Big Fish","player_choice":"Banana","floor":14.0,"gold_loss":0.0,"damage_taken":0.0},{"damage_healed":0,"gold_gain":0,"player_choice":"Fought Bandits","damage_taken":0,"max_hp_gain":0,"max_hp_loss":0,"event_name":"Masked Bandits","floor":19,"gold_loss":0}],"is_beta":false,"boss_relics":[{"not_picked":["Empty Cage","Black Blood"],"picked":"Ectoplasm"}],"items_purged_floors":[],"is_endless":false,"potions_floor_spawned":[1,2,8,10,19],"killed_by":"Masked Bandits","ascension_level":13}