{"path_per_floor":["M","M","M","?","?","$","T","E","T","?","E","R","M","T","R","B",null,"M","?","$","?","?","R","M","?","T","E","T","E","R","M","R","B",null,"M","M","$","?","M","R","M","R","T","R","$","E","R","T","R","B"],"character_chosen":"THE_SILENT","items_purchased":["Quick Slash","Flash of Steel","Snake Skull","The Specimen","Sadistic Nature","Footwork","War Paint"],"gold_per_floor":[119,129,144,319,319,125,150,181,208,208,273,273,284,366,366,469,469,483,483,131,131,131,131,147,72,72,107,132,163,163,183,183,288,318,335,346,129,179,192,192,207,207,207,207,91,126,126,149,149,149],"floor_reached":51,"campfire_rested":4,"playtime":4383,"item_purchase_floors":[],"current_hp_per_floor":[60,59,58,58,51,51,51,40,40,63,57,57,54,54,54,26,59,59,59,59,59,59,59,59,59,59,40,40,38,59,70,70,26,66,26,26,26,23,17,42,42,67,67,67,67,64,64,64,84,43],"items_purged":["Doubt"],"gold":149,"score":892,"play_id":"4355d333-1792-4424-9ede-2aeae0efe405","local_time":"20180618233623","is_prod":false,"is_daily":false,"chose_seed":false,"is_ascension_mode":true,"campfire_upgraded":6,"win_rate":0,"timestamp":1529357783,"campfire_choices":[{"data":"Terror","floor":12.0,"key":"SMITH"},{"data":"Distraction","floor":15.0,"key":"SMITH"},{"data":"Deadly Poison","floor":23.0,"key":"SMITH"},{"floor":30.0,"key":"REST"},{"data":"Deadly Poison","floor":32.0,"key":"SMITH"},{"floor":40.0,"key":"REST"},{"floor":42.0,"key":"REST"},{"data":"Leg Sweep","floor":44.0,"key":"SMITH"},{"data":"Footwork","floor":47.0,"key":"SMITH"},{"floor":49.0,"key":"REST"}],"path_taken":["M","M","M","?","?","$","?","E","T","?","E","R","M","?","R","BOSS","M","?","$","?","?","R","M","?","T","E","?","E","R","M","R","BOSS","M","M","$","?","?","R","M","R","T","R","$","E","R","?","R","BOSS"],"build_version":"2018-06-14v2","seed_source_timestamp":448941700520508,"purchased_purges":1,"victory":true,"master_deck":["Defend_G+1","Defend_G","Defend_G","Strike_G","Strike_G","Survivor+1","Neutralize","Deadly Poison+1","Bane","Terror+1","Quick Slash","Flash of Steel+1","Distraction+1","Deadly Poison+1","Escape Plan","Glass Knife","Cloak And Dagger+1","Venomology+1","Deflect+1","Dodge and Roll+1","Distraction+1","Caltrops","Leg Sweep+1","Adrenaline","Deadly Poison","Footwork+1","Sadistic Nature","Footwork","Backflip+1","Poisoned Stab+1","Poisoned Stab+1","Poisoned Stab+1"],"max_hp_per_floor":[70,70,70,70,70,70,70,70,70,70,70,70,70,70,70,70,70,72,72,72,72,72,72,72,72,72,72,72,72,72,72,72,72,77,82,84,84,84,84,84,84,84,84,84,84,84,84,84,84,84],"special_seed":0,"relics":["Ring of the Snake","Bag of Preparation","Oddly Smooth Stone","Singing Bowl","Anchor","Tiny Chest","The Courier","Astrolabe","Snake Skull","The Specimen","Bag of Marbles","Omamori","Molten Egg 2","Bronze Scales","Orichalcum","Tiny House","Calipers","Question Card","War Paint","Meat on the Bone","Happy Flower"],"card_choices":[{"not_picked":["Outmaneuver","Backstab"],"picked":"Deadly Poison","floor":1.0},{"not_picked":["Outmaneuver","PiercingWail"],"picked":"Bane","floor":2.0},{"not_picked":["Deflect","Slice"],"picked":"Terror","floor":3.0},{"not_picked":["Setup","Endless Agony"],"picked":"Distraction","floor":8.0},{"not_picked":["Quick Slash","Riddle With Holes"],"picked":"Deadly Poison","floor":11.0},{"not_picked":["Sucker Punch","Backflip"],"picked":"Escape Plan","floor":13.0},{"not_picked":["Doppelganger","Phantasmal Killer"],"picked":"Glass Knife","floor":16.0},{"not_picked":["Acrobatics+1","Cloak And Dagger","Underhanded Strike"],"picked":"Singing Bowl","floor":18.0},{"not_picked":["PiercingWail","Slice"],"picked":"Dodge and Roll+1","floor":24.0},{"not_picked":["Outmaneuver+1","A Thousand Cuts"],"picked":"Distraction+1","floor":27.0},{"not_picked":["Prepared","All Out Attack+1"],"picked":"Caltrops","floor":29.0},{"not_picked":["Acrobatics","Deadly Poison"],"picked":"Leg Sweep","floor":31.0},{"not_picked":["Phantasmal Killer","Tactician"],"picked":"Adrenaline","floor":33.0},{"not_picked":["Blur","Backflip"],"picked":"Deadly Poison","floor":34.0},{"not_picked":["Caltrops","Dagger Spray+1"],"picked":"Footwork","floor":35.0},{"not_picked":["Acrobatics","Dagger Throw+1","Eviscerate+1"],"picked":"Singing Bowl","floor":36.0},{"not_picked":["Underhanded Strike+1","Acrobatics+1"],"picked":"Backflip+1","floor":38.0},{"not_picked":["Slice+1","Reflex+1"],"picked":"Poisoned Stab+1","floor":39.0},{"not_picked":["Outmaneuver+1","Die Die Die+1"],"picked":"Poisoned Stab+1","floor":41.0},{"not_picked":["Escape Plan","Flying Knee+1","Sucker Punch+1"],"picked":"Poisoned Stab+1","floor":46.0}],"player_experience":744208,"potions_floor_usage":[50,50],"damage_taken":[{"damage":3.0,"enemies":"Cultist","floor":1.0,"turns":5.0},{"damage":1.0,"enemies":"Jaw Worm","floor":2.0,"turns":4.0},{"damage":1.0,"enemies":"2 Louse","floor":3.0,"turns":3.0},{"damage":11.0,"enemies":"Lagavulin","floor":8.0,"turns":5.0},{"damage":6.0,"enemies":"Gremlin Nob","floor":11.0,"turns":3.0},{"damage":3.0,"enemies":"Blue Slaver","floor":13.0,"turns":3.0},{"damage":28.0,"enemies":"Hexaghost","floor":16.0,"turns":9.0},{"damage":2.0,"enemies":"Shell Parasite","floor":18.0,"turns":3.0},{"damage":0.0,"enemies":"2 Thieves","floor":24.0,"turns":3.0},{"damage":19.0,"enemies":"Book of Stabbing","floor":27.0,"turns":6.0},{"damage":2.0,"enemies":"Slavers","floor":29.0,"turns":4.0},{"damage":1.0,"enemies":"Centurion and Healer","floor":31.0,"turns":4.0},{"damage":44.0,"enemies":"Collector","floor":33.0,"turns":8.0},{"damage":45.0,"enemies":"3 Darklings","floor":35.0,"turns":6.0},{"damage":2.0,"enemies":"Orb Walker","floor":36.0,"turns":3.0},{"damage":3.0,"floor":38.0,"turns":5.0},{"damage":6.0,"enemies":"3 Darklings","floor":39.0,"turns":6.0},{"damage":0.0,"enemies":"Maw","floor":41.0,"turns":7.0},{"damage":3.0,"enemies":"Giant Head","floor":46.0,"turns":8.0},{"damage":41,"enemies":"Donu and Deca","floor":50,"turns":9}],"relics_obtained":[{"floor":7.0,"key":"Oddly Smooth Stone"},{"floor":8.0,"key":"Singing Bowl"},{"floor":9.0,"key":"Anchor"},{"floor":11.0,"key":"Tiny Chest"},{"floor":14.0,"key":"The Courier"},{"floor":26.0,"key":"Omamori"},{"floor":27.0,"key":"Molten Egg 2"},{"floor":28.0,"key":"Bronze Scales"},{"floor":29.0,"key":"Orichalcum"},{"floor":38.0,"key":"Calipers"},{"floor":43.0,"key":"Question Card"},{"floor":46.0,"key":"Meat on the Bone"},{"floor":48.0,"key":"Happy Flower"}],"event_choices":[{"event_name":"Liars Game","player_choice":"agreed","floor":4.0,"damage_taken":0.0},{"event_name":"Scrap Ooze","player_choice":"success","floor":5.0,"damage_taken":7.0},{"event_name":"Big Fish","player_choice":"Banana","floor":10.0,"damage_taken":0.0},{"event_name":"Purifier","player_choice":"One Purge","floor":19.0,"damage_taken":0.0},{"event_name":"Vampires","player_choice":"Ignored","floor":21.0,"damage_taken":0.0},{"event_name":"The Mausoleum","player_choice":"Yes","floor":22.0,"damage_taken":0.0},{"event_name":"Beggar","player_choice":"Gave Gold","floor":25.0,"damage_taken":0.0},{"event_name":"Mysterious Sphere","player_choice":"Fight","floor":38.0,"damage_taken":0.0}],"boss_relics":[{"not_picked":["Ectoplasm","Coffee Dripper"],"picked":"Astrolabe"},{"not_picked":["Philosopher\u0027s Stone","Empty Cage"],"picked":"Tiny House"}],"items_purged_floors":[],"is_endless":false,"potions_floor_spawned":[2,3,8,24,27,41,46],"seed_played":"1797746537749439318","ascension_level":6,"potions_obtained":[{"floor":2.0,"key":"FairyPotion"},{"floor":3.0,"key":"SpeedPotion"},{"floor":8.0,"key":"GhostInAJar"},{"floor":24.0,"key":"LiquidBronze"},{"floor":27.0,"key":"Energy Potion"},{"floor":34.0,"key":"Fruit Juice"},{"floor":46.0,"key":"Fire Potion"}],"is_trial":false}