{"gold_per_floor":[111,111,31,106,117,146,146,178,204,204,234,234,247,247,247,344,344,360,376,376,391,97,126,126,144,197,41,41],"floor_reached":28,"playtime":1526,"items_purged":["Strike_R"],"score":446,"play_id":"2ebb1084-2f66-44dc-8f17-8cf7956c69e6","local_time":"20190122194618","is_ascension_mode":true,"campfire_choices":[{"data":"Second Wind","floor":7,"key":"SMITH"},{"data":"Iron Wave","floor":10,"key":"SMITH"},{"data":"Armaments","floor":12,"key":"SMITH"},{"data":"Seeing Red","floor":15,"key":"SMITH"},{"floor":24,"key":"REST"}],"neow_cost":"NONE","seed_source_timestamp":12871270315582316,"circlet_count":0,"master_deck":["AscendersBane","Strike_R","Strike_R","Strike_R","Defend_R","Defend_R","Defend_R","Defend_R","Bash","Armaments+1","Carnage","Second Wind+1","Demon Form","Iron Wave+1","Seeing Red+1","Parasite","Dark Embrace","Iron Wave","True Grit","True Grit","Battle Trance"],"relics":["Burning Blood","NeowsBlessing","Anchor","Self Forming Clay","Boot","Bronze Scales","Philosopher\u0027s Stone","Happy Flower","Letter Opener","Orichalcum","Potion Belt"],"potions_floor_usage":[11,16,21,23,28],"damage_taken":[{"damage":0,"enemies":"Jaw Worm","floor":1,"turns":1},{"damage":0,"enemies":"Small Slimes","floor":5,"turns":1},{"damage":0,"enemies":"Gremlin Nob","floor":6,"turns":1},{"damage":28,"enemies":"Lagavulin","floor":8,"turns":5},{"damage":23,"enemies":"3 Sentries","floor":11,"turns":9},{"damage":0,"enemies":"Cultist","floor":13,"turns":3},{"damage":53,"enemies":"The Guardian","floor":16,"turns":11},{"damage":30,"enemies":"Spheric Guardian","floor":18,"turns":4},{"damage":0,"enemies":"Chosen","floor":19,"turns":5},{"damage":7,"enemies":"Snake Plant","floor":21,"turns":4},{"damage":49,"enemies":"Book of Stabbing","floor":23,"turns":6},{"damage":24,"enemies":"Snecko","floor":25,"turns":7},{"damage":23,"enemies":"Centurion and Healer","floor":28,"turns":5}],"seed_played":"8252733402043701666","potions_obtained":[{"floor":6,"key":"Strength Potion"},{"floor":11,"key":"BloodPotion"},{"floor":13,"key":"Fire Potion"},{"floor":16,"key":"FearPotion"},{"floor":20,"key":"Fruit Juice"},{"floor":20,"key":"PowerPotion"},{"floor":25,"key":"Ancient Potion"}],"is_trial":false,"path_per_floor":["M","?","$","?","M","E","R","E","T","R","E","R","M","?","R","B",null,"M","M","?","M","$","E","R","M","T","$","M"],"character_chosen":"IRONCLAD","items_purchased":["Second Wind","Battle Trance","Happy Flower","Potion Belt"],"campfire_rested":1,"item_purchase_floors":[3,22,22,27],"current_hp_per_floor":[78,78,78,67,73,79,79,57,57,57,40,40,46,66,66,27,67,43,49,49,53,53,10,35,17,17,17,0],"gold":41,"neow_bonus":"THREE_ENEMY_KILL","is_prod":false,"is_daily":false,"chose_seed":false,"campfire_upgraded":4,"win_rate":0,"timestamp":1548182778,"path_taken":["M","?","$","?","M","E","R","E","T","R","E","R","M","?","R","BOSS","M","M","?","M","$","E","R","?","T","$","M"],"build_version":"2019-01-17v2","purchased_purges":1,"victory":false,"max_hp_per_floor":[80,80,80,80,80,80,80,80,80,80,80,80,80,80,80,80,80,80,80,80,85,85,85,85,85,85,85,85],"card_choices":[{"not_picked":["Anger","Dropkick"],"picked":"Armaments","floor":1},{"not_picked":["Sever Soul","Anger","Heavy Blade"],"picked":"SKIP","floor":5},{"not_picked":["Clothesline","Headbutt"],"picked":"Demon Form","floor":6},{"not_picked":["Perfected Strike","Heavy Blade"],"picked":"Iron Wave","floor":8},{"not_picked":["Pommel Strike","Bludgeon","Infernal Blade"],"picked":"SKIP","floor":11},{"not_picked":["Body Slam","Corruption"],"picked":"Seeing Red","floor":13},{"not_picked":["Exhume","Immolate"],"picked":"Dark Embrace","floor":16},{"not_picked":["Twin Strike","Body Slam"],"picked":"Iron Wave","floor":18},{"not_picked":["Shrug It Off","Cleave"],"picked":"True Grit","floor":19},{"not_picked":["Armaments","Clothesline"],"picked":"True Grit","floor":21},{"not_picked":["Flex","Clothesline+1","Intimidate"],"picked":"SKIP","floor":23},{"not_picked":["Havoc","Sever Soul","Fire Breathing"],"picked":"SKIP","floor":25}],"player_experience":293088,"relics_obtained":[{"floor":6,"key":"Anchor"},{"floor":8,"key":"Self Forming Clay"},{"floor":9,"key":"Boot"},{"floor":11,"key":"Bronze Scales"},{"floor":23,"key":"Letter Opener"},{"floor":26,"key":"Orichalcum"}],"event_choices":[{"damage_healed":0,"gold_gain":0,"cards_transformed":["Strike_R"],"player_choice":"Change","damage_taken":0,"max_hp_gain":0,"max_hp_loss":0,"event_name":"Living Wall","floor":2,"gold_loss":0,"cards_obtained":["Carnage"]},{"damage_healed":0,"gold_gain":75,"player_choice":"Gather Gold","damage_taken":11,"max_hp_gain":0,"max_hp_loss":0,"event_name":"World of Goop","floor":4,"gold_loss":0},{"damage_healed":20,"gold_gain":0,"player_choice":"Healed and dodged fight","damage_taken":0,"max_hp_gain":0,"max_hp_loss":0,"event_name":"Mushrooms","floor":14,"gold_loss":0,"cards_obtained":["Parasite"]},{"damage_healed":0,"gold_gain":0,"player_choice":"Got Potions","damage_taken":0,"max_hp_gain":0,"max_hp_loss":0,"event_name":"Lab","floor":20,"gold_loss":0}],"is_beta":false,"boss_relics":[{"not_picked":["Lizard Tail","Busted Crown"],"picked":"Philosopher\u0027s Stone"}],"items_purged_floors":[22],"is_endless":false,"potions_floor_spawned":[6,11,13,16,25],"killed_by":"Centurion and Healer","ascension_level":12}