{"gold_per_floor":[216,216,233,253,67,67,99,115,141,160,180,180,330,2,2,80,80,97,97,147,167,60,60,85,85,85,120,120,132,159,159,159,231,231,247,247,266,20,120,120,147,0,0,0,11,11,26,43,43,43],"floor_reached":51,"playtime":6591,"items_purged":["Doubt"],"score":1289,"play_id":"bde89314-fe78-4157-9c1d-ca03951f1f71","local_time":"20190221151054","is_ascension_mode":true,"campfire_choices":[{"data":"Apotheosis","floor":6.0,"key":"SMITH"},{"floor":12.0,"key":"REST"},{"floor":15.0,"key":"REST"},{"floor":23.0,"key":"REST"},{"floor":25.0,"key":"REST"},{"floor":28.0,"key":"RECALL"},{"floor":32.0,"key":"REST"},{"floor":40.0,"key":"REST"},{"floor":49,"key":"REST"}],"neow_cost":"NONE","seed_source_timestamp":242535777591675,"circlet_count":0,"master_deck":["AscendersBane","Survivor","Neutralize","Blur+1","Predator","PiercingWail","Apotheosis+1","Bouncing Flask","Cloak And Dagger","Well Laid Plans","Escape Plan","Glass Knife","Bandage Up","Envenom","Distraction","Concentrate","Footwork","Infinite Blades","Malaise","Blade Dance","Escape Plan","Terror","Footwork","Leg Sweep","Crippling Poison","Footwork","Glass Knife","Doppelganger","Noxious Fumes","Corpse Explosion","Backflip+1","A Thousand Cuts+1","Leg Sweep+1","Madness+1","Choke+1"],"special_seed":0,"relics":["Ring of the Snake","Orichalcum","Potion Belt","Pandora\u0027s Box","Enchiridion","PreservedInsect","Bottled Lightning","Centennial Puzzle","Frozen Egg 2","Snecko Eye","Matryoshka","Tough Bandages","Molten Egg 2","Red Mask","Oddly Smooth Stone","Ninja Scroll","Omamori","Toxic Egg 2"],"potions_floor_usage":[45,50,50,50],"damage_taken":[{"damage":7.0,"enemies":"Small Slimes","floor":1.0,"turns":5.0},{"damage":1.0,"enemies":"Cultist","floor":3.0,"turns":5.0},{"damage":0.0,"enemies":"2 Louse","floor":4.0,"turns":3.0},{"damage":14.0,"enemies":"3 Sentries","floor":7.0,"turns":11.0},{"damage":7.0,"enemies":"2 Fungi Beasts","floor":8.0,"turns":3.0},{"damage":10.0,"enemies":"Lots of Slimes","floor":10.0,"turns":6.0},{"damage":10.0,"enemies":"Large Slime","floor":11.0,"turns":8.0},{"damage":1.0,"enemies":"Slime Boss","floor":16.0,"turns":9.0},{"damage":4.0,"enemies":"Shell Parasite","floor":18.0,"turns":5.0},{"damage":5.0,"enemies":"3 Byrds","floor":21.0,"turns":5.0},{"damage":27.0,"enemies":"Slavers","floor":24.0,"turns":6.0},{"damage":0.0,"enemies":"Gremlin Leader","floor":27.0,"turns":6.0},{"damage":3.0,"enemies":"Snecko","floor":29.0,"turns":5.0},{"damage":12.0,"enemies":"Book of Stabbing","floor":30.0,"turns":4.0},{"damage":19.0,"enemies":"Collector","floor":33.0,"turns":10.0},{"damage":6.0,"enemies":"3 Shapes","floor":35.0,"turns":2.0},{"damage":0.0,"enemies":"Orb Walker","floor":37.0,"turns":4.0},{"damage":1.0,"enemies":"Mind Bloom Boss Battle","floor":39.0,"turns":6.0},{"damage":17.0,"enemies":"Giant Head","floor":41.0,"turns":9.0},{"damage":0,"enemies":"Writhing Mass","floor":45,"turns":4},{"damage":0,"enemies":"Sphere and 2 Shapes","floor":47,"turns":5},{"damage":0,"enemies":"Maw","floor":48,"turns":7},{"damage":50,"enemies":"Awakened One","floor":50,"turns":11}],"seed_played":"8780845130907413490","potions_obtained":[{"floor":1.0,"key":"Block Potion"},{"floor":8.0,"key":"FearPotion"},{"floor":11.0,"key":"GhostInAJar"},{"floor":18.0,"key":"FearPotion"},{"floor":27.0,"key":"FearPotion"},{"floor":30.0,"key":"GamblersBrew"},{"floor":33.0,"key":"SpeedPotion"},{"floor":35.0,"key":"Ancient Potion"},{"floor":41.0,"key":"Energy Potion"},{"floor":45,"key":"Regen Potion"}],"is_trial":false,"path_per_floor":["M","?","M","M","$","R","E","M","T","M","M","R","?","$","R","B",null,"M","?","?","M","$","R","E","R","T","E","R","M","E","?","R","B",null,"M","?","M","$","?","R","E","?","T","T","M","?","M","M","R","B",null],"character_chosen":"THE_SILENT","items_purchased":["Apotheosis","Glass Knife","Bandage Up","Crippling Poison","Footwork","Matryoshka"],"campfire_rested":7,"item_purchase_floors":[5,14,14,22,22,38],"current_hp_per_floor":[52,52,51,51,51,51,37,30,30,20,10,29,29,29,48,53,63,65,44,44,45,45,64,43,62,62,66,66,63,51,33,54,41,64,58,58,58,58,57,71,60,60,60,60,60,60,66,71,71,42],"gold":43,"neow_bonus":"HUNDRED_GOLD","is_prod":false,"is_daily":false,"chose_seed":false,"campfire_upgraded":1,"win_rate":0,"timestamp":1550783454,"path_taken":["M","?","M","?","$","R","E","M","T","M","M","R","?","$","R","BOSS","M","?","?","M","$","R","E","R","T","E","R","?","E","?","R","BOSS","M","?","M","$","?","R","E","?","T","?","?","?","M","M","R","BOSS"],"build_version":"2019-01-23","purchased_purges":1,"victory":true,"max_hp_per_floor":[66,66,66,66,66,66,66,66,66,66,66,66,66,66,66,66,66,66,66,66,66,66,66,66,66,66,66,66,66,66,71,71,71,71,71,71,71,71,71,71,71,71,71,71,71,71,71,71,71,71],"card_choices":[{"not_picked":["Accuracy","Underhanded Strike"],"picked":"Blur","floor":1.0},{"not_picked":["Dagger Spray","Underhanded Strike"],"picked":"Predator","floor":3.0},{"not_picked":["Flying Knee","Quick Slash"],"picked":"PiercingWail","floor":4.0},{"not_picked":["Distraction","Catalyst"],"picked":"Bouncing Flask","floor":7.0},{"not_picked":["Underhanded Strike","Dagger Throw"],"picked":"Cloak And Dagger","floor":8.0},{"not_picked":["Quick Slash","Outmaneuver"],"picked":"Well Laid Plans","floor":10.0},{"not_picked":["Heel Hook","Cloak And Dagger"],"picked":"Escape Plan","floor":11.0},{"not_picked":["Storm of Steel","Phantasmal Killer"],"picked":"Envenom","floor":16.0},{"not_picked":["Quick Slash","Heel Hook","Prepared"],"picked":"SKIP","floor":18.0},{"not_picked":["Bane","Slice"],"picked":"Leg Sweep","floor":21.0},{"not_picked":["Finisher","Sucker Punch"],"picked":"Glass Knife","floor":24.0},{"not_picked":["Deadly Poison","Storm of Steel"],"picked":"Doppelganger","floor":27.0},{"not_picked":["Reflex","Bane"],"picked":"Noxious Fumes","floor":29.0},{"not_picked":["Acrobatics","Outmaneuver","PiercingWail"],"picked":"SKIP","floor":30.0},{"not_picked":["Grand Finale","Wraith Form v2+1"],"picked":"Corpse Explosion","floor":33.0},{"not_picked":["Bouncing Flask","Heel Hook"],"picked":"Backflip+1","floor":35.0},{"not_picked":["Concentrate+1","Prepared","Dodge and Roll"],"picked":"SKIP","floor":37.0},{"not_picked":["Dagger Throw","Quick Slash"],"picked":"A Thousand Cuts+1","floor":41.0},{"not_picked":["Dagger Spray+1","Slice+1"],"picked":"Leg Sweep+1","floor":45},{"not_picked":["Bandage Up+1","PanicButton+1"],"picked":"Madness+1","floor":46},{"not_picked":["Tactician+1","Dagger Spray+1"],"picked":"Choke+1","floor":47},{"not_picked":["Slice+1","PiercingWail+1","Footwork+1"],"picked":"SKIP","floor":48}],"player_experience":468969,"relics_obtained":[{"floor":7.0,"key":"Orichalcum"},{"floor":9.0,"key":"Potion Belt"},{"floor":19.0,"key":"Enchiridion"},{"floor":24.0,"key":"PreservedInsect"},{"floor":26.0,"key":"Bottled Lightning"},{"floor":27.0,"key":"Centennial Puzzle"},{"floor":30.0,"key":"Frozen Egg 2"},{"floor":39.0,"key":"Tough Bandages"},{"floor":41.0,"key":"Molten Egg 2"},{"floor":43.0,"key":"Oddly Smooth Stone"},{"floor":43.0,"key":"Ninja Scroll"},{"floor":44.0,"key":"Omamori"},{"floor":44.0,"key":"Toxic Egg 2"}],"event_choices":[{"damage_healed":0.0,"max_hp_gain":0.0,"max_hp_loss":0.0,"gold_gain":0.0,"event_name":"Upgrade Shrine","player_choice":"Upgraded","floor":2.0,"gold_loss":0.0,"damage_taken":0.0,"cards_upgraded":["Blur"]},{"damage_healed":0.0,"max_hp_gain":0.0,"max_hp_loss":0.0,"gold_gain":150.0,"event_name":"Liars Game","player_choice":"AGREE","floor":13.0,"gold_loss":0.0,"damage_taken":0.0,"cards_obtained":["Doubt"]},{"damage_healed":0.0,"max_hp_gain":0.0,"max_hp_loss":0.0,"gold_gain":0.0,"event_name":"Cursed Tome","player_choice":"Obtained Book","floor":19.0,"gold_loss":0.0,"damage_taken":21.0},{"damage_healed":0.0,"max_hp_gain":0.0,"max_hp_loss":0.0,"gold_gain":100.0,"event_name":"The Joust","player_choice":"Bet on Murderer","floor":20.0,"gold_loss":50.0,"damage_taken":0.0},{"damage_healed":0.0,"max_hp_gain":5.0,"max_hp_loss":0.0,"gold_gain":0.0,"event_name":"Forgotten Altar","player_choice":"Shed Blood","floor":31.0,"gold_loss":0.0,"damage_taken":23.0},{"cards_removed":["Dagger Throw"],"damage_healed":0.0,"max_hp_gain":0.0,"max_hp_loss":0.0,"gold_gain":0.0,"event_name":"Falling","player_choice":"Removed Attack","floor":36.0,"gold_loss":0.0,"damage_taken":0.0},{"damage_healed":0.0,"max_hp_gain":0.0,"max_hp_loss":0.0,"gold_gain":0.0,"event_name":"MindBloom","player_choice":"Fight","floor":39.0,"gold_loss":0.0,"damage_taken":0.0},{"damage_healed":0.0,"max_hp_gain":0.0,"max_hp_loss":0.0,"gold_gain":0.0,"event_name":"Tomb of Lord Red Mask","player_choice":"Paid","floor":42.0,"gold_loss":147.0,"damage_taken":0.0,"relics_obtained":["Red Mask"]},{"damage_healed":0,"gold_gain":0,"player_choice":"Memory 1","damage_taken":0,"max_hp_gain":0,"max_hp_loss":0,"event_name":"SensoryStone","floor":46,"gold_loss":0}],"is_beta":false,"boss_relics":[{"not_picked":["Busted Crown","Black Star"],"picked":"Pandora\u0027s Box"},{"not_picked":["Ring of the Serpent","Velvet Choker"],"picked":"Snecko Eye"}],"items_purged_floors":[14],"is_endless":false,"potions_floor_spawned":[1,8,11,18,27,30,33,35,41,45],"ascension_level":15}