{"path_per_floor":["M","?","$","M","?","R","E","M","T","E","$","M","?","M","R","B",null,"M","T","M","M","M","R","M","E","T","?","R","M","R","E","R"],"character_chosen":"DEFECT","items_purchased":["Unceasing Top","Loop","Cables"],"gold_per_floor":[365,365,18,30,205,205,267,283,306,334,73,90,90,108,108,210,210,223,223,243,253,253,253,269,299,322,322,322,341,341,368,368,368],"floor_reached":33,"campfire_rested":3,"playtime":4161,"item_purchase_floors":[3,3,11],"current_hp_per_floor":[75,68,68,58,58,58,43,43,43,23,23,20,20,20,42,19,61,46,46,44,34,32,32,19,11,11,11,22,15,15,23,34,5],"items_purged":[],"gold":368,"score":396,"play_id":"b7f8c70c-df59-4904-9ecc-48f21c720974","local_time":"20180620222624","is_prod":false,"is_daily":false,"chose_seed":false,"is_ascension_mode":true,"campfire_upgraded":3,"win_rate":0,"timestamp":1529526384,"campfire_choices":[{"data":"Zap","floor":6,"key":"SMITH"},{"floor":15,"key":"REST"},{"data":"Creative AI","floor":23,"key":"SMITH"},{"floor":28,"key":"REST"},{"data":"Ball Lightning","floor":30,"key":"SMITH"},{"floor":32,"key":"REST"}],"path_taken":["M","?","$","M","?","R","E","M","T","E","$","M","?","M","R","BOSS","M","?","M","M","M","R","M","E","T","?","R","M","R","E","R","BOSS"],"build_version":"2018-06-14v2","seed_source_timestamp":617959810284535,"purchased_purges":0,"victory":false,"master_deck":["Strike_B","Strike_B","Strike_B","Strike_B","Defend_B","Defend_B","Defend_B","Defend_B","Zap+1","Dualcast","BootSequence","Loop","Ball Lightning","Rip and Tear","Defragment","Core Surge","Coolheaded","Compile Driver","Creative AI+1","Ball Lightning+1","Force Field+1","Conserve Battery","Rebound","Ghostly","Ghostly","Ghostly","Ghostly","Ghostly","Leap+1"],"max_hp_per_floor":[75,75,75,75,75,75,75,75,75,75,75,75,75,75,75,75,75,75,75,75,75,75,75,75,75,75,37,37,37,37,37,37,37],"relics":["Cracked Core","Unceasing Top","Tiny Chest","Bronze Scales","Gremlin Horn","Cables","Velvet Choker","Bird Faced Urn","Potion Belt","Bag of Preparation","Ice Cream"],"card_choices":[{"not_picked":["Gash","Streamline"],"picked":"BootSequence","floor":1},{"not_picked":["Chill","Steam Power"],"picked":"Ball Lightning","floor":4},{"not_picked":["Redo","Doom and Gloom"],"picked":"Rip and Tear","floor":7},{"not_picked":["Sweeping Beam","Go for the Eyes"],"picked":"Defragment","floor":8},{"not_picked":["Steam","Rebound"],"picked":"Core Surge","floor":10},{"not_picked":["Gash","Ball Lightning"],"picked":"Coolheaded","floor":12},{"not_picked":["Redo","Turbo"],"picked":"Compile Driver","floor":14},{"not_picked":["Amplify","Meteor Strike"],"picked":"Creative AI","floor":16},{"not_picked":["Beam Cell","Coolheaded"],"picked":"Ball Lightning","floor":18},{"not_picked":["Double Energy","Cold Snap"],"picked":"Force Field+1","floor":20},{"not_picked":["Hologram","Rebound","Ball Lightning"],"picked":"SKIP","floor":21},{"not_picked":["Skim","Echo Form"],"picked":"Conserve Battery","floor":24},{"not_picked":["All For One","Stack"],"picked":"Rebound","floor":25},{"not_picked":["Go for the Eyes","Beam Cell+1","Gash"],"picked":"SKIP","floor":29},{"not_picked":["Melter","Steam+1"],"picked":"Leap+1","floor":31}],"player_experience":770178,"potions_floor_usage":[7,16,16,22,24,25,29,33],"damage_taken":[{"damage":0,"enemies":"2 Louse","floor":1,"turns":2},{"damage":10,"enemies":"Cultist","floor":4,"turns":5},{"damage":15,"enemies":"Gremlin Nob","floor":7,"turns":3},{"damage":0,"enemies":"Small Slimes","floor":8,"turns":2},{"damage":20,"enemies":"Lagavulin","floor":10,"turns":6},{"damage":3,"enemies":"Blue Slaver","floor":12,"turns":2},{"damage":0,"enemies":"Lots of Slimes","floor":14,"turns":2},{"damage":23,"enemies":"Hexaghost","floor":16,"turns":6},{"damage":15,"enemies":"Shell Parasite","floor":18,"turns":5},{"damage":6,"enemies":"Spheric Guardian","floor":20,"turns":3},{"damage":18,"enemies":"3 Cultists","floor":21,"turns":4},{"damage":8,"enemies":"Centurion and Healer","floor":22,"turns":4},{"damage":13,"enemies":"Snake Plant","floor":24,"turns":3},{"damage":18,"enemies":"Book of Stabbing","floor":25,"turns":5},{"damage":15,"enemies":"3 Cultists","floor":29,"turns":5},{"damage":4,"enemies":"Gremlin Leader","floor":31,"turns":6},{"damage":36,"enemies":"Collector","floor":33,"turns":7}],"relics_obtained":[{"floor":7,"key":"Tiny Chest"},{"floor":9,"key":"Bronze Scales"},{"floor":10,"key":"Gremlin Horn"},{"floor":19,"key":"Bird Faced Urn"},{"floor":25,"key":"Potion Belt"},{"floor":26,"key":"Bag of Preparation"},{"floor":31,"key":"Ice Cream"}],"event_choices":[{"event_name":"Golden Wing","player_choice":"Card Removal","floor":2,"damage_taken":0},{"event_name":"Liars Game","player_choice":"agreed","floor":5,"damage_taken":0},{"event_name":"Fountain of Cleansing","player_choice":"Removed Curse","floor":13,"damage_taken":0},{"event_name":"Ghosts","player_choice":"Became a Ghost","floor":27,"damage_taken":0}],"boss_relics":[{"not_picked":["White Beast Statue","Philosopher\u0027s Stone"],"picked":"Velvet Choker"}],"items_purged_floors":[],"is_endless":false,"potions_floor_spawned":[4,7,10,12,14,20,21,25,31],"seed_played":"-237557697574352494","killed_by":"Collector","ascension_level":5,"potions_obtained":[{"floor":4,"key":"FocusPotion"},{"floor":7,"key":"SmokeBomb"},{"floor":10,"key":"FocusPotion"},{"floor":12,"key":"Poison Potion"},{"floor":20,"key":"SpeedPotion"},{"floor":21,"key":"SpeedPotion"},{"floor":25,"key":"Poison Potion"},{"floor":31,"key":"Weak Potion"}],"is_trial":false}