{"gold_per_floor":[217,217,235,82,82,113,113,127,127,146,146,172,172,190,190,290,290,306,405,203,203,188,188],"floor_reached":23,"playtime":2729,"items_purged":["Strike_B","Strike_B"],"score":308,"play_id":"f4a43640-8e53-4c26-95c1-5921c739c623","local_time":"20190202134944","is_ascension_mode":true,"campfire_choices":[{"data":"Fission","floor":7.0,"key":"SMITH"},{"data":"Zap","floor":11.0,"key":"SMITH"},{"data":"Self Repair","floor":13.0,"key":"SMITH"},{"data":"Conserve Battery","floor":15.0,"key":"SMITH"}],"neow_cost":"NONE","seed_source_timestamp":1678751226864311,"circlet_count":0,"master_deck":["AscendersBane","Strike_B","Defend_B","Defend_B","Defend_B","Defend_B","Zap+1","Dualcast","Double Energy","Conserve Battery+1","Self Repair+1","Impatience","Fission+1","Genetic Algorithm","Conserve Battery","Buffer","Chaos+1","Ball Lightning","Loop","Loop+1"],"special_seed":0,"relics":["Cracked Core","Bottled Lightning","Symbiotic Virus","Dream Catcher","Coffee Dripper","Toxic Egg 2"],"potions_floor_usage":[22,23],"damage_taken":[{"damage":6.0,"enemies":"2 Louse","floor":1.0,"turns":3.0},{"damage":1.0,"enemies":"Cultist","floor":3.0,"turns":4.0},{"damage":31.0,"enemies":"Lagavulin","floor":6.0,"turns":10.0},{"damage":0.0,"enemies":"Jaw Worm","floor":8.0,"turns":4.0},{"damage":2.0,"enemies":"Large Slime","floor":10.0,"turns":6.0},{"damage":8.0,"enemies":"3 Sentries","floor":12.0,"turns":9.0},{"damage":0.0,"enemies":"Looter","floor":14.0,"turns":4.0},{"damage":33.0,"enemies":"The Guardian","floor":16.0,"turns":14.0},{"damage":35.0,"enemies":"3 Byrds","floor":18.0,"turns":6.0},{"damage":17,"enemies":"2 Thieves","floor":22,"turns":4},{"damage":34,"enemies":"Slavers","floor":23,"turns":2}],"seed_played":"9047783424206317939","potions_obtained":[{"floor":6.0,"key":"EssenceOfSteel"},{"floor":12.0,"key":"Block Potion"},{"floor":16.0,"key":"SteroidPotion"},{"floor":18.0,"key":"Energy Potion"}],"is_trial":false,"path_per_floor":["M","?","M","$","?","E","R","M","T","M","R","E","R","M","R","B",null,"M","?","$","T","M","E"],"character_chosen":"DEFECT","items_purchased":["Self Repair","Ball Lightning","Loop"],"campfire_rested":0,"item_purchase_floors":[4,20,20],"current_hp_per_floor":[62,62,61,61,61,37,37,44,44,49,49,48,48,58,58,35,65,40,40,40,40,33,0],"gold":188,"neow_bonus":"HUNDRED_GOLD","is_prod":false,"is_daily":false,"chose_seed":false,"campfire_upgraded":4,"win_rate":0,"timestamp":1549082984,"path_taken":["M","?","M","$","?","E","R","M","T","M","R","E","R","M","R","BOSS","M","?","$","?","M","E"],"build_version":"2019-01-23","purchased_purges":2,"victory":false,"max_hp_per_floor":[75,75,75,75,75,75,75,75,75,75,75,75,75,75,75,75,75,75,75,75,75,75,75],"card_choices":[{"not_picked":["Gash","Streamline"],"picked":"Double Energy","floor":1.0},{"not_picked":["Hologram","Turbo"],"picked":"Conserve Battery","floor":3.0},{"not_picked":["Turbo","Skim"],"picked":"Fission","floor":6.0},{"not_picked":["Reprogram","Steam Power"],"picked":"Genetic Algorithm","floor":8.0},{"not_picked":["Coolheaded","Hello World"],"picked":"Conserve Battery","floor":10.0},{"not_picked":["Melter","Redo","Double Energy"],"picked":"SKIP","floor":12.0},{"not_picked":["Rebound","Steam Power","Beam Cell"],"picked":"SKIP","floor":14.0},{"not_picked":["Amplify","Hyperbeam"],"picked":"Buffer","floor":16.0},{"not_picked":["Conserve Battery+1","Compile Driver+1"],"picked":"Chaos+1","floor":18.0},{"not_picked":["Redo+1","BootSequence+1"],"picked":"Loop+1","floor":22}],"player_experience":502458,"relics_obtained":[{"floor":6.0,"key":"Bottled Lightning"},{"floor":9.0,"key":"Symbiotic Virus"},{"floor":12.0,"key":"Dream Catcher"},{"floor":21.0,"key":"Toxic Egg 2"}],"event_choices":[{"cards_removed":["Strike_B"],"damage_healed":0.0,"max_hp_gain":0.0,"max_hp_loss":0.0,"gold_gain":0.0,"event_name":"Living Wall","player_choice":"Forget","floor":2.0,"gold_loss":0.0,"damage_taken":0.0},{"damage_healed":0.0,"max_hp_gain":0.0,"max_hp_loss":0.0,"gold_gain":0.0,"event_name":"Match and Keep!","player_choice":"1 cards matched","floor":5.0,"gold_loss":0.0,"damage_taken":0.0,"cards_obtained":["Impatience"]},{"damage_healed":0.0,"max_hp_gain":0.0,"max_hp_loss":0.0,"gold_gain":99.0,"event_name":"Nest","player_choice":"Stole From Cult","floor":19.0,"gold_loss":0.0,"damage_taken":0.0}],"is_beta":false,"boss_relics":[{"not_picked":["Calling Bell","Astrolabe"],"picked":"Coffee Dripper"}],"items_purged_floors":[4,20],"is_endless":false,"potions_floor_spawned":[6,12,16,18],"killed_by":"Slavers","ascension_level":11}