{"gold_per_floor":[118,118,118,137,153,153,170,202,283,283,318,340,357,196,196,275,275,287,306,221,232,243,243,300,300,300,300,314,589,613,274,274,345,345,355,365,365,383,383,383,413,430,430,455,455,483,27,27,27,27,27],"floor_reached":51,"playtime":2292,"items_purged":["Regret","Masterful Stab"],"score":1491,"play_id":"3e8bfd3a-722b-4b02-a2c4-088320e60858","local_time":"20181023000718","is_ascension_mode":true,"campfire_choices":[{"data":"Bouncing Flask","floor":6.0,"key":"SMITH"},{"data":"Dash","floor":10.0,"key":"SMITH"},{"floor":15.0,"key":"REST"},{"floor":23.0,"key":"REST"},{"floor":25.0,"key":"REST"},{"data":"Wraith Form v2","floor":27.0,"key":"SMITH"},{"data":"Burst","floor":32.0,"key":"SMITH"},{"data":"Catalyst","floor":40.0,"key":"SMITH"},{"data":"Caltrops","floor":49.0,"key":"SMITH"}],"neow_cost":"NONE","seed_source_timestamp":416447982519057,"circlet_count":0,"master_deck":["Survivor","Neutralize+1","AscendersBane","Blur","Dash+1","Backflip","Quick Slash","Bouncing Flask+1","Catalyst+1","Burst+1","Deadly Poison+1","Backflip+1","Dagger Spray","Noxious Fumes","Night Terror+1","Catalyst+1","Backflip+1","Quick Slash+1","Backflip+1","Wraith Form v2+1","Bouncing Flask+1","Deadly Poison+1","Crippling Poison+1","Cloak And Dagger+1","Crippling Poison+1","Adrenaline+1","Dagger Spray","Heel Hook","Caltrops+1","Dagger Spray","Flechettes","Masterful Stab","Dagger Throw","Backstab","Dodge and Roll+1","Backflip+1","Deflect+1","Cloak And Dagger+1","Leg Sweep+1","Infinite Blades","Corpse Explosion+1","Thinking Ahead+1","Cloak And Dagger+1"],"special_seed":0,"relics":["Ring of the Snake","NeowsBlessing","Prayer Wheel","Boot","Toxic Egg 2","Bronze Scales","Odd Mushroom","Eternal Feather","Anchor","Tiny Chest","Meat on the Bone","Oddly Smooth Stone","ClockworkSouvenir","Pandora\u0027s Box","Singing Bowl","Tough Bandages","Dream Catcher","Ninja Scroll","Gremlin Horn"],"potions_floor_usage":[51,51],"damage_taken":[{"damage":0.0,"enemies":"Small Slimes","floor":1.0,"turns":1.0},{"damage":0.0,"enemies":"Jaw Worm","floor":4.0,"turns":1.0},{"damage":0.0,"enemies":"Cultist","floor":5.0,"turns":1.0},{"damage":1.0,"enemies":"2 Fungi Beasts","floor":7.0,"turns":4.0},{"damage":2.0,"enemies":"Lagavulin","floor":8.0,"turns":7.0},{"damage":34.0,"enemies":"Gremlin Nob","floor":11.0,"turns":4.0},{"damage":15.0,"enemies":"The Mushroom Lair","floor":12.0,"turns":4.0},{"damage":3.0,"enemies":"Red Slaver","floor":13.0,"turns":4.0},{"damage":6.0,"enemies":"The Guardian","floor":16.0,"turns":7.0},{"damage":14.0,"enemies":"2 Thieves","floor":18.0,"turns":5.0},{"damage":10.0,"enemies":"Spheric Guardian","floor":19.0,"turns":5.0},{"damage":3.0,"enemies":"Snecko","floor":21.0,"turns":5.0},{"damage":17.0,"enemies":"Shelled Parasite and Fungi","floor":22.0,"turns":4.0},{"damage":39.0,"enemies":"Slavers","floor":24.0,"turns":6.0},{"damage":34.0,"enemies":"Cultist and Chosen","floor":28.0,"turns":7.0},{"damage":46.0,"enemies":"Collector","floor":33.0,"turns":4.0},{"damage":0.0,"enemies":"Orb Walker","floor":35.0,"turns":2.0},{"damage":21.0,"enemies":"3 Darklings","floor":36.0,"turns":7.0},{"damage":2.0,"enemies":"Maw","floor":38.0,"turns":6.0},{"damage":33.0,"enemies":"Nemesis","floor":41.0,"turns":5.0},{"damage":0.0,"enemies":"4 Shapes","floor":42.0,"turns":3.0},{"damage":9.0,"enemies":"Giant Head","floor":46.0,"turns":4.0},{"damage":23.0,"enemies":"Time Eater","floor":50.0,"turns":4.0},{"damage":26,"enemies":"Awakened One","floor":51,"turns":12}],"seed_played":"45059722635758278","potions_obtained":[{"floor":4.0,"key":"Regen Potion"},{"floor":5.0,"key":"SkillPotion"},{"floor":16.0,"key":"SkillPotion"},{"floor":21.0,"key":"FearPotion"},{"floor":24.0,"key":"AttackPotion"},{"floor":28.0,"key":"LiquidBronze"},{"floor":33.0,"key":"Regen Potion"},{"floor":36.0,"key":"LiquidBronze"}],"is_trial":false,"path_per_floor":["M","?","?","M","M","R","M","E","T","R","E","?","M","$","R","B",null,"M","M","?","M","M","R","E","R","T","R","M","?","T","$","R","B",null,"M","M","$","M","?","R","E","M","T","T","T","E","$","?","R","B"],"character_chosen":"THE_SILENT","items_purchased":["Noxious Fumes","LiquidBronze","Crippling Poison+1","ClockworkSouvenir","GhostInAJar","Thinking Ahead+1","Cloak And Dagger+1"],"campfire_rested":3,"item_purchase_floors":[14,14,31,31,47,47,47],"current_hp_per_floor":[59,54,54,54,54,54,53,51,51,51,29,14,11,11,30,24,56,42,32,32,29,12,49,10,47,47,65,43,43,43,43,64,30,57,57,51,51,49,49,66,45,49,49,49,49,42,42,42,66,43,17],"gold":27,"neow_bonus":"THREE_ENEMY_KILL","is_prod":false,"is_daily":false,"chose_seed":false,"campfire_upgraded":6,"win_rate":0,"timestamp":1540267638,"path_taken":["M","?","?","M","?","R","M","E","T","R","E","?","?","$","R","BOSS","M","?","?","M","M","R","E","R","T","R","?","?","?","$","R","BOSS","M","M","$","M","?","R","E","M","T","?","?","E","$","?","R","BOSS","BOSS"],"build_version":"2018-10-18","purchased_purges":2,"victory":false,"max_hp_per_floor":[66,66,66,66,66,66,66,66,66,66,66,66,66,66,66,66,66,66,66,66,66,66,66,66,66,66,66,66,66,66,66,66,66,66,66,66,66,66,66,66,66,70,70,70,70,72,72,68,68,68,68],"card_choices":[{"not_picked":["Outmaneuver","Underhanded Strike"],"picked":"Blur","floor":1.0},{"not_picked":["Prepared","Quick Slash"],"picked":"Dash","floor":4.0},{"not_picked":["Deflect","PiercingWail"],"picked":"Backflip","floor":4.0},{"not_picked":["Flying Knee","Flechettes"],"picked":"Quick Slash","floor":5.0},{"not_picked":["Underhanded Strike","Expertise"],"picked":"Bouncing Flask","floor":5.0},{"not_picked":["Underhanded Strike","Distraction"],"picked":"Catalyst","floor":7.0},{"not_picked":["Eviscerate","Acrobatics","Finisher"],"picked":"SKIP","floor":7.0},{"not_picked":["Dodge and Roll","Storm of Steel"],"picked":"Burst","floor":8.0},{"not_picked":["Deflect+1","Outmaneuver+1"],"picked":"Deadly Poison+1","floor":11.0},{"not_picked":["Sucker Punch","Deadly Poison+1"],"picked":"Backflip+1","floor":13.0},{"not_picked":["PiercingWail+1","Accuracy"],"picked":"Dagger Spray","floor":13.0},{"not_picked":["Doppelganger+1","Burst+1"],"picked":"Night Terror+1","floor":16.0},{"not_picked":["Dagger Spray","Dagger Throw"],"picked":"Catalyst+1","floor":18.0},{"not_picked":["Masterful Stab","Slice","Caltrops"],"picked":"SKIP","floor":18.0},{"not_picked":["Dagger Spray","Blade Dance+1"],"picked":"Backflip+1","floor":19.0},{"not_picked":["Heel Hook","Dagger Spray"],"picked":"Quick Slash+1","floor":19.0},{"not_picked":["Poisoned Stab","Skewer"],"picked":"Backflip+1","floor":21.0},{"not_picked":["Blade Dance+1","Flying Knee","Choke"],"picked":"SKIP","floor":21.0},{"not_picked":["Bane","Acrobatics+1"],"picked":"Wraith Form v2","floor":22.0},{"not_picked":["Slice","Dagger Spray"],"picked":"Bouncing Flask+1","floor":22.0},{"not_picked":["Sucker Punch","Catalyst+1"],"picked":"Deadly Poison+1","floor":24.0},{"not_picked":["Finisher","Escape Plan+1"],"picked":"Crippling Poison+1","floor":28.0},{"not_picked":["Deadly Poison+1","Bane"],"picked":"Cloak And Dagger+1","floor":28.0},{"not_picked":["Burst+1","Storm of Steel+1"],"picked":"Adrenaline+1","floor":33.0},{"not_picked":["Outmaneuver+1","Caltrops"],"picked":"Dodge and Roll+1","floor":35.0},{"not_picked":["Acrobatics+1","Blade Dance+1"],"picked":"Backflip+1","floor":35.0},{"not_picked":["Setup+1","Dash"],"picked":"Deflect+1","floor":36.0},{"not_picked":["Bane","Slice","Acrobatics+1"],"picked":"SKIP","floor":36.0},{"not_picked":["Dodge and Roll+1","Underhanded Strike"],"picked":"Cloak And Dagger+1","floor":38.0},{"not_picked":["Finisher+1","Cloak And Dagger+1"],"picked":"Leg Sweep+1","floor":38.0},{"not_picked":["Tactician+1","Sucker Punch"],"picked":"Corpse Explosion+1","floor":41.0},{"not_picked":["Outmaneuver+1","Flying Knee","Caltrops"],"picked":"Singing Bowl","floor":42.0},{"not_picked":["PiercingWail+1","Masterful Stab","Sucker Punch+1"],"picked":"Singing Bowl","floor":42.0},{"not_picked":["Blade Dance+1","Corpse Explosion+1","Tactician+1"],"picked":"Singing Bowl","floor":46.0}],"player_experience":1074997,"relics_obtained":[{"floor":8.0,"key":"Boot"},{"floor":9.0,"key":"Toxic Egg 2"},{"floor":11.0,"key":"Bronze Scales"},{"floor":12.0,"key":"Odd Mushroom"},{"floor":24.0,"key":"Tiny Chest"},{"floor":26.0,"key":"Meat on the Bone"},{"floor":30.0,"key":"Oddly Smooth Stone"},{"floor":41.0,"key":"Singing Bowl"},{"floor":43.0,"key":"Tough Bandages"},{"floor":44.0,"key":"Dream Catcher"},{"floor":45.0,"key":"Ninja Scroll"},{"floor":46.0,"key":"Gremlin Horn"}],"event_choices":[{"damage_healed":0.0,"max_hp_gain":0.0,"max_hp_loss":0.0,"gold_gain":0.0,"event_name":"Scrap Ooze","player_choice":"Success","floor":2.0,"gold_loss":0.0,"damage_taken":5.0,"relics_obtained":["Prayer Wheel"]},{"damage_healed":0.0,"max_hp_gain":0.0,"max_hp_loss":0.0,"gold_gain":0.0,"event_name":"Upgrade Shrine","player_choice":"Upgraded","floor":3.0,"gold_loss":0.0,"damage_taken":0.0,"cards_upgraded":["Neutralize"]},{"damage_healed":0.0,"max_hp_gain":0.0,"max_hp_loss":0.0,"gold_gain":0.0,"event_name":"Mushrooms","player_choice":"Fought Mushrooms","floor":12.0,"gold_loss":0.0,"damage_taken":0.0},{"damage_healed":0.0,"max_hp_gain":0.0,"max_hp_loss":0.0,"gold_gain":0.0,"event_name":"Addict","player_choice":"Obtained Relic","floor":20.0,"gold_loss":85.0,"damage_taken":0.0,"relics_obtained":["Anchor"]},{"damage_healed":0.0,"max_hp_gain":0.0,"max_hp_loss":0.0,"gold_gain":275.0,"event_name":"Golden Shrine","player_choice":"Desecrate","floor":29.0,"gold_loss":0.0,"damage_taken":0.0,"cards_obtained":["Regret"]},{"damage_healed":0.0,"max_hp_gain":0.0,"max_hp_loss":0.0,"gold_gain":0.0,"cards_transformed":["Bane"],"event_name":"Transmorgrifier","player_choice":"Transformed","floor":39.0,"gold_loss":0.0,"damage_taken":0.0,"cards_obtained":["Infinite Blades"]},{"damage_healed":0.0,"max_hp_gain":0.0,"max_hp_loss":4.0,"gold_gain":0.0,"event_name":"Winding Halls","player_choice":"Max HP","floor":48.0,"gold_loss":0.0,"damage_taken":0.0}],"is_beta":false,"boss_relics":[{"not_picked":["Lizard Tail","Tiny House"],"picked":"Eternal Feather"},{"not_picked":["Ring of the Serpent","Empty Cage"],"picked":"Pandora\u0027s Box"}],"items_purged_floors":[31,47],"is_endless":false,"potions_floor_spawned":[4,5,8,16,21,24,28,33,36,38,42,46],"killed_by":"Awakened One","ascension_level":20}