{"gold_per_floor":[116,136,153,173,35,61,61,94,94,105,105,119,138,168,168,246,246,257,182,182,107,107,142,142,162,187,187,203,203,233,243,243,317,317,329,343,125,125,135,135,162,162,241,259,288,308,308,338,350,362,374,386,398,62,95,95],"floor_reached":56,"playtime":3358,"items_purged":["Strike_G+1"],"score":2169,"play_id":"62e93b1b-94c1-4a48-801f-6eeb0aba2b27","local_time":"20190212231532","is_ascension_mode":true,"campfire_choices":[{"floor":11.0,"key":"REST"},{"data":"Noxious Fumes","floor":15.0,"key":"SMITH"},{"data":"Footwork","floor":24.0,"key":"SMITH"},{"data":"Footwork","floor":27.0,"key":"SMITH"},{"data":"Glass Knife","floor":29.0,"key":"SMITH"},{"data":"Wraith Form v2","floor":32.0,"key":"SMITH"},{"data":"Noxious Fumes","floor":40.0,"key":"SMITH"},{"data":"Leg Sweep","floor":42.0,"key":"SMITH"},{"floor":47.0,"key":"RECALL"},{"data":"Bullet Time","floor":49.0,"key":"SMITH"},{"data":"Strike_G+1","floor":53.0,"key":"PURGE"}],"neow_cost":"NONE","seed_source_timestamp":15748663827960,"circlet_count":0,"master_deck":["AscendersBane","Defend_G+1","Defend_G+1","Defend_G+1","Defend_G+1","Defend_G+1","Strike_G+1","Strike_G+1","Survivor","Neutralize+1","Predator","Leg Sweep+1","PiercingWail","Deflect","Glass Knife+1","Poisoned Stab","Footwork+1","Deadly Poison","Bouncing Flask","Noxious Fumes+1","Escape Plan","Corpse Explosion","Noxious Fumes+1","Footwork+1","Cloak And Dagger","Backflip","Cloak And Dagger","Wraith Form v2+1","Unload+1","Deflect+1","Backflip+1","Wraith Form v2+1","Die Die Die+1","Caltrops+1","Leg Sweep","Dodge and Roll+1","Backflip","Bullet Time+1","PiercingWail","Footwork","Blur+1"],"special_seed":0,"relics":["Ring of the Snake","Thread and Needle","Incense Burner","Tough Bandages","Molten Egg 2","Black Star","Gremlin Horn","Mercury Hourglass","Peace Pipe","Omamori","Sozu","DollysMirror","Happy Flower","Pear","Meat on the Bone","Pen Nib","Bag of Preparation","MawBank","Art of War","Orichalcum","Snake Skull","Bottled Lightning"],"potions_floor_usage":[56],"damage_taken":[{"damage":0.0,"enemies":"Cultist","floor":1.0,"turns":4.0},{"damage":0.0,"enemies":"2 Louse","floor":2.0,"turns":2.0},{"damage":0.0,"enemies":"Small Slimes","floor":3.0,"turns":4.0},{"damage":12.0,"enemies":"Exordium Wildlife","floor":4.0,"turns":11.0},{"damage":15.0,"enemies":"3 Sentries","floor":6.0,"turns":10.0},{"damage":14.0,"enemies":"Gremlin Nob","floor":8.0,"turns":4.0},{"damage":0.0,"enemies":"2 Fungi Beasts","floor":10.0,"turns":4.0},{"damage":0.0,"enemies":"Large Slime","floor":12.0,"turns":4.0},{"damage":7.0,"enemies":"Looter","floor":13.0,"turns":3.0},{"damage":13.0,"enemies":"Lagavulin","floor":14.0,"turns":6.0},{"damage":5.0,"enemies":"Hexaghost","floor":16.0,"turns":9.0},{"damage":0.0,"enemies":"Chosen","floor":18.0,"turns":5.0},{"damage":2.0,"enemies":"Gremlin Leader","floor":23.0,"turns":9.0},{"damage":0.0,"enemies":"Shell Parasite","floor":25.0,"turns":6.0},{"damage":5.0,"enemies":"Shelled Parasite and Fungi","floor":28.0,"turns":8.0},{"damage":9.0,"enemies":"Book of Stabbing","floor":30.0,"turns":7.0},{"damage":1.0,"enemies":"Sentry and Sphere","floor":31.0,"turns":5.0},{"damage":1.0,"enemies":"Champ","floor":33.0,"turns":15.0},{"damage":0.0,"enemies":"3 Darklings","floor":35.0,"turns":4.0},{"damage":0.0,"enemies":"3 Shapes","floor":36.0,"turns":4.0},{"damage":3.0,"enemies":"Sphere and 2 Shapes","floor":39.0,"turns":6.0},{"damage":0.0,"enemies":"Nemesis","floor":41.0,"turns":9.0},{"damage":0.0,"enemies":"Spire Growth","floor":44.0,"turns":6.0},{"damage":0.0,"enemies":"Reptomancer","floor":45.0,"turns":6.0},{"damage":1.0,"enemies":"4 Shapes","floor":46.0,"turns":5.0},{"damage":0.0,"enemies":"Giant Head","floor":48.0,"turns":9.0},{"damage":13.0,"enemies":"Time Eater","floor":50.0,"turns":15.0},{"damage":12.0,"enemies":"Awakened One","floor":51.0,"turns":23.0},{"damage":57.0,"enemies":"Shield and Spear","floor":55.0,"turns":7.0},{"damage":49,"enemies":"The Heart","floor":56,"turns":9}],"seed_played":"3435191902408164365","potions_obtained":[{"floor":1.0,"key":"SkillPotion"},{"floor":6.0,"key":"Dexterity Potion"},{"floor":13.0,"key":"Swift Potion"},{"floor":14.0,"key":"SpeedPotion"},{"floor":18.0,"key":"Weak Potion"},{"floor":23.0,"key":"EntropicBrew"},{"floor":28.0,"key":"EssenceOfSteel"},{"floor":30.0,"key":"LiquidBronze"}],"is_trial":false,"path_per_floor":["M","M","M","M","$","E","$","E","T","M","R","M","M","E","R","B",null,"M","$","?","?","?","E","R","M","T","R","M","R","E","M","R","B",null,"M","M","$","?","M","R","E","R","T","M","E","M","R","E","R","B","B",null,"R","$","E","B"],"character_chosen":"THE_SILENT","items_purchased":["Glass Knife","Strength Potion","Footwork","DollysMirror","PiercingWail","Footwork","Orichalcum"],"campfire_rested":1,"item_purchase_floors":[5,5,19,37,54,54,54],"current_hp_per_floor":[59,59,59,47,47,32,32,18,18,18,37,37,30,17,17,12,53,53,53,53,53,53,51,51,51,51,51,46,46,37,36,36,35,58,58,58,58,58,55,55,65,65,65,65,65,64,64,64,64,51,39,65,65,65,20,0],"gold":95,"neow_bonus":"UPGRADE_CARD","is_prod":false,"is_daily":false,"chose_seed":false,"campfire_upgraded":8,"win_rate":0,"timestamp":1550031332,"path_taken":["M","M","M","M","$","E","$","E","T","M","R","?","M","E","R","BOSS","M","$","?","?","?","E","R","M","T","R","?","R","E","M","R","BOSS","M","M","$","?","M","R","E","R","T","M","E","M","R","E","R","BOSS","BOSS","R","$","E","BOSS"],"build_version":"2019-01-23","purchased_purges":1,"victory":false,"max_hp_per_floor":[66,66,66,66,66,66,66,66,66,66,66,66,66,66,66,66,66,66,66,66,66,66,66,66,66,66,66,66,66,66,66,66,66,66,66,66,66,63,63,63,73,73,73,73,73,73,73,73,73,73,73,73,73,73,73,73],"card_choices":[{"not_picked":["Underhanded Strike","Deflect"],"picked":"Predator","floor":1.0},{"not_picked":["Flying Knee","Blade Dance"],"picked":"Leg Sweep","floor":2.0},{"not_picked":["Choke","Blade Dance"],"picked":"PiercingWail","floor":3.0},{"not_picked":["Underhanded Strike","Dodge and Roll"],"picked":"Deflect","floor":4.0},{"not_picked":["Quick Slash","Outmaneuver"],"picked":"Poisoned Stab","floor":6.0},{"not_picked":["Doppelganger","Prepared"],"picked":"Footwork","floor":8.0},{"not_picked":["Backflip","Sucker Punch"],"picked":"Deadly Poison","floor":10.0},{"not_picked":["Heel Hook","Dodge and Roll"],"picked":"Bouncing Flask","floor":12.0},{"not_picked":["Underhanded Strike","Masterful Stab"],"picked":"Noxious Fumes","floor":13.0},{"not_picked":["Deadly Poison","Reflex"],"picked":"Escape Plan","floor":14.0},{"not_picked":["Storm of Steel","Unload+1"],"picked":"Corpse Explosion","floor":16.0},{"not_picked":["Bane+1","Poisoned Stab+1"],"picked":"Noxious Fumes","floor":18.0},{"not_picked":["Outmaneuver+1","Cloak And Dagger"],"picked":"Backflip","floor":23.0},{"not_picked":["Burst","Dagger Throw+1","Prepared"],"picked":"SKIP","floor":25.0},{"not_picked":["Acrobatics+1","Underhanded Strike+1"],"picked":"Cloak And Dagger","floor":28.0},{"not_picked":["Outmaneuver","Infinite Blades","Slice+1"],"picked":"SKIP","floor":30.0},{"not_picked":["Cloak And Dagger","Dagger Throw+1"],"picked":"Wraith Form v2","floor":31.0},{"not_picked":["Tools of the Trade","Storm of Steel"],"picked":"Unload+1","floor":33.0},{"not_picked":["Dagger Spray+1","Blur"],"picked":"Deflect+1","floor":35.0},{"not_picked":["Noxious Fumes","Infinite Blades"],"picked":"Backflip+1","floor":36.0},{"not_picked":["Quick Slash+1","Sucker Punch+1"],"picked":"Die Die Die+1","floor":39.0},{"not_picked":["Bullet Time","Eviscerate+1"],"picked":"Caltrops+1","floor":41.0},{"not_picked":["Escape Plan","Prepared"],"picked":"Leg Sweep","floor":44.0},{"not_picked":["Underhanded Strike+1","Outmaneuver"],"picked":"Dodge and Roll+1","floor":45.0},{"not_picked":["Endless Agony+1","Sucker Punch+1"],"picked":"Backflip","floor":46.0},{"not_picked":["PiercingWail","Predator+1"],"picked":"Bullet Time","floor":48.0},{"not_picked":["Doppelganger","Expertise+1"],"picked":"Blur+1","floor":55.0}],"player_experience":1191250,"relics_obtained":[{"floor":6.0,"key":"Thread and Needle"},{"floor":8.0,"key":"Incense Burner"},{"floor":9.0,"key":"Tough Bandages"},{"floor":14.0,"key":"Molten Egg 2"},{"floor":23.0,"key":"Gremlin Horn"},{"floor":23.0,"key":"Mercury Hourglass"},{"floor":30.0,"key":"Peace Pipe"},{"floor":30.0,"key":"Omamori"},{"floor":41.0,"key":"Happy Flower"},{"floor":41.0,"key":"Pear"},{"floor":43.0,"key":"Meat on the Bone"},{"floor":45.0,"key":"Pen Nib"},{"floor":45.0,"key":"Bag of Preparation"},{"floor":48.0,"key":"MawBank"},{"floor":48.0,"key":"Art of War"},{"floor":55.0,"key":"Snake Skull"},{"floor":55.0,"key":"Bottled Lightning"}],"event_choices":[{"damage_healed":0.0,"max_hp_gain":0.0,"max_hp_loss":0.0,"gold_gain":0.0,"event_name":"Back to Basics","player_choice":"Simplicity","floor":20.0,"gold_loss":0.0,"damage_taken":0.0,"cards_upgraded":["Defend_G","Defend_G","Defend_G","Defend_G","Defend_G","Strike_G","Strike_G","Strike_G","Strike_G","Strike_G"]},{"cards_removed":["Strike_G"],"damage_healed":0.0,"max_hp_gain":0.0,"max_hp_loss":0.0,"gold_gain":0.0,"event_name":"Beggar","player_choice":"Gave Gold","floor":21.0,"gold_loss":75.0,"damage_taken":0.0},{"damage_healed":0.0,"max_hp_gain":0.0,"max_hp_loss":0.0,"gold_gain":0.0,"event_name":"The Library","player_choice":"Read","floor":22.0,"gold_loss":0.0,"damage_taken":0.0,"cards_obtained":["Cloak And Dagger"]},{"damage_healed":0.0,"max_hp_gain":0.0,"max_hp_loss":3.0,"gold_gain":0.0,"event_name":"Winding Halls","player_choice":"Max HP","floor":38.0,"gold_loss":0.0,"damage_taken":0.0}],"is_beta":false,"boss_relics":[{"not_picked":["Tiny House","Coffee Dripper"],"picked":"Black Star"},{"not_picked":["Orrery","Astrolabe"],"picked":"Sozu"}],"items_purged_floors":[54],"is_endless":false,"potions_floor_spawned":[1,6,13,14,16,18,23,28,30,36,44,45,55],"killed_by":"The Heart","ascension_level":20}