{"path_per_floor":["M","?","?","?","T","R","$","M","T","M","$","E","M","M","R","B",null,"M","M","M","M","?"],"character_chosen":"THE_SILENT","items_purchased":["Snake Skull"],"gold_per_floor":[109,109,109,109,135,135,135,146,146,165,15,41,52,69,69,169,169,188,198,210,229,279,279],"floor_reached":23,"campfire_rested":1,"playtime":1431,"current_hp_per_floor":[70,70,75,60,60,60,60,60,60,60,60,4,4,4,26,28,75,60,60,60,28,28,0],"items_purged":[],"gold":279,"score":222,"play_id":"b1dbcf80-928e-4628-8799-330a7e4015e9","local_time":"20180508185203","is_prod":false,"is_daily":false,"chose_seed":false,"is_ascension_mode":true,"campfire_upgraded":1,"timestamp":1525798323,"path_taken":["M","?","?","?","?","R","$","?","T","?","?","E","M","M","R","BOSS","M","M","M","M","?","E"],"build_version":"2018-05-03","seed_source_timestamp":408618792937811,"purchased_purges":0,"victory":false,"master_deck":["Defend_G","Defend_G","Defend_G","Defend_G+1","Defend_G","Strike_G+1","Strike_G","Strike_G","Strike_G","Survivor+1","Neutralize","Catalyst","Catalyst","Deadly Poison","Bane","Poisoned Stab","Die Die Die","Poisoned Stab","Bouncing Flask+1","Blur+1"],"max_hp_per_floor":[70,70,75,75,75,75,75,75,75,75,75,75,75,75,75,75,75,75,75,75,75,75,75],"relics":["Ring of the Snake","Bag of Preparation","Art of War","The Specimen","Snake Skull","Shuriken","Runic Pyramid"],"card_choices":[{"not_picked":["Reflex","Expertise"],"picked":"Catalyst","floor":1.0},{"not_picked":["Predator","Quick Slash"],"picked":"Catalyst","floor":8.0},{"not_picked":["Dodge and Roll","Flechettes"],"picked":"Deadly Poison","floor":12},{"not_picked":["Finisher","A Thousand Cuts"],"picked":"Bane","floor":13},{"not_picked":["Acrobatics","Sucker Punch"],"picked":"Poisoned Stab","floor":14},{"not_picked":["Tools of the Trade","After Image"],"picked":"Die Die Die","floor":16},{"not_picked":["Predator","Sucker Punch"],"picked":"Poisoned Stab","floor":19},{"not_picked":["Caltrops","Well Laid Plans"],"picked":"Bouncing Flask","floor":20},{"not_picked":["PiercingWail","Backflip"],"picked":"Blur","floor":21}],"player_experience":422480,"potions_floor_usage":[12,16,19,20,20],"damage_taken":[{"damage":0.0,"enemies":"2 Louse","floor":1.0,"turns":3.0},{"damage":0.0,"enemies":"Cultist","floor":8.0,"turns":4.0},{"damage":0.0,"enemies":"Small Slimes","floor":10.0,"turns":3.0},{"damage":56,"enemies":"Lagavulin","floor":12,"turns":10},{"damage":0,"enemies":"Looter","floor":13,"turns":2},{"damage":0,"enemies":"Blue Slaver","floor":14,"turns":4},{"damage":13,"enemies":"Hexaghost","floor":16,"turns":7},{"damage":15,"enemies":"Shell Parasite","floor":18,"turns":4},{"damage":0,"enemies":"Spheric Guardian","floor":19,"turns":5},{"damage":0,"enemies":"Snake Plant","floor":20,"turns":3},{"damage":32,"enemies":"Centurion and Healer","floor":21,"turns":4},{"damage":29,"enemies":"Book of Stabbing","floor":23,"turns":4}],"event_choices":[{"event_name":"Purifier","player_choice":"One Purge","floor":2.0,"damage_taken":0.0},{"event_name":"Big Fish","player_choice":"Donut","floor":3.0,"damage_taken":0.0},{"event_name":"Shining Light","player_choice":"Entered Light","floor":4.0,"damage_taken":0.0},{"event_name":"The Joust","player_choice":"Bet on Murderer","floor":22,"damage_taken":0}],"boss_relics":[{"not_picked":["Sozu","Snecko Eye"],"picked":"Runic Pyramid"}],"potions_floor_spawned":[1,13,14,18,19],"seed_played":"7194802299425605133","killed_by":"Book of Stabbing","ascension_level":3,"is_trial":false}