{"gold_per_floor":[115,115,125,138,138,164,183,200,200,233,233,248,282,282],"floor_reached":14,"playtime":499,"items_purged":[],"score":190,"play_id":"2c08a609-3fcd-4dd8-bc15-f155b7ac09b8","local_time":"20190210151244","is_ascension_mode":true,"campfire_choices":[],"neow_cost":"NONE","seed_source_timestamp":224119745634674,"circlet_count":0,"master_deck":["AscendersBane","Strike_R","Strike_R","Strike_R","Strike_R","Strike_R","Defend_R","Defend_R","Defend_R","Defend_R","Bash","Whirlwind","True Grit","Uppercut","Shockwave+1","Anger","Warcry","Warcry","Double Tap","Juggernaut"],"special_seed":0,"relics":["Burning Blood","NeowsBlessing","WarpedTongs","Strawberry","The Courier","Bottled Flame","Pear"],"potions_floor_usage":[13,13],"damage_taken":[{"damage":0.0,"enemies":"Jaw Worm","floor":1.0,"turns":1.0},{"damage":0.0,"enemies":"Cultist","floor":3.0,"turns":1.0},{"damage":0.0,"enemies":"Small Slimes","floor":4.0,"turns":1.0},{"damage":32.0,"enemies":"Gremlin Nob","floor":6.0,"turns":4.0},{"damage":7.0,"enemies":"3 Louse","floor":7.0,"turns":5.0},{"damage":13.0,"enemies":"Large Slime","floor":8.0,"turns":4.0},{"damage":32.0,"enemies":"3 Sentries","floor":10.0,"turns":5.0},{"damage":0,"enemies":"Gremlin Gang","floor":12,"turns":1},{"damage":11,"enemies":"Lagavulin","floor":13,"turns":5},{"damage":25,"enemies":"3 Louse","floor":14,"turns":3}],"seed_played":"-2813939677634398183","potions_obtained":[{"floor":4.0,"key":"Poison Potion"},{"floor":8.0,"key":"Poison Potion"},{"floor":12,"key":"SpeedPotion"},{"floor":13,"key":"Energy Potion"}],"is_trial":false,"path_per_floor":["M","?","M","M","?","E","M","M","T","E","?","M","E","M"],"character_chosen":"IRONCLAD","items_purchased":[],"campfire_rested":0,"item_purchase_floors":[],"current_hp_per_floor":[74,74,75,75,68,49,48,41,41,15,15,21,26,1],"gold":282,"neow_bonus":"THREE_ENEMY_KILL","is_prod":false,"is_daily":false,"chose_seed":false,"campfire_upgraded":0,"win_rate":0,"timestamp":1549807964,"path_taken":["M","?","?","M","?","E","M","M","T","E","?","M","E","M"],"build_version":"2019-01-23","purchased_purges":0,"victory":false,"max_hp_per_floor":[75,75,75,75,75,82,82,82,82,82,82,82,92,92],"card_choices":[{"not_picked":["Wild Strike","Twin Strike"],"picked":"Whirlwind","floor":1.0},{"not_picked":["Wild Strike","Thunderclap"],"picked":"True Grit","floor":3.0},{"not_picked":["Warcry","Heavy Blade"],"picked":"Uppercut","floor":4.0},{"not_picked":["Feed","Shrug It Off"],"picked":"Shockwave","floor":6.0},{"not_picked":["Perfected Strike","Warcry"],"picked":"Anger","floor":7.0},{"not_picked":["Armaments","Sword Boomerang"],"picked":"Warcry","floor":8.0},{"not_picked":["Clash","Shrug It Off"],"picked":"Warcry","floor":10},{"not_picked":["Burning Pact","True Grit"],"picked":"Double Tap","floor":12},{"not_picked":["Shockwave","Bloodletting"],"picked":"Juggernaut","floor":13}],"player_experience":2275513,"relics_obtained":[{"floor":6.0,"key":"Strawberry"},{"floor":9.0,"key":"The Courier"},{"floor":10,"key":"Bottled Flame"},{"floor":13,"key":"Pear"}],"event_choices":[{"damage_healed":0.0,"max_hp_gain":0.0,"max_hp_loss":0.0,"gold_gain":0.0,"event_name":"Accursed Blacksmith","player_choice":"Rummage","floor":2.0,"gold_loss":0.0,"damage_taken":0.0,"relics_obtained":["WarpedTongs"],"cards_obtained":["Pain"]},{"cards_removed":["Pain"],"damage_healed":0.0,"max_hp_gain":0.0,"max_hp_loss":0.0,"gold_gain":0.0,"event_name":"Golden Wing","player_choice":"Card Removal","floor":5.0,"gold_loss":0.0,"damage_taken":7.0},{"damage_healed":0,"gold_gain":0,"player_choice":"Grow","damage_taken":0,"max_hp_gain":0,"max_hp_loss":0,"event_name":"Living Wall","floor":11,"gold_loss":0,"cards_upgraded":["Shockwave"]}],"is_beta":false,"boss_relics":[],"items_purged_floors":[],"is_endless":false,"potions_floor_spawned":[4,8,12,13],"killed_by":"3 Louse","ascension_level":14}