{"gold_per_floor":[115,131,131,131,95,95,126,142,166,178,210,210,228,257,257,257],"floor_reached":16,"playtime":1799,"items_purged":[],"score":218,"play_id":"820a3960-712a-4c89-a464-ff285695c8d3","local_time":"20181130120353","is_ascension_mode":true,"campfire_choices":[{"data":"Choke","floor":6.0,"key":"SMITH"},{"data":"Cloak And Dagger","floor":12.0,"key":"SMITH"},{"data":"Leg Sweep","floor":15,"key":"SMITH"}],"neow_cost":"NONE","seed_source_timestamp":1088179023778910,"circlet_count":0,"master_deck":["AscendersBane","Defend_G","Defend_G","Defend_G","Defend_G+1","Defend_G+1","Strike_G","Strike_G","Strike_G","Strike_G","Strike_G","Survivor","Neutralize","Slice","Choke+1","Well Laid Plans","Heel Hook+1","Endless Agony+1","Cloak And Dagger+1","Blade Dance","Flying Knee+1","Leg Sweep+1"],"special_seed":0,"relics":["Ring of the Snake","NeowsBlessing","Molten Egg 2","Meat on the Bone","Boot","War Paint","Orichalcum","Incense Burner"],"potions_floor_usage":[14,16],"damage_taken":[{"damage":0.0,"enemies":"2 Louse","floor":1.0,"turns":1.0},{"damage":0.0,"enemies":"Jaw Worm","floor":2.0,"turns":1.0},{"damage":0.0,"enemies":"Gremlin Nob","floor":7.0,"turns":1.0},{"damage":0.0,"enemies":"Cultist","floor":8.0,"turns":2.0},{"damage":4.0,"enemies":"Blue Slaver","floor":10.0,"turns":3.0},{"damage":2.0,"enemies":"3 Sentries","floor":11.0,"turns":6.0},{"damage":1.0,"enemies":"3 Louse","floor":13.0,"turns":3.0},{"damage":4,"enemies":"Gremlin Nob","floor":14,"turns":3},{"damage":8,"enemies":"Slime Boss","floor":16,"turns":5}],"seed_played":"5788775337538852464","potions_obtained":[{"floor":2.0,"key":"SteroidPotion"},{"floor":7.0,"key":"Swift Potion"},{"floor":13.0,"key":"FearPotion"},{"floor":14,"key":"Swift Potion"}],"is_trial":false,"path_per_floor":["M","M","?","T","$","R","E","M","T","M","E","R","M","E","R","B"],"character_chosen":"THE_SILENT","items_purchased":["Well Laid Plans"],"campfire_rested":0,"item_purchase_floors":[5],"current_hp_per_floor":[63,63,56,56,56,56,56,56,56,52,50,50,49,45,45,37],"gold":257,"neow_bonus":"THREE_ENEMY_KILL","is_prod":false,"is_daily":false,"chose_seed":false,"campfire_upgraded":3,"win_rate":0,"timestamp":1543575833,"path_taken":["M","M","?","?","?","R","E","M","T","M","E","R","M","E","R","BOSS"],"build_version":"2018-11-15","purchased_purges":0,"victory":false,"max_hp_per_floor":[70,70,70,70,70,70,70,70,70,70,70,70,70,70,70,70],"card_choices":[{"not_picked":["Dodge and Roll","Dagger Spray"],"picked":"Slice","floor":1.0},{"not_picked":["Blade Dance","Flechettes"],"picked":"Choke","floor":2.0},{"not_picked":["Acrobatics","All Out Attack+1"],"picked":"Heel Hook+1","floor":7.0},{"not_picked":["Bane+1","Expertise"],"picked":"Endless Agony+1","floor":8.0},{"not_picked":["Setup","Noxious Fumes"],"picked":"Cloak And Dagger","floor":10.0},{"not_picked":["Predator+1","Cloak And Dagger"],"picked":"Blade Dance","floor":11.0},{"not_picked":["Prepared","Crippling Poison"],"picked":"Flying Knee+1","floor":13.0},{"not_picked":["Underhanded Strike+1","Cloak And Dagger"],"picked":"Leg Sweep","floor":14}],"player_experience":1409512,"relics_obtained":[{"floor":4.0,"key":"Meat on the Bone"},{"floor":7.0,"key":"Boot"},{"floor":9.0,"key":"War Paint"},{"floor":11.0,"key":"Orichalcum"},{"floor":14,"key":"Incense Burner"}],"event_choices":[{"damage_healed":0.0,"max_hp_gain":0.0,"max_hp_loss":0.0,"gold_gain":0.0,"event_name":"Scrap Ooze","player_choice":"Success","floor":3.0,"gold_loss":0.0,"damage_taken":7.0,"relics_obtained":["Molten Egg 2"]}],"is_beta":false,"boss_relics":[],"items_purged_floors":[],"is_endless":false,"potions_floor_spawned":[2,7,13,14],"killed_by":"Slime Boss","ascension_level":10}