{"path_per_floor":["M","M","M","M","?","R","E","M","T","E","?","M","M","M","R"],"character_chosen":"DEFECT","items_purchased":[],"gold_per_floor":[110,122,134,154,154,154,184,198,244,274,274,297,320,333,333,333],"floor_reached":16,"campfire_rested":1,"playtime":3120,"item_purchase_floors":[],"current_hp_per_floor":[75,74,74,69,69,69,45,44,44,28,28,20,5,5,25,25],"items_purged":[],"gold":333,"score":128,"play_id":"2ae64e96-d12b-4310-8256-85c739b93c8b","local_time":"20180610180217","is_prod":false,"is_daily":false,"chose_seed":false,"is_ascension_mode":true,"campfire_upgraded":1,"win_rate":0,"timestamp":1528646537,"campfire_choices":[{"data":"Dualcast","floor":6.0,"key":"SMITH"},{"floor":15,"key":"REST"}],"path_taken":["M","M","M","M","?","R","E","M","T","E","?","M","M","?","R","BOSS"],"build_version":"2018-06-07v3","seed_source_timestamp":0,"purchased_purges":0,"victory":false,"master_deck":["Strike_B","Strike_B","Strike_B","Defend_B","Defend_B","Defend_B","Defend_B","Zap","Dualcast+1","Beam Cell","Ball Lightning","Chill","Leap","Core Surge","Sweeping Beam","Hologram","Amplify","Tempest","Compile Driver","Stack","Stack","Auto Shields","Sweeping Beam"],"max_hp_per_floor":[75,75,75,75,75,75,75,75,75,75,69,69,69,69,69,69],"relics":["Cracked Core","Prayer Wheel","Boot","Smiling Mask","Golden Idol"],"card_choices":[{"not_picked":["Barrage","Recycle"],"picked":"Beam Cell","floor":1.0},{"not_picked":["Loop","Gash"],"picked":"Ball Lightning","floor":2.0},{"not_picked":["Conserve Battery","Loop"],"picked":"Chill","floor":3.0},{"not_picked":["Recycle","Streamline"],"picked":"Leap","floor":4.0},{"not_picked":["Storm","Tempest"],"picked":"Core Surge","floor":7.0},{"not_picked":["Cold Snap","Leap"],"picked":"Sweeping Beam","floor":8.0},{"not_picked":["Fusion","Scrape"],"picked":"Hologram","floor":8.0},{"not_picked":["Go for the Eyes","Turbo"],"picked":"Amplify","floor":10.0},{"not_picked":["Compile Driver","Cold Snap"],"picked":"Tempest","floor":12.0},{"not_picked":["Cold Snap","Steam"],"picked":"Compile Driver","floor":12.0},{"not_picked":["Ball Lightning","Heatsinks"],"picked":"Stack","floor":13.0},{"not_picked":["Scrape","Rebound"],"picked":"Stack","floor":13.0},{"not_picked":["Stack","Redo"],"picked":"Auto Shields","floor":14},{"not_picked":["Steam","Go for the Eyes"],"picked":"Sweeping Beam","floor":14}],"player_experience":609780,"potions_floor_usage":[14],"damage_taken":[{"damage":0.0,"enemies":"2 Louse","floor":1.0,"turns":2.0},{"damage":1.0,"enemies":"Cultist","floor":2.0,"turns":3.0},{"damage":0.0,"enemies":"Small Slimes","floor":3.0,"turns":3.0},{"damage":5.0,"enemies":"Blue Slaver","floor":4.0,"turns":4.0},{"damage":24.0,"enemies":"Lagavulin","floor":7.0,"turns":5.0},{"damage":1.0,"enemies":"Looter","floor":8.0,"turns":3.0},{"damage":16.0,"enemies":"Gremlin Nob","floor":10.0,"turns":3.0},{"damage":8.0,"enemies":"3 Louse","floor":12.0,"turns":2.0},{"damage":15.0,"enemies":"Gremlin Gang","floor":13.0,"turns":4.0},{"damage":0,"enemies":"Lots of Slimes","floor":14,"turns":3},{"damage":0,"enemies":"The Guardian","floor":16,"turns":2}],"relics_obtained":[{"floor":7.0,"key":"Prayer Wheel"},{"floor":9.0,"key":"Boot"},{"floor":10.0,"key":"Smiling Mask"}],"event_choices":[{"event_name":"Wheel of Change","player_choice":"Card Removal","floor":5.0,"damage_taken":0.0},{"event_name":"Golden Idol","player_choice":"Lose Max HP","floor":11.0,"damage_taken":0.0}],"boss_relics":[],"items_purged_floors":[],"potions_floor_spawned":[3,8,12,13],"seed_played":"2654408385335522688","killed_by":"The Guardian","ascension_level":2,"potions_obtained":[{"floor":3.0,"key":"Poison Potion"},{"floor":8.0,"key":"Ancient Potion"},{"floor":12.0,"key":"Ancient Potion"},{"floor":13.0,"key":"Swift Potion"}],"is_trial":false}