{"gold_per_floor":[116,79,79,79,79,107,107,142,142,142,142,103,138,203,203,297,297,297],"floor_reached":18,"playtime":4015,"items_purged":[],"score":366,"play_id":"6ccc8464-a408-483f-a220-0b4c80d0d1d5","local_time":"20190205044311","is_ascension_mode":true,"campfire_choices":[{"data":"Echo Form","floor":10,"key":"SMITH"},{"data":"Sunder","floor":15,"key":"SMITH"}],"neow_cost":"NONE","seed_source_timestamp":830507188359731,"circlet_count":0,"master_deck":["AscendersBane","Strike_B","Strike_B","Strike_B","Strike_B+1","Defend_B","Defend_B","Defend_B","Defend_B","Zap+1","Dualcast","Glacier+1","Sunder+1","Capacitor","Echo Form+1","Capacitor","Hologram","Core Surge"],"relics":["Cracked Core","NeowsBlessing","Blood Vial","Cables","Golden Idol","Singing Bowl","Bronze Scales","Ancient Tea Set","Velvet Choker"],"potions_floor_usage":[],"damage_taken":[{"damage":0,"enemies":"Small Slimes","floor":1,"turns":1},{"damage":0,"enemies":"Gremlin Nob","floor":6,"turns":1},{"damage":0,"enemies":"Lagavulin","floor":8,"turns":1},{"damage":4,"enemies":"Gremlin Nob","floor":13,"turns":4},{"damage":42,"enemies":"Hexaghost","floor":16,"turns":8},{"damage":6,"enemies":"Spheric Guardian","floor":18,"turns":3}],"seed_played":"-2907663179489864594","potions_obtained":[{"floor":6,"key":"LiquidBronze"}],"is_trial":false,"path_per_floor":["M","$","?","?","?","E","?","E","T","R","?","$","E","?","R","B",null,"M"],"character_chosen":"DEFECT","items_purchased":["Sunder","Capacitor"],"campfire_rested":0,"item_purchase_floors":[2,12],"current_hp_per_floor":[68,68,68,68,61,63,63,65,65,65,51,51,49,49,49,9,54,50],"gold":297,"neow_bonus":"THREE_ENEMY_KILL","is_prod":false,"is_daily":false,"chose_seed":false,"campfire_upgraded":2,"win_rate":0,"timestamp":1549338191,"path_taken":["M","$","?","?","?","E","?","E","T","R","?","?","E","?","R","BOSS","M"],"build_version":"2019-01-23","purchased_purges":0,"victory":false,"max_hp_per_floor":[75,75,75,75,75,75,69,69,69,69,69,69,69,69,69,69,69,69],"card_choices":[{"not_picked":["Barrage","Conserve Battery"],"picked":"Glacier","floor":1},{"not_picked":["Force Field","Coolheaded"],"picked":"Capacitor","floor":6},{"not_picked":["Coolheaded","Auto Shields"],"picked":"Echo Form","floor":8},{"not_picked":["Melter","Barrage"],"picked":"Hologram","floor":13},{"not_picked":["Rainbow","Reboot"],"picked":"Core Surge","floor":16}],"player_experience":2184282,"relics_obtained":[{"floor":6,"key":"Cables"},{"floor":8,"key":"Singing Bowl"},{"floor":9,"key":"Bronze Scales"},{"floor":13,"key":"Ancient Tea Set"}],"event_choices":[{"damage_healed":0,"gold_gain":0,"player_choice":"Leave","damage_taken":0,"max_hp_gain":0,"max_hp_loss":0,"event_name":"The Cleric","floor":3,"gold_loss":0},{"damage_healed":0,"gold_gain":0,"player_choice":"Grow","damage_taken":0,"max_hp_gain":0,"max_hp_loss":0,"event_name":"Living Wall","floor":4,"gold_loss":0,"cards_upgraded":["Zap"]},{"damage_healed":0,"gold_gain":0,"player_choice":"Success","damage_taken":7,"relics_obtained":["Blood Vial"],"max_hp_gain":0,"max_hp_loss":0,"event_name":"Scrap Ooze","floor":5,"gold_loss":0},{"damage_healed":0,"gold_gain":0,"player_choice":"Lose Max HP","damage_taken":0,"relics_obtained":["Golden Idol"],"max_hp_gain":0,"max_hp_loss":6,"event_name":"Golden Idol","floor":7,"gold_loss":0},{"damage_healed":0,"gold_gain":0,"player_choice":"Entered Light","damage_taken":14,"max_hp_gain":0,"max_hp_loss":0,"event_name":"Shining Light","floor":11,"gold_loss":0,"cards_upgraded":["Strike_B","Glacier"]},{"damage_healed":0,"gold_gain":65,"player_choice":"Gained Gold","damage_taken":0,"max_hp_gain":0,"max_hp_loss":0,"event_name":"Golden Wing","floor":14,"gold_loss":0}],"is_beta":false,"boss_relics":[{"not_picked":["Tiny House","Black Star"],"picked":"Velvet Choker"}],"items_purged_floors":[],"is_endless":false,"potions_floor_spawned":[6],"killed_by":"Spheric Guardian","ascension_level":13}