{"gold_per_floor":[119,69,244,256,30,60,72,84,84,114,133,150,166,180,180,277,277,296,315,315,331,331],"floor_reached":22,"playtime":894,"items_purged":["Doubt"],"score":318,"play_id":"5813a869-3517-4764-a721-4ca47a814e0c","local_time":"20180724203543","is_ascension_mode":true,"campfire_choices":[{"floor":15.0,"key":"REST"}],"neow_cost":"NONE","seed_source_timestamp":0,"circlet_count":0,"master_deck":["Defend_G","Defend_G","Defend_G","Defend_G","Defend_G","Strike_G","Strike_G","Strike_G","Strike_G","Survivor","Neutralize","Cloak And Dagger","Quick Slash","Heel Hook","Cloak And Dagger","Cloak And Dagger","Dagger Spray","Deflect","Blade Dance","Predator","Accuracy","Storm of Steel","Flying Knee","Backflip","Dodge and Roll"],"special_seed":0,"relics":["Ring of the Snake","NeowsBlessing","Ancient Tea Set","Bottled Lightning","Bottled Flame","Orichalcum","Sozu"],"potions_floor_usage":[],"damage_taken":[{"damage":0.0,"enemies":"Small Slimes","floor":1.0,"turns":1.0},{"damage":0.0,"enemies":"2 Louse","floor":4.0,"turns":1.0},{"damage":0.0,"enemies":"Lagavulin","floor":6.0,"turns":1.0},{"damage":0.0,"enemies":"Jaw Worm","floor":7.0,"turns":4.0},{"damage":2.0,"enemies":"2 Fungi Beasts","floor":8.0,"turns":5.0},{"damage":10.0,"enemies":"3 Sentries","floor":10.0,"turns":8.0},{"damage":3.0,"enemies":"3 Louse","floor":11.0,"turns":3.0},{"damage":1.0,"enemies":"Exordium Wildlife","floor":12.0,"turns":6.0},{"damage":9.0,"enemies":"Exordium Thugs","floor":13.0,"turns":4.0},{"damage":0.0,"enemies":"Looter","floor":14.0,"turns":3.0},{"damage":41.0,"enemies":"Hexaghost","floor":16.0,"turns":13.0},{"damage":6.0,"enemies":"Shell Parasite","floor":18.0,"turns":6.0},{"damage":13.0,"enemies":"2 Thieves","floor":19.0,"turns":5.0},{"damage":21.0,"enemies":"3 Cultists","floor":21.0,"turns":7.0},{"damage":0,"floor":22,"turns":1}],"seed_played":"6615432804362213724","potions_obtained":[{"floor":1.0,"key":"PowerPotion"},{"floor":6.0,"key":"Ancient Potion"},{"floor":7.0,"key":"Block Potion"},{"floor":10.0,"key":"Poison Potion"},{"floor":16.0,"key":"Explosive Potion"}],"is_trial":false,"path_per_floor":["M","?","?","M","$","E","M","M","T","E","M","M","M","M","R","B",null,"M","M","?","M"],"character_chosen":"THE_SILENT","items_purchased":["Ancient Tea Set"],"campfire_rested":1,"item_purchase_floors":[5],"current_hp_per_floor":[63,63,63,63,63,63,63,61,61,51,48,47,38,38,59,18,57,51,38,38,17,17],"gold":331,"neow_bonus":"THREE_ENEMY_KILL","is_prod":false,"is_daily":false,"chose_seed":false,"campfire_upgraded":0,"win_rate":0,"timestamp":1532457343,"path_taken":["M","?","?","M","?","E","M","?","T","E","M","M","M","M","R","BOSS","M","M","?","?","?"],"build_version":"2018-07-19v2","purchased_purges":1,"victory":false,"max_hp_per_floor":[70,70,70,70,70,70,70,70,70,70,70,70,70,70,70,70,70,70,70,70,70,70],"card_choices":[{"not_picked":["Flechettes","Endless Agony"],"picked":"Cloak And Dagger","floor":1.0},{"not_picked":["Dagger Throw","Underhanded Strike"],"picked":"Quick Slash","floor":4.0},{"not_picked":["Poisoned Stab","Tactician"],"picked":"Heel Hook","floor":6.0},{"not_picked":["Well Laid Plans","Deflect"],"picked":"Cloak And Dagger","floor":7.0},{"not_picked":["Poisoned Stab","Escape Plan"],"picked":"Cloak And Dagger","floor":8.0},{"not_picked":["Underhanded Strike","Phantasmal Killer"],"picked":"Dagger Spray","floor":10.0},{"not_picked":["Deadly Poison","Eviscerate"],"picked":"Deflect","floor":11.0},{"not_picked":["Flechettes","Outmaneuver"],"picked":"Blade Dance","floor":12.0},{"not_picked":["Dagger Throw","Bane"],"picked":"Predator","floor":13.0},{"not_picked":["Outmaneuver","Acrobatics"],"picked":"Accuracy","floor":14.0},{"not_picked":["Bullet Time","Venomology"],"picked":"Storm of Steel","floor":16.0},{"not_picked":["Noxious Fumes","Underhanded Strike"],"picked":"Flying Knee","floor":18.0},{"not_picked":["Deflect","Sucker Punch"],"picked":"Backflip","floor":19.0},{"not_picked":["Deadly Poison","Bane"],"picked":"Dodge and Roll","floor":21.0}],"player_experience":834802,"relics_obtained":[{"floor":6.0,"key":"Bottled Lightning"},{"floor":9.0,"key":"Bottled Flame"},{"floor":10.0,"key":"Orichalcum"}],"event_choices":[{"event_name":"The Cleric","player_choice":"Card Removal","floor":2.0,"damage_taken":0.0},{"event_name":"Liars Game","player_choice":"agreed","floor":3.0,"damage_taken":0.0},{"event_name":"Ghosts","player_choice":"Ignored","floor":20.0,"damage_taken":0.0}],"is_beta":false,"boss_relics":[{"not_picked":["Fusion Hammer","Ectoplasm"],"picked":"Sozu"}],"items_purged_floors":[5],"is_endless":false,"potions_floor_spawned":[1,6,7,10,16],"ascension_level":8}