{"gold_per_floor":[18,18,33,33,49,84,84,109,109,20,55,68,100,65,65,65],"floor_reached":16,"playtime":936,"items_purged":[],"score":230,"play_id":"18386107-bfff-4213-a080-71fa50daf85c","local_time":"20190124183340","is_ascension_mode":true,"campfire_choices":[{"floor":7,"key":"REST"},{"floor":15,"key":"REST"}],"neow_cost":"NO_GOLD","seed_source_timestamp":13040302339536101,"circlet_count":0,"master_deck":["AscendersBane","Strike_R","Strike_R","Strike_R","Strike_R","Defend_R","Defend_R","Defend_R","Defend_R","Bash","Cleave","Headbutt","Double Tap","Metallicize","Evolve","Flash of Steel","Rage","Headbutt","Ghostly Armor+1"],"relics":["Burning Blood","Shuriken","Question Card","Darkstone Periapt","PreservedInsect","Toxic Egg 2"],"potions_floor_usage":[6,13,16,16],"damage_taken":[{"damage":6,"enemies":"2 Louse","floor":1,"turns":4},{"damage":24,"enemies":"Small Slimes","floor":3,"turns":4},{"damage":9,"enemies":"Jaw Worm","floor":5,"turns":4},{"damage":39,"enemies":"Lagavulin","floor":6,"turns":6},{"damage":25,"enemies":"Gremlin Nob","floor":8,"turns":4},{"damage":34,"enemies":"Lagavulin","floor":11,"turns":6},{"damage":10,"enemies":"Blue Slaver","floor":12,"turns":4},{"damage":6,"enemies":"Gremlin Nob","floor":13,"turns":3},{"damage":73,"enemies":"Hexaghost","floor":16,"turns":9}],"seed_played":"4598896813259710608","potions_obtained":[{"floor":1,"key":"Weak Potion"},{"floor":5,"key":"Explosive Potion"},{"floor":11,"key":"Weak Potion"},{"floor":13,"key":"LiquidBronze"}],"is_trial":false,"path_per_floor":["M","?","M","?","M","E","R","E","T","$","E","M","E","?","R","B"],"character_chosen":"IRONCLAD","items_purchased":["Flash of Steel"],"campfire_rested":2,"item_purchase_floors":[10],"current_hp_per_floor":[88,93,75,75,72,39,69,50,50,50,22,18,18,43,73,0],"gold":65,"neow_bonus":"TWENTY_PERCENT_HP_BONUS","is_prod":false,"is_daily":false,"chose_seed":false,"campfire_upgraded":0,"win_rate":0,"timestamp":1548351220,"path_taken":["M","?","M","?","M","E","R","E","T","$","E","M","E","?","R","BOSS"],"build_version":"2019-01-23","purchased_purges":0,"victory":false,"max_hp_per_floor":[96,101,101,101,101,101,101,101,101,101,101,101,101,101,101,101],"card_choices":[{"not_picked":["Heavy Blade","Wild Strike"],"picked":"Cleave","floor":1},{"not_picked":["Wild Strike","Armaments"],"picked":"Headbutt","floor":3},{"not_picked":["Cleave","Perfected Strike"],"picked":"Metallicize","floor":5},{"not_picked":["Uppercut","Armaments","Clash"],"picked":"SKIP","floor":6},{"not_picked":["Corruption","Sentinel"],"picked":"Evolve","floor":8},{"not_picked":["Hemokinesis","Pummel","Reaper"],"picked":"Rage","floor":11},{"not_picked":["Reckless Charge","Anger","Disarm"],"picked":"Headbutt","floor":12},{"not_picked":["Bloodletting","Sever Soul","Uppercut"],"picked":"Ghostly Armor","floor":13}],"player_experience":308265,"relics_obtained":[{"floor":6,"key":"Shuriken"},{"floor":8,"key":"Question Card"},{"floor":9,"key":"Darkstone Periapt"},{"floor":11,"key":"PreservedInsect"},{"floor":13,"key":"Toxic Egg 2"}],"event_choices":[{"damage_healed":0,"gold_gain":0,"player_choice":"Donut","damage_taken":0,"max_hp_gain":5,"max_hp_loss":0,"event_name":"Big Fish","floor":2,"gold_loss":0},{"damage_healed":0,"gold_gain":0,"cards_transformed":["Strike_R"],"player_choice":"Change","damage_taken":0,"max_hp_gain":0,"max_hp_loss":0,"event_name":"Living Wall","floor":4,"gold_loss":0,"cards_obtained":["Double Tap"]},{"damage_healed":25,"gold_gain":0,"player_choice":"Healed","damage_taken":0,"max_hp_gain":0,"max_hp_loss":0,"event_name":"The Cleric","floor":14,"gold_loss":35}],"is_beta":false,"boss_relics":[],"items_purged_floors":[],"is_endless":false,"potions_floor_spawned":[1,5,11,13],"killed_by":"Hexaghost","ascension_level":12}