{"gold_per_floor":[112,112,112,132,132,132,165,179,257,273,298,298,308,108,108,108],"floor_reached":16,"playtime":3241,"items_purged":[],"score":176,"play_id":"bd14886e-3ade-4405-adfa-1c5b544c8832","local_time":"20190124120635","is_ascension_mode":true,"campfire_choices":[{"data":"Escape Plan","floor":6.0,"key":"SMITH"},{"floor":12.0,"key":"REST"},{"data":"Backstab","floor":15.0,"key":"SMITH"}],"neow_cost":"CURSE","seed_source_timestamp":0,"circlet_count":0,"master_deck":["AscendersBane","Defend_G","Defend_G","Defend_G","Defend_G","Defend_G+1","Strike_G","Strike_G","Strike_G","Strike_G","Strike_G+1","Survivor","Neutralize","Infinite Blades","Escape Plan+1","Acrobatics","All Out Attack","Backstab+1","After Image","PiercingWail"],"special_seed":0,"relics":["Ring of the Snake","Regal Pillow","Singing Bowl","Bag of Marbles","Sling"],"potions_floor_usage":[],"damage_taken":[{"damage":2.0,"enemies":"2 Louse","floor":1.0,"turns":3.0},{"damage":0.0,"enemies":"Small Slimes","floor":4.0,"turns":3.0},{"damage":16.0,"enemies":"3 Sentries","floor":7.0,"turns":8.0},{"damage":0.0,"enemies":"Jaw Worm","floor":8.0,"turns":4.0},{"damage":8.0,"enemies":"2 Fungi Beasts","floor":10.0,"turns":4.0},{"damage":10.0,"enemies":"Gremlin Nob","floor":11.0,"turns":4.0},{"damage":0.0,"enemies":"Large Slime","floor":13.0,"turns":5.0},{"damage":89,"enemies":"Hexaghost","floor":16,"turns":14}],"seed_played":"7508460517335981387","potions_obtained":[{"floor":4.0,"key":"Fire Potion"},{"floor":8.0,"key":"Strength Potion"},{"floor":11.0,"key":"Fire Potion"}],"is_trial":false,"path_per_floor":["M","?","?","M","?","R","E","M","T","M","E","R","M","$","R","B"],"character_chosen":"THE_SILENT","items_purchased":["Sling"],"campfire_rested":1,"item_purchase_floors":[14],"current_hp_per_floor":[75,68,51,51,79,79,63,63,63,55,45,84,84,84,84,0],"gold":108,"neow_bonus":"TWENTY_PERCENT_HP_BONUS","is_prod":false,"is_daily":false,"chose_seed":false,"campfire_upgraded":2,"win_rate":0,"timestamp":1548327995,"path_taken":["M","?","?","M","?","R","E","M","T","M","E","R","M","$","R","BOSS"],"build_version":"2019-01-23","purchased_purges":0,"victory":false,"max_hp_per_floor":[84,84,84,84,84,84,84,84,84,84,84,84,84,84,84,84],"card_choices":[{"not_picked":["Dagger Throw","Quick Slash"],"picked":"Infinite Blades","floor":1.0},{"not_picked":["Dagger Throw","Sucker Punch"],"picked":"Escape Plan","floor":4.0},{"not_picked":["Sucker Punch","Crippling Poison"],"picked":"Acrobatics","floor":7.0},{"not_picked":["Masterful Stab","Underhanded Strike"],"picked":"All Out Attack","floor":8.0},{"not_picked":["Dagger Throw","Grand Finale"],"picked":"Backstab","floor":10.0},{"not_picked":["Dash","Terror"],"picked":"After Image","floor":11.0},{"not_picked":["Setup","Riddle With Holes"],"picked":"PiercingWail","floor":13.0}],"player_experience":2031025,"relics_obtained":[{"floor":7.0,"key":"Regal Pillow"},{"floor":9.0,"key":"Singing Bowl"},{"floor":11.0,"key":"Bag of Marbles"}],"event_choices":[{"cards_removed":["Decay"],"damage_healed":0.0,"max_hp_gain":0.0,"max_hp_loss":0.0,"gold_gain":0.0,"event_name":"Golden Wing","player_choice":"Card Removal","floor":2.0,"gold_loss":0.0,"damage_taken":7.0},{"damage_healed":0.0,"max_hp_gain":0.0,"max_hp_loss":0.0,"gold_gain":0.0,"event_name":"Shining Light","player_choice":"Entered Light","floor":3.0,"gold_loss":0.0,"damage_taken":17.0,"cards_upgraded":["Strike_G","Defend_G"]},{"damage_healed":28.0,"max_hp_gain":0.0,"max_hp_loss":0.0,"gold_gain":0.0,"event_name":"Big Fish","player_choice":"Banana","floor":5.0,"gold_loss":0.0,"damage_taken":0.0}],"is_beta":false,"boss_relics":[],"items_purged_floors":[],"is_endless":false,"potions_floor_spawned":[4,8,11],"killed_by":"Hexaghost","ascension_level":12}