{"gold_per_floor":[111,130,130,130,130,170,195,195],"floor_reached":8,"playtime":2818,"items_purged":[],"score":126,"play_id":"b1b11fb4-96e0-4355-9cb8-ba753153cba1","local_time":"20181205223618","is_ascension_mode":true,"campfire_choices":[],"neow_cost":"NONE","seed_source_timestamp":208771444139665,"circlet_count":0,"master_deck":["AscendersBane","Defend_G","Defend_G","Defend_G","Defend_G","Defend_G","Strike_G+1","Strike_G+1","Strike_G","Strike_G","Strike_G","Survivor","Neutralize","Outmaneuver","Backstab","Regret","Backstab","Escape Plan"],"relics":["Ring of the Snake","NeowsBlessing","Pantograph","Golden Idol","Meat on the Bone"],"potions_floor_usage":[8],"damage_taken":[{"damage":0,"enemies":"Jaw Worm","floor":1,"turns":1},{"damage":0,"enemies":"Small Slimes","floor":2,"turns":1},{"damage":0,"enemies":"3 Sentries","floor":6,"turns":1},{"damage":0,"enemies":"2 Louse","floor":7,"turns":2},{"damage":32,"enemies":"Lagavulin","floor":8,"turns":4}],"seed_played":"3369040807007798770","potions_obtained":[{"floor":1,"key":"PowerPotion"}],"is_trial":false,"path_per_floor":["M","M","?","?","?","E","M","E"],"character_chosen":"THE_SILENT","items_purchased":[],"campfire_rested":0,"item_purchase_floors":[],"current_hp_per_floor":[63,63,63,63,50,50,50,18],"gold":195,"neow_bonus":"THREE_ENEMY_KILL","is_prod":false,"is_daily":false,"chose_seed":false,"campfire_upgraded":0,"win_rate":0,"timestamp":1544045778,"path_taken":["M","M","?","?","?","E","M","E"],"build_version":"2018-11-15","purchased_purges":0,"victory":false,"max_hp_per_floor":[70,70,70,65,65,65,65,65],"card_choices":[{"not_picked":["Prepared","Acrobatics"],"picked":"Outmaneuver","floor":1},{"not_picked":["Skewer","Flechettes"],"picked":"Backstab","floor":2},{"not_picked":["Acrobatics","Flying Knee"],"picked":"Backstab","floor":6},{"not_picked":["Calculated Gamble","Underhanded Strike"],"picked":"Escape Plan","floor":7}],"player_experience":1731939,"relics_obtained":[{"floor":6,"key":"Meat on the Bone"}],"event_choices":[{"damage_healed":0,"gold_gain":0,"player_choice":"Box","damage_taken":0,"relics_obtained":["Pantograph"],"max_hp_gain":0,"max_hp_loss":0,"event_name":"Big Fish","floor":3,"gold_loss":0,"cards_obtained":["Regret"]},{"damage_healed":0,"gold_gain":0,"player_choice":"Lose Max HP","damage_taken":0,"relics_obtained":["Golden Idol"],"max_hp_gain":0,"max_hp_loss":5,"event_name":"Golden Idol","floor":4,"gold_loss":0},{"damage_healed":0,"gold_gain":0,"player_choice":"Entered Light","damage_taken":13,"max_hp_gain":0,"max_hp_loss":0,"event_name":"Shining Light","floor":5,"gold_loss":0,"cards_upgraded":["Strike_G","Strike_G"]}],"is_beta":false,"boss_relics":[],"items_purged_floors":[],"is_endless":false,"potions_floor_spawned":[1],"killed_by":"Lagavulin","ascension_level":11}