{"gold_per_floor":[115,127,147,159,174,174,186,186,186,248,277,291,291,291,291,391,391,404,386,40,40,57,57,88,88,115,115,141,160,192,192,192,291,291,308,308,218,232,252,281,291,291,291,291,36,47,63,76,76,76],"floor_reached":51,"playtime":6706,"items_purged":["Defend_G","Defend_G"],"score":766,"play_id":"0e624536-3f07-4f40-935d-4e8b98c850a7","local_time":"20190221152214","is_ascension_mode":false,"campfire_choices":[{"data":"Quick Slash","floor":6.0,"key":"SMITH"},{"data":"Noxious Fumes","floor":8.0,"key":"SMITH"},{"data":"Backflip","floor":15.0,"key":"SMITH"},{"data":"Doppelganger","floor":23.0,"key":"SMITH"},{"floor":25.0,"key":"REST"},{"floor":32.0,"key":"REST"},{"data":"Catalyst","floor":44,"key":"SMITH"},{"data":"Leg Sweep","floor":49,"key":"SMITH"}],"neow_cost":"NONE","seed_source_timestamp":0,"circlet_count":0,"master_deck":["Defend_G","Survivor","Neutralize+1","Doppelganger+1","Acrobatics","Leg Sweep+1","Quick Slash+1","Noxious Fumes+1","Predator","Backflip+1","Catalyst+1","Adrenaline","Tools of the Trade+1","Doppelganger+1","Accuracy+1","Deflect+1","Caltrops","Footwork","After Image","Deadly Poison+1","Infinite Blades+1","Burst+1","PiercingWail+1","Backflip+1","Deadly Poison+1","Noxious Fumes","Reflex+1","Bane+1","Dodge and Roll+1"],"special_seed":0,"relics":["Ring of the Snake","Mummified Hand","Darkstone Periapt","Tingsha","Astrolabe","TwistedFunnel","Molten Egg 2","Bag of Preparation","Toxic Egg 2","Omamori","Sozu","Paper Crane","Question Card"],"potions_floor_usage":[50,50],"damage_taken":[{"damage":0.0,"enemies":"Cultist","floor":1.0,"turns":5.0},{"damage":4.0,"enemies":"Small Slimes","floor":2.0,"turns":7.0},{"damage":5.0,"enemies":"2 Louse","floor":3.0,"turns":4.0},{"damage":7.0,"enemies":"Lots of Slimes","floor":4.0,"turns":5.0},{"damage":4.0,"enemies":"Blue Slaver","floor":5.0,"turns":5.0},{"damage":0.0,"enemies":"Large Slime","floor":7.0,"turns":6.0},{"damage":10.0,"enemies":"3 Sentries","floor":10.0,"turns":6.0},{"damage":13.0,"enemies":"3 Sentries","floor":11.0,"turns":7.0},{"damage":0.0,"enemies":"Red Slaver","floor":12.0,"turns":3.0},{"damage":37.0,"enemies":"Slime Boss","floor":16.0,"turns":9.0},{"damage":2.0,"enemies":"Spheric Guardian","floor":18.0,"turns":4.0},{"damage":2.0,"enemies":"2 Thieves","floor":19.0,"turns":5.0},{"damage":6.0,"enemies":"Snake Plant","floor":22.0,"turns":4.0},{"damage":21.0,"enemies":"Slavers","floor":24.0,"turns":5.0},{"damage":0.0,"enemies":"Book of Stabbing","floor":28.0,"turns":5.0},{"damage":0.0,"enemies":"Centurion and Healer","floor":29.0,"turns":5.0},{"damage":11.0,"enemies":"Slavers","floor":30.0,"turns":4.0},{"damage":15.0,"enemies":"Champ","floor":33.0,"turns":10.0},{"damage":0,"enemies":"3 Darklings","floor":35,"turns":4},{"damage":1,"enemies":"3 Shapes","floor":38,"turns":3},{"damage":2,"enemies":"Sphere and 2 Shapes","floor":39,"turns":5},{"damage":0,"enemies":"Reptomancer","floor":40,"turns":3},{"damage":0,"enemies":"Maw","floor":41,"turns":5},{"damage":0,"enemies":"Transient","floor":46,"turns":5},{"damage":2,"enemies":"3 Darklings","floor":47,"turns":4},{"damage":2,"enemies":"Jaw Worm Horde","floor":48,"turns":4},{"damage":21,"enemies":"Donu and Deca","floor":50,"turns":8}],"seed_played":"-3183581215638327251","potions_obtained":[{"floor":1.0,"key":"Strength Potion"},{"floor":3.0,"key":"PowerPotion"},{"floor":7.0,"key":"Explosive Potion"},{"floor":10.0,"key":"Strength Potion"},{"floor":11.0,"key":"Explosive Potion"},{"floor":24.0,"key":"Dexterity Potion"},{"floor":29.0,"key":"FearPotion"},{"floor":30.0,"key":"SkillPotion"},{"floor":33.0,"key":"Energy Potion"}],"is_trial":false,"path_per_floor":["M","M","M","M","M","R","M","R","T","?","E","M","?","?","R","B",null,"M","M","$","?","M","R","E","R","T","?","E","M","E","?","R","B",null,"M","?","?","M","M","E","M","?","T","R","$","M","M","M","R","B",null],"character_chosen":"THE_SILENT","items_purchased":["TwistedFunnel","Caltrops","Noxious Fumes","Reflex+1"],"campfire_rested":2,"item_purchase_floors":[20,20,45,45],"current_hp_per_floor":[70,66,61,54,50,50,50,50,50,40,27,27,27,50,50,13,70,68,66,66,66,60,60,39,60,60,60,60,60,49,49,70,55,70,70,66,66,65,63,63,63,63,63,63,63,63,61,59,59,38],"gold":76,"neow_bonus":"TRANSFORM_CARD","is_prod":false,"is_daily":false,"chose_seed":false,"campfire_upgraded":6,"win_rate":0,"timestamp":1550787734,"path_taken":["M","?","M","M","M","R","M","R","T","?","E","M","?","?","R","BOSS","M","M","$","?","?","R","E","R","T","?","E","M","E","?","R","BOSS","M","?","?","M","?","E","?","?","T","R","$","M","M","M","R","BOSS"],"build_version":"2019-01-23","purchased_purges":2,"victory":true,"max_hp_per_floor":[70,70,70,70,70,70,70,70,70,70,70,70,70,70,70,70,70,70,70,70,70,70,70,70,70,70,70,70,70,70,70,70,70,70,70,66,66,66,66,66,66,66,66,66,66,66,66,66,66,66],"card_choices":[{"not_picked":["Riddle With Holes","Flechettes","Poisoned Stab"],"picked":"SKIP","floor":1.0},{"not_picked":["Predator","Deflect"],"picked":"Acrobatics","floor":2.0},{"not_picked":["Flechettes","Blade Dance"],"picked":"Leg Sweep","floor":3.0},{"not_picked":["Reflex","Backstab"],"picked":"Quick Slash","floor":4.0},{"not_picked":["Accuracy","Blade Dance","Riddle With Holes"],"picked":"SKIP","floor":5.0},{"not_picked":["Calculated Gamble","Underhanded Strike"],"picked":"Noxious Fumes","floor":7.0},{"not_picked":["Dagger Throw","Deflect"],"picked":"Predator","floor":10.0},{"not_picked":["Bane","Expertise"],"picked":"Backflip","floor":11.0},{"not_picked":["Reflex","Quick Slash"],"picked":"Catalyst","floor":12.0},{"not_picked":["A Thousand Cuts","Unload"],"picked":"Adrenaline","floor":16.0},{"not_picked":["Blade Dance","Quick Slash"],"picked":"Deflect","floor":18.0},{"not_picked":["Deflect+1","Masterful Stab","Poisoned Stab"],"picked":"SKIP","floor":19.0},{"not_picked":["Slice","Flying Knee","Finisher"],"picked":"SKIP","floor":22.0},{"not_picked":["Blade Dance","Dagger Spray+1"],"picked":"Footwork","floor":24.0},{"not_picked":["Glass Knife+1","Underhanded Strike+1"],"picked":"Deadly Poison","floor":28.0},{"not_picked":["Riddle With Holes+1","Accuracy"],"picked":"Infinite Blades+1","floor":29.0},{"not_picked":["Accuracy+1","Caltrops+1","Deflect+1"],"picked":"SKIP","floor":30.0},{"not_picked":["Glass Knife+1","Die Die Die+1"],"picked":"Burst+1","floor":33.0},{"not_picked":["Bane+1","Deflect+1"],"picked":"PiercingWail+1","floor":35},{"not_picked":["Predator+1","Dodge and Roll+1"],"picked":"Backflip+1","floor":38},{"not_picked":["Deflect+1","Heel Hook+1"],"picked":"Deadly Poison+1","floor":39},{"not_picked":["Underhanded Strike+1","Slice+1","Endless Agony+1"],"picked":"SKIP","floor":40},{"not_picked":["Sucker Punch+1","Eviscerate+1","Outmaneuver+1"],"picked":"SKIP","floor":41},{"not_picked":["Acrobatics+1","Cloak And Dagger+1","Slice+1"],"picked":"Bane+1","floor":46},{"not_picked":["Blade Dance+1","Outmaneuver+1","Deadly Poison+1"],"picked":"Dodge and Roll+1","floor":47},{"not_picked":["Heel Hook+1","Poisoned Stab+1","Outmaneuver+1","Dagger Spray+1"],"picked":"SKIP","floor":48}],"player_experience":66951,"relics_obtained":[{"floor":9.0,"key":"Mummified Hand"},{"floor":10.0,"key":"Darkstone Periapt"},{"floor":11.0,"key":"Tingsha"},{"floor":24.0,"key":"Molten Egg 2"},{"floor":26.0,"key":"Bag of Preparation"},{"floor":28.0,"key":"Toxic Egg 2"},{"floor":30.0,"key":"Omamori"},{"floor":40,"key":"Paper Crane"},{"floor":43,"key":"Question Card"}],"event_choices":[{"damage_healed":0.0,"max_hp_gain":0.0,"max_hp_loss":0.0,"gold_gain":30.0,"event_name":"Dead Adventurer","player_choice":"Searched \u00272\u0027 times","floor":10.0,"gold_loss":0.0,"damage_taken":0.0},{"cards_removed":["Strike_G"],"damage_healed":0.0,"max_hp_gain":0.0,"max_hp_loss":0.0,"gold_gain":0.0,"event_name":"Living Wall","player_choice":"Forget","floor":13.0,"gold_loss":0.0,"damage_taken":0.0},{"damage_healed":23.0,"max_hp_gain":0.0,"max_hp_loss":0.0,"gold_gain":0.0,"event_name":"Big Fish","player_choice":"Banana","floor":14.0,"gold_loss":0.0,"damage_taken":0.0},{"damage_healed":0.0,"max_hp_gain":0.0,"max_hp_loss":0.0,"gold_gain":0.0,"event_name":"Upgrade Shrine","player_choice":"Upgraded","floor":21.0,"gold_loss":0.0,"damage_taken":0.0,"cards_upgraded":["Neutralize"]},{"damage_healed":0.0,"max_hp_gain":0.0,"max_hp_loss":0.0,"gold_gain":0.0,"event_name":"The Library","player_choice":"Read","floor":27.0,"gold_loss":0.0,"damage_taken":0.0,"cards_obtained":["After Image"]},{"damage_healed":0.0,"max_hp_gain":0.0,"max_hp_loss":0.0,"gold_gain":0.0,"event_name":"Vampires","player_choice":"Ignored","floor":31.0,"gold_loss":0.0,"damage_taken":0.0},{"damage_healed":0,"gold_gain":0,"player_choice":"Max HP","damage_taken":0,"max_hp_gain":0,"max_hp_loss":4,"event_name":"Winding Halls","floor":36,"gold_loss":0},{"cards_removed":["Strike_G"],"damage_healed":0,"gold_gain":0,"player_choice":"Upgrade and Remove","damage_taken":0,"max_hp_gain":0,"max_hp_loss":0,"event_name":"Designer","floor":37,"gold_loss":90,"cards_upgraded":["Deflect"]},{"cards_removed":["Defend_G"],"damage_healed":0,"gold_gain":0,"player_choice":"Card Removal","damage_taken":0,"max_hp_gain":0,"max_hp_loss":0,"event_name":"Wheel of Change","floor":42,"gold_loss":0}],"is_beta":false,"boss_relics":[{"not_picked":["Runic Dome","Runic Pyramid"],"picked":"Astrolabe"},{"not_picked":["Tiny House","Cursed Key"],"picked":"Sozu"}],"items_purged_floors":[20,45],"is_endless":false,"potions_floor_spawned":[1,3,7,10,11,24,29,30,33,39,41,47],"ascension_level":0}