{"gold_per_floor":[111,6,23,23,23,53,63,93,118,80,91,125,125,154,154,227,227,241,241,257,257,257,292,315,348,348,376,376,405,405,418,418,495,495,512,522,540,552,563,596,596,649,649,681,272,272,272,303,303,303,303],"floor_reached":51,"playtime":2820,"items_purged":["Anger"],"score":2053,"play_id":"febb4fb2-3e8b-4477-8569-db1594a9f2aa","local_time":"20190104005927","is_ascension_mode":true,"campfire_choices":[{"data":"Rupture","floor":13.0,"key":"SMITH"},{"floor":15.0,"key":"REST"},{"data":"Corruption","floor":28.0,"key":"SMITH"},{"data":"Demon Form","floor":30.0,"key":"SMITH"},{"data":"Feel No Pain","floor":32.0,"key":"SMITH"},{"floor":41,"key":"RECALL"},{"floor":46,"key":"REST"},{"floor":49,"key":"REST"}],"neow_cost":"NONE","seed_source_timestamp":186181708483334,"circlet_count":0,"master_deck":["AscendersBane","Bash","Hemokinesis+1","Rupture+1","Armaments","Shrug It Off","Shrug It Off","Demon Form","Clothesline","Armaments+1","Immolate","Offering+1","Sentinel+1","Demon Form+1","Havoc+1","Sentinel+1","Burning Pact+1","Carnage+1","Heavy Blade","Seeing Red+1","Bloodletting+1","Corruption+1","Feel No Pain+1","Ghostly+1","Ghostly+1","Ghostly+1","Brutality+1","Havoc+1","Havoc+1","Barricade+1","Pommel Strike+1","True Grit+1","Intimidate+1","Impervious+1","Pummel+1","Battle Trance+1","Reaper","Feel No Pain+1","Shrug It Off+1","Feel No Pain+1"],"special_seed":0,"relics":["Burning Blood","NeowsBlessing","Bottled Tornado","Letter Opener","Toxic Egg 2","Bag of Marbles","Strawberry","Regal Pillow","Pandora\u0027s Box","Mummified Hand","Frozen Egg 2","Anchor","Lantern","Bottled Lightning","Red Skull","Prayer Wheel","Fusion Hammer","Kunai","Turnip","Whetstone","Unceasing Top","Dream Catcher"],"potions_floor_usage":[],"damage_taken":[{"damage":0.0,"enemies":"Cultist","floor":1.0,"turns":1.0},{"damage":0.0,"enemies":"Small Slimes","floor":3.0,"turns":2.0},{"damage":0.0,"enemies":"3 Sentries","floor":6.0,"turns":2.0},{"damage":9.0,"enemies":"Jaw Worm","floor":7.0,"turns":3.0},{"damage":34.0,"enemies":"Gremlin Nob","floor":8.0,"turns":4.0},{"damage":6.0,"enemies":"Large Slime","floor":11.0,"turns":5.0},{"damage":14.0,"enemies":"Lagavulin","floor":12.0,"turns":8.0},{"damage":23.0,"enemies":"Gremlin Nob","floor":14.0,"turns":4.0},{"damage":36.0,"enemies":"Hexaghost","floor":16.0,"turns":9.0},{"damage":17.0,"enemies":"3 Byrds","floor":18.0,"turns":4.0},{"damage":13.0,"enemies":"2 Thieves","floor":20.0,"turns":3.0},{"damage":8.0,"enemies":"Book of Stabbing","floor":23.0,"turns":3.0},{"damage":4.0,"enemies":"Gremlin Leader","floor":25.0,"turns":3.0},{"damage":9.0,"enemies":"Slavers","floor":27.0,"turns":4.0},{"damage":9.0,"enemies":"Gremlin Leader","floor":29.0,"turns":4.0},{"damage":9.0,"enemies":"Centurion and Healer","floor":31.0,"turns":4.0},{"damage":22.0,"enemies":"Champ","floor":33.0,"turns":7.0},{"damage":6.0,"enemies":"Orb Walker","floor":35.0,"turns":3.0},{"damage":9.0,"enemies":"3 Darklings","floor":36.0,"turns":5.0},{"damage":6.0,"enemies":"4 Shapes","floor":37.0,"turns":1.0},{"damage":7.0,"enemies":"Jaw Worm Horde","floor":38.0,"turns":2.0},{"damage":10,"enemies":"Writhing Mass","floor":39,"turns":4},{"damage":6,"enemies":"Reptomancer","floor":40,"turns":6},{"damage":12,"enemies":"2 Orb Walkers","floor":42,"turns":6},{"damage":12,"enemies":"Giant Head","floor":44,"turns":6},{"damage":12,"enemies":"Reptomancer","floor":48,"turns":5},{"damage":20,"enemies":"Awakened One","floor":50,"turns":8},{"damage":45,"enemies":"Time Eater","floor":51,"turns":3}],"seed_played":"1573826110904879973","potions_obtained":[{"floor":6.0,"key":"Fire Potion"},{"floor":8.0,"key":"SpeedPotion"},{"floor":11.0,"key":"FearPotion"},{"floor":14.0,"key":"Weak Potion"},{"floor":27.0,"key":"Weak Potion"}],"is_trial":false,"path_per_floor":["M","$","M","?","T","E","M","E","T","?","M","E","R","E","R","B",null,"M","?","M","?","T","E","T","E","T","E","R","E","R","M","R","B",null,"M","M","M","M","M","E","R","?","T","E","$","R","?","E","R","B","B"],"character_chosen":"IRONCLAD","items_purchased":["Rupture","Armaments","Unceasing Top"],"campfire_rested":3,"item_purchase_floors":[2,2,45],"current_hp_per_floor":[74,74,75,75,75,75,72,44,44,44,44,43,43,26,65,35,70,59,59,52,41,41,39,39,41,41,38,38,35,35,32,32,16,35,35,32,32,31,27,27,27,41,41,41,41,41,41,41,41,34,0],"gold":303,"neow_bonus":"THREE_ENEMY_KILL","is_prod":false,"is_daily":false,"chose_seed":false,"campfire_upgraded":4,"win_rate":0,"timestamp":1546534767,"path_taken":["M","$","?","?","?","E","M","E","T","?","M","E","R","E","R","BOSS","M","?","M","?","?","E","?","E","T","E","R","E","R","M","R","BOSS","M","M","M","M","M","E","R","?","T","E","$","R","?","E","R","BOSS","BOSS"],"build_version":"2019-01-02","purchased_purges":1,"victory":false,"max_hp_per_floor":[75,75,75,75,75,75,75,75,75,75,75,82,82,82,82,82,82,82,82,82,41,41,41,41,41,41,41,41,41,41,41,41,41,41,41,41,41,41,41,41,41,41,41,41,41,41,41,41,41,41,41],"card_choices":[{"not_picked":["Perfected Strike","Intimidate"],"picked":"Hemokinesis","floor":1.0},{"not_picked":["Warcry","Evolve"],"picked":"Shrug It Off","floor":3.0},{"not_picked":["Clash","Reckless Charge","Body Slam"],"picked":"SKIP","floor":6.0},{"not_picked":["Thunderclap","Reckless Charge"],"picked":"Shrug It Off","floor":7.0},{"not_picked":["Perfected Strike","Clash"],"picked":"Demon Form","floor":8.0},{"not_picked":["Cleave","Flex+1"],"picked":"Clothesline","floor":11.0},{"not_picked":["Blood for Blood","Sword Boomerang"],"picked":"Armaments+1","floor":12.0},{"not_picked":["Clothesline","Inflame"],"picked":"Immolate","floor":14.0},{"not_picked":["Double Tap+1","Dark Embrace"],"picked":"Offering+1","floor":16.0},{"not_picked":["Armaments+1","Anger"],"picked":"Bloodletting+1","floor":18.0},{"not_picked":["Rampage+1","Sentinel+1"],"picked":"Feel No Pain","floor":20.0},{"not_picked":["Armaments+1","Sword Boomerang"],"picked":"Brutality","floor":23.0},{"not_picked":["Perfected Strike","Infernal Blade+1","Twin Strike"],"picked":"SKIP","floor":25.0},{"not_picked":["Pommel Strike","Carnage","Rupture+1"],"picked":"SKIP","floor":27.0},{"not_picked":["Brutality+1","Perfected Strike","Spot Weakness+1"],"picked":"SKIP","floor":29.0},{"not_picked":["Metallicize+1","Clash"],"picked":"Havoc+1","floor":31.0},{"not_picked":["Second Wind+1","Seeing Red+1"],"picked":"Havoc+1","floor":31.0},{"not_picked":["Exhume+1","Reaper"],"picked":"Barricade+1","floor":33.0},{"not_picked":["Wild Strike","Sword Boomerang"],"picked":"Pommel Strike","floor":35.0},{"not_picked":["Thunderclap+1","Pommel Strike","Flex+1"],"picked":"SKIP","floor":35.0},{"not_picked":["Headbutt","Reckless Charge+1"],"picked":"True Grit+1","floor":36.0},{"not_picked":["Anger","True Grit+1"],"picked":"Intimidate+1","floor":36.0},{"not_picked":["Bloodletting+1","Warcry+1"],"picked":"Impervious+1","floor":37.0},{"not_picked":["Intimidate+1","Havoc+1"],"picked":"Pummel+1","floor":37.0},{"not_picked":["Anger+1","Body Slam+1"],"picked":"Battle Trance+1","floor":38.0},{"not_picked":["Flex+1","Rampage","Sword Boomerang+1"],"picked":"SKIP","floor":38.0},{"not_picked":["Iron Wave+1","Flex+1","Clothesline"],"picked":"SKIP","floor":39},{"not_picked":["Pummel+1","Body Slam","Entrench+1"],"picked":"SKIP","floor":39},{"not_picked":["Cleave","Reckless Charge"],"picked":"Reaper","floor":40},{"not_picked":["Ghostly Armor+1","Sentinel+1"],"picked":"Feel No Pain+1","floor":42},{"not_picked":["Body Slam","Iron Wave"],"picked":"Shrug It Off+1","floor":44},{"not_picked":["Pommel Strike","Uppercut"],"picked":"Feel No Pain+1","floor":48}],"player_experience":1323890,"relics_obtained":[{"floor":5.0,"key":"Bottled Tornado"},{"floor":6.0,"key":"Letter Opener"},{"floor":8.0,"key":"Toxic Egg 2"},{"floor":9.0,"key":"Bag of Marbles"},{"floor":12.0,"key":"Strawberry"},{"floor":14.0,"key":"Regal Pillow"},{"floor":22.0,"key":"Mummified Hand"},{"floor":23.0,"key":"Frozen Egg 2"},{"floor":24.0,"key":"Anchor"},{"floor":25.0,"key":"Lantern"},{"floor":26.0,"key":"Bottled Lightning"},{"floor":27.0,"key":"Red Skull"},{"floor":29.0,"key":"Prayer Wheel"},{"floor":40,"key":"Kunai"},{"floor":42,"key":"Turnip"},{"floor":44,"key":"Whetstone"},{"floor":48,"key":"Dream Catcher"}],"event_choices":[{"damage_healed":0.0,"max_hp_gain":0.0,"max_hp_loss":0.0,"gold_gain":0.0,"event_name":"Living Wall","player_choice":"Grow","floor":4.0,"gold_loss":0.0,"damage_taken":0.0,"cards_upgraded":["Hemokinesis"]},{"damage_healed":0.0,"max_hp_gain":0.0,"max_hp_loss":0.0,"gold_gain":0.0,"event_name":"World of Goop","player_choice":"Left Gold","floor":10.0,"gold_loss":38.0,"damage_taken":0.0},{"damage_healed":0.0,"max_hp_gain":0.0,"max_hp_loss":0.0,"gold_gain":0.0,"event_name":"The Library","player_choice":"Read","floor":19.0,"gold_loss":0.0,"damage_taken":0.0,"cards_obtained":["Corruption"]},{"damage_healed":0.0,"max_hp_gain":0.0,"max_hp_loss":41.0,"gold_gain":0.0,"event_name":"Ghosts","player_choice":"Became a Ghost","floor":21.0,"gold_loss":0.0,"damage_taken":0.0,"cards_obtained":["Ghostly","Ghostly","Ghostly"]},{"damage_healed":0,"gold_gain":0,"player_choice":"Fight","damage_taken":0,"max_hp_gain":0,"max_hp_loss":0,"event_name":"Mysterious Sphere","floor":42,"gold_loss":0},{"damage_healed":0,"gold_gain":0,"player_choice":"Ignored","damage_taken":0,"max_hp_gain":0,"max_hp_loss":0,"event_name":"Tomb of Lord Red Mask","floor":47,"gold_loss":0}],"is_beta":true,"boss_relics":[{"not_picked":["Eternal Feather","Black Star"],"picked":"Pandora\u0027s Box"},{"not_picked":["Calling Bell","Lizard Tail"],"picked":"Fusion Hammer"}],"items_purged_floors":[45],"is_endless":false,"potions_floor_spawned":[6,8,11,14,27,29,31,38,39,42],"killed_by":"Time Eater","ascension_level":20}