{"gold_per_floor":[115,135,135,150,150,150,75,75,99,130,130,165,165,57,57,150,150,169,183,183,8,8,8,42,60,60,60,17,38,79,100,100,199,199,223,523,523,537,38,76,76,76,122,122,163,183,16,16,16,16,16,16,16,16,51,51],"floor_reached":57,"playtime":3113,"items_purged":["Injury","Strike_G"],"score":3014,"play_id":"dd1bc3c2-4d5b-4765-b5d1-5977f78c3092","local_time":"20181214215146","is_ascension_mode":true,"campfire_choices":[{"data":"Noxious Fumes","floor":6.0,"key":"SMITH"},{"data":"Neutralize","floor":8.0,"key":"SMITH"},{"data":"Malaise","floor":11.0,"key":"SMITH"},{"data":"All Out Attack","floor":13.0,"key":"SMITH"},{"data":"Poisoned Stab","floor":15.0,"key":"SMITH"},{"floor":23.0,"key":"RECALL"},{"floor":27.0,"key":"REST"},{"floor":32.0,"key":"REST"},{"floor":42.0,"key":"REST"},{"floor":44.0,"key":"REST"},{"floor":49.0,"key":"REST"},{"floor":53.0,"key":"REST"}],"neow_cost":"NONE","seed_source_timestamp":472576794977825,"circlet_count":0,"master_deck":["AscendersBane","Defend_G+1","Defend_G+1","Defend_G+1","Defend_G+1","Defend_G+1","Strike_G+1","Survivor+1","Neutralize+1","Noxious Fumes+1","All Out Attack+1","Malaise+1","Well Laid Plans+1","Poisoned Stab+1","Adrenaline+1","Backflip+1","Ghostly+1","Ghostly+1","Ghostly+1","Footwork+1","Catalyst+1","Noxious Fumes+1","Footwork+1","Escape Plan+1","Bullet Time+1","Deflect+1","Night Terror+1","Acrobatics+1","Adrenaline+1","Escape Plan+1","Leg Sweep+1"],"special_seed":0,"relics":["Ring of the Snake","NeowsBlessing","Golden Idol","Bag of Marbles","Frozen Egg 2","Meat on the Bone","Fusion Hammer","Snake Skull","Mango","Regal Pillow","Empty Cage","Lee\u0027s Waffle","Toxic Egg 2","Strawberry","Mark of the Bloom","Mercury Hourglass","Oddly Smooth Stone","Boot"],"potions_floor_usage":[],"damage_taken":[{"damage":0.0,"enemies":"Small Slimes","floor":1.0,"turns":1.0},{"damage":0.0,"enemies":"Cultist","floor":2.0,"turns":1.0},{"damage":2.0,"enemies":"2 Louse","floor":4.0,"turns":2.0},{"damage":6.0,"enemies":"3 Sentries","floor":10.0,"turns":6.0},{"damage":20.0,"enemies":"Gremlin Nob","floor":12.0,"turns":5.0},{"damage":2.0,"enemies":"Hexaghost","floor":16.0,"turns":10.0},{"damage":3.0,"enemies":"Shell Parasite","floor":18.0,"turns":7.0},{"damage":15.0,"enemies":"Spheric Guardian","floor":19.0,"turns":5.0},{"damage":13.0,"enemies":"Slavers","floor":24.0,"turns":8.0},{"damage":0.0,"enemies":"3 Cultists","floor":25.0,"turns":5.0},{"damage":7.0,"enemies":"Snecko","floor":29.0,"turns":5.0},{"damage":1.0,"enemies":"Book of Stabbing","floor":30.0,"turns":7.0},{"damage":3.0,"enemies":"Snake Plant","floor":31.0,"turns":6.0},{"damage":11.0,"enemies":"Automaton","floor":33.0,"turns":10.0},{"damage":0.0,"enemies":"3 Shapes","floor":35.0,"turns":5.0},{"damage":12.0,"enemies":"3 Darklings","floor":38.0,"turns":5.0},{"damage":0.0,"enemies":"Giant Head","floor":40.0,"turns":9.0},{"damage":0.0,"enemies":"Nemesis","floor":45.0,"turns":7.0},{"damage":2.0,"enemies":"Spire Growth","floor":46.0,"turns":6.0},{"damage":0.0,"enemies":"Awakened One","floor":50.0,"turns":17.0},{"damage":13.0,"enemies":"Time Eater","floor":51.0,"turns":19.0},{"damage":0.0,"enemies":"Shield and Spear","floor":55.0,"turns":7.0},{"damage":34,"enemies":"The Heart","floor":56,"turns":13}],"seed_played":"-6294461255713894293","potions_obtained":[{"floor":1.0,"key":"GhostInAJar"},{"floor":2.0,"key":"EssenceOfSteel"},{"floor":19.0,"key":"Fire Potion"},{"floor":29.0,"key":"EssenceOfSteel"},{"floor":35.0,"key":"Energy Potion"}],"is_trial":false,"path_per_floor":["M","M","?","M","?","R","$","R","T","E","R","E","R","$","R","B",null,"M","M","?","$","?","R","E","M","T","R","$","M","E","M","R","B",null,"M","?","$","M","$","E","?","R","T","R","E","M","$","?","R","B","B",null,"R","$","E","B",null],"character_chosen":"THE_SILENT","items_purchased":["LiquidBronze","Poisoned Stab","Footwork+1","Footwork+1","Lee\u0027s Waffle","Toxic Egg 2","Oddly Smooth Stone"],"campfire_rested":6,"item_purchase_floors":[14,14,21,28,39,39,47],"current_hp_per_floor":[59,59,59,57,57,57,57,57,57,51,51,31,31,31,31,41,60,57,42,33,33,33,33,20,20,34,47,47,40,39,36,47,36,44,44,44,44,32,54,61,61,61,61,61,61,59,59,59,59,59,46,46,46,46,46,12],"gold":51,"neow_bonus":"THREE_ENEMY_KILL","is_prod":false,"is_daily":false,"chose_seed":false,"campfire_upgraded":5,"win_rate":0,"timestamp":1544842306,"path_taken":["M","M","?","?","?","R","$","R","T","E","R","E","R","$","R","BOSS","M","M","?","?","?","R","E","M","T","R","$","?","E","M","R","BOSS","M","?","?","?","$","E","?","R","T","R","E","M","?","?","R","BOSS","BOSS","R","$","E","BOSS"],"build_version":"2018-12-13","purchased_purges":2,"victory":true,"max_hp_per_floor":[66,66,66,66,66,66,66,66,66,66,66,66,66,66,66,66,66,66,66,33,33,33,33,33,33,47,47,47,47,47,47,47,47,47,47,47,47,47,54,61,61,61,61,61,61,61,61,61,61,61,61,61,61,61,61,61],"card_choices":[{"not_picked":["Eviscerate","Bouncing Flask"],"picked":"Noxious Fumes","floor":1.0},{"not_picked":["Escape Plan","PiercingWail"],"picked":"All Out Attack","floor":2.0},{"not_picked":["Blade Dance","Outmaneuver","PiercingWail"],"picked":"SKIP","floor":4.0},{"not_picked":["Choke","PiercingWail"],"picked":"Malaise","floor":10.0},{"not_picked":["PiercingWail","Dagger Spray"],"picked":"Well Laid Plans+1","floor":12.0},{"not_picked":["Envenom+1","Night Terror"],"picked":"Adrenaline","floor":16.0},{"not_picked":["Finisher","All Out Attack"],"picked":"Poisoned Stab+1","floor":18.0},{"not_picked":["Outmaneuver","Bane"],"picked":"Backflip","floor":19.0},{"not_picked":["Outmaneuver","Flying Knee"],"picked":"Catalyst","floor":24.0},{"not_picked":["Bane+1","Catalyst"],"picked":"Noxious Fumes+1","floor":25.0},{"not_picked":["Infinite Blades+1","Flechettes"],"picked":"Escape Plan","floor":29.0},{"not_picked":["Dodge and Roll","Concentrate"],"picked":"Bullet Time","floor":30.0},{"not_picked":["Infinite Blades+1","Outmaneuver"],"picked":"Deflect+1","floor":31.0},{"not_picked":["Doppelganger","Grand Finale"],"picked":"Night Terror","floor":33.0},{"not_picked":["Prepared","Dagger Spray"],"picked":"Acrobatics+1","floor":35.0},{"not_picked":["Accuracy+1","Poisoned Stab","Distraction"],"picked":"SKIP","floor":38.0},{"not_picked":["Acrobatics+1","Dodge and Roll+1"],"picked":"Adrenaline+1","floor":40.0},{"not_picked":["Deflect+1","Dagger Spray","Bane"],"picked":"SKIP","floor":45.0},{"not_picked":["Prepared+1","Deadly Poison+1"],"picked":"Escape Plan+1","floor":46.0},{"not_picked":["A Thousand Cuts+1","Crippling Poison+1"],"picked":"Leg Sweep+1","floor":55.0}],"player_experience":1234095,"relics_obtained":[{"floor":9.0,"key":"Bag of Marbles"},{"floor":10.0,"key":"Frozen Egg 2"},{"floor":12.0,"key":"Meat on the Bone"},{"floor":24.0,"key":"Snake Skull"},{"floor":26.0,"key":"Mango"},{"floor":30.0,"key":"Regal Pillow"},{"floor":40.0,"key":"Strawberry"},{"floor":45.0,"key":"Mercury Hourglass"},{"floor":55.0,"key":"Boot"}],"event_choices":[{"cards_removed":["Strike_G"],"damage_healed":0.0,"max_hp_gain":0.0,"max_hp_loss":0.0,"gold_gain":0.0,"event_name":"Purifier","player_choice":"Purged","floor":3.0,"gold_loss":0.0,"damage_taken":0.0},{"damage_healed":0.0,"max_hp_gain":0.0,"max_hp_loss":0.0,"gold_gain":0.0,"event_name":"Golden Idol","player_choice":"Take Wound","floor":5.0,"gold_loss":0.0,"damage_taken":0.0,"relics_obtained":["Golden Idol"],"cards_obtained":["Injury"]},{"damage_healed":0.0,"max_hp_gain":0.0,"max_hp_loss":33.0,"gold_gain":0.0,"event_name":"Ghosts","player_choice":"Became a Ghost","floor":20.0,"gold_loss":0.0,"damage_taken":0.0,"cards_obtained":["Ghostly","Ghostly","Ghostly"]},{"damage_healed":0.0,"max_hp_gain":0.0,"max_hp_loss":0.0,"gold_gain":0.0,"event_name":"N\u0027loth","player_choice":"Ignored","floor":22.0,"gold_loss":0.0,"damage_taken":0.0},{"damage_healed":0.0,"max_hp_gain":0.0,"max_hp_loss":0.0,"gold_gain":300.0,"event_name":"Wheel of Change","player_choice":"Gold","floor":36.0,"gold_loss":0.0,"damage_taken":0.0},{"damage_healed":0.0,"max_hp_gain":0.0,"max_hp_loss":0.0,"gold_gain":0.0,"event_name":"MindBloom","player_choice":"Upgrade","floor":41.0,"gold_loss":0.0,"damage_taken":0.0,"cards_upgraded":["Defend_G","Defend_G","Defend_G","Defend_G","Defend_G","Strike_G","Survivor","Adrenaline","Backflip","Ghostly","Ghostly","Ghostly","Catalyst","Escape Plan","Bullet Time","Night Terror"],"relics_obtained":["Mark of the Bloom"]},{"cards_removed":["Poisoned Stab"],"damage_healed":0.0,"max_hp_gain":0.0,"max_hp_loss":0.0,"gold_gain":0.0,"event_name":"Falling","player_choice":"Removed Attack","floor":48.0,"gold_loss":0.0,"damage_taken":0.0}],"is_beta":true,"boss_relics":[{"not_picked":["Sozu","Velvet Choker"],"picked":"Fusion Hammer"},{"not_picked":["Busted Crown","Calling Bell"],"picked":"Empty Cage"}],"items_purged_floors":[7,21],"is_endless":false,"potions_floor_spawned":[1,2,4,19,29,31,35,45],"ascension_level":20}