{"gold_per_floor":[112,37,2,18,38,38,38,53,53,128,154,0,0,20,20,98,98,108,30,30,45,45,45,45,45,45,45],"floor_reached":27,"playtime":1103,"items_purged":["Defend_R","Strike_R"],"score":355,"play_id":"15c3e18a-ae85-4d0f-a941-6daa83666e1a","local_time":"20190125185523","is_ascension_mode":true,"campfire_choices":[{"data":"Iron Wave","floor":6,"key":"SMITH"},{"floor":13,"key":"REST"},{"data":"Flex","floor":15,"key":"SMITH"},{"floor":23,"key":"REST"},{"floor":24,"key":"REST"}],"neow_cost":"PERCENT_DAMAGE","seed_source_timestamp":13127837879857433,"circlet_count":0,"master_deck":["AscendersBane","Strike_R","Strike_R","Strike_R","Defend_R","Defend_R","Bash","Iron Wave+1","Clash","Warcry","Feed","Flex+1","Flex","Rampage","Second Wind","Iron Wave+1","Decay"],"relics":["Burning Blood","Ornamental Fan","WingedGreaves","Runic Pyramid","Ice Cream"],"potions_floor_usage":[11,16,16],"damage_taken":[{"damage":7,"enemies":"2 Louse","floor":1,"turns":4},{"damage":4,"enemies":"Jaw Worm","floor":4,"turns":4},{"damage":5,"enemies":"Cultist","floor":5,"turns":4},{"damage":6,"enemies":"Red Slaver","floor":8,"turns":3},{"damage":24,"enemies":"Lagavulin","floor":11,"turns":7},{"damage":6,"enemies":"Blue Slaver","floor":14,"turns":2},{"damage":21,"enemies":"Hexaghost","floor":16,"turns":8},{"damage":26,"enemies":"Shell Parasite","floor":18,"turns":4},{"damage":35,"enemies":"3 Byrds","floor":21,"turns":6},{"damage":86,"enemies":"Slavers","floor":27,"turns":4}],"seed_played":"-859908107546486602","potions_obtained":[{"floor":5,"key":"EssenceOfSteel"},{"floor":11,"key":"Strength Potion"},{"floor":14,"key":"Dexterity Potion"}],"is_trial":false,"path_per_floor":["M","$","?","M","M","R","$","M","T","?","E","$","R","M","R","B",null,"M","$","?","M","?","R","R","$","T","E"],"character_chosen":"IRONCLAD","items_purchased":["Flex","Second Wind"],"campfire_rested":3,"item_purchase_floors":[12,19],"current_hp_per_floor":[49,49,67,69,70,70,70,70,70,63,45,45,67,67,67,52,69,52,52,52,23,23,46,69,69,69,0],"gold":45,"neow_bonus":"REMOVE_TWO","is_prod":false,"is_daily":false,"chose_seed":false,"campfire_upgraded":2,"win_rate":0,"timestamp":1548438923,"path_taken":["M","$","?","M","M","R","$","M","T","?","E","$","R","M","R","BOSS","M","$","?","?","?","R","R","$","T","E"],"build_version":"2019-01-23","purchased_purges":2,"victory":false,"max_hp_per_floor":[75,75,75,75,75,75,75,75,75,75,75,75,75,75,75,75,75,78,78,78,78,78,78,78,78,78,81],"card_choices":[{"not_picked":["Pommel Strike","Feel No Pain"],"picked":"Iron Wave","floor":1},{"not_picked":["Wild Strike","Twin Strike"],"picked":"Clash","floor":4},{"not_picked":["Flex","Clothesline"],"picked":"Warcry","floor":5},{"not_picked":["Spot Weakness","Uppercut","Havoc"],"picked":"SKIP","floor":8},{"not_picked":["Anger","Uppercut"],"picked":"Feed","floor":11},{"not_picked":["Havoc","Shrug It Off"],"picked":"Flex","floor":14},{"not_picked":["Shrug It Off","Headbutt"],"picked":"Rampage","floor":18},{"not_picked":["Rampage","Inflame","Shrug It Off"],"picked":"SKIP","floor":21}],"player_experience":329959,"relics_obtained":[{"floor":9,"key":"Ornamental Fan"},{"floor":11,"key":"WingedGreaves"},{"floor":26,"key":"Ice Cream"}],"event_choices":[{"damage_healed":18,"gold_gain":0,"player_choice":"Healed","damage_taken":0,"max_hp_gain":0,"max_hp_loss":0,"event_name":"The Cleric","floor":3,"gold_loss":35},{"damage_healed":0,"gold_gain":75,"player_choice":"Touch","damage_taken":7,"max_hp_gain":0,"max_hp_loss":0,"event_name":"FaceTrader","floor":10,"gold_loss":0},{"damage_healed":0,"gold_gain":0,"player_choice":"Copied","damage_taken":0,"max_hp_gain":0,"max_hp_loss":0,"event_name":"Duplicator","floor":20,"gold_loss":0,"cards_obtained":["Iron Wave"]},{"damage_healed":0,"gold_gain":0,"player_choice":"Cursed","damage_taken":0,"max_hp_gain":0,"max_hp_loss":0,"event_name":"Wheel of Change","floor":22,"gold_loss":0,"cards_obtained":["Decay"]}],"is_beta":false,"boss_relics":[{"not_picked":["Ectoplasm","Mark of Pain"],"picked":"Runic Pyramid"}],"items_purged_floors":[2,12],"is_endless":false,"potions_floor_spawned":[5,11,14],"killed_by":"Slavers","ascension_level":14}