{"gold_per_floor":[113,113,113,113,113,113,141,141,141,172,185,185,202,237,237,333,333,353,268,268,281,281,281,298,298,298,298,325,343,373,393,393,498,498,514,528,17,36,46,46,77,77,103,117,117,149,168,168,168,168],"floor_reached":50,"playtime":6287,"items_purged":["Defend_G"],"score":841,"play_id":"d0036123-f2ce-48ba-b1e7-7415a3a6aed3","local_time":"20181228223840","is_ascension_mode":true,"campfire_choices":[{"data":"Neutralize","floor":6.0,"key":"SMITH"},{"data":"Malaise","floor":8.0,"key":"SMITH"},{"data":"Well Laid Plans","floor":12.0,"key":"SMITH"},{"floor":15,"key":"REST"},{"data":"Tools of the Trade","floor":23,"key":"SMITH"},{"data":"Dagger Throw","floor":25,"key":"SMITH"},{"data":"Defend_G","floor":32,"key":"SMITH"},{"data":"Envenom","floor":40,"key":"SMITH"},{"data":"PiercingWail","floor":42,"key":"SMITH"},{"data":"Escape Plan","floor":45,"key":"SMITH"},{"data":"Escape Plan","floor":49,"key":"SMITH"}],"neow_cost":"NONE","seed_source_timestamp":264071866008423,"circlet_count":0,"master_deck":["Defend_G+1","Defend_G","Defend_G+1","Defend_G+1","Survivor+1","Neutralize+1","Dagger Throw+1","Malaise+1","Well Laid Plans+1","Flying Knee+1","Backstab+1","Tools of the Trade+1","Flying Knee+1","Bite+1","Bite+1","Bite+1","Bite+1","Bite+1","Flying Knee+1","Finisher+1","Expertise+1","Dagger Spray+1","Riddle With Holes+1","Slice+1","Envenom+1","PiercingWail+1","Cloak And Dagger+1","Dramatic Entrance+1","Escape Plan+1","Dagger Spray+1","Quick Slash+1","Escape Plan+1","Outmaneuver+1","Predator+1","Backstab+1","Grand Finale+1"],"special_seed":0,"relics":["Ring of the Snake","NeowsBlessing","Shuriken","Orichalcum","Lantern","Smiling Mask","Regal Pillow","Molten Egg 2","War Paint","Sozu","Pantograph","Enchiridion","Sundial","Dodecahedron","Ancient Tea Set","Eternal Feather","Kunai","Bottled Flame","Art of War","Ornamental Fan"],"potions_floor_usage":[16],"damage_taken":[{"damage":0.0,"enemies":"Cultist","floor":1.0,"turns":1.0},{"damage":0.0,"enemies":"3 Sentries","floor":7.0,"turns":1.0},{"damage":0.0,"enemies":"Gremlin Nob","floor":10.0,"turns":1.0},{"damage":0.0,"enemies":"2 Louse","floor":11.0,"turns":3.0},{"damage":0.0,"enemies":"Jaw Worm","floor":13.0,"turns":3.0},{"damage":10,"enemies":"3 Sentries","floor":14,"turns":7},{"damage":16,"enemies":"Slime Boss","floor":16,"turns":11},{"damage":1,"enemies":"3 Byrds","floor":18,"turns":5},{"damage":0,"enemies":"Chosen","floor":21,"turns":4},{"damage":5,"enemies":"Centurion and Healer","floor":24,"turns":4},{"damage":0,"enemies":"Book of Stabbing","floor":28,"turns":5},{"damage":1,"enemies":"Chosen and Byrds","floor":29,"turns":2},{"damage":6,"enemies":"Gremlin Leader","floor":30,"turns":5},{"damage":18,"enemies":"Snake Plant","floor":31,"turns":4},{"damage":18,"enemies":"Champ","floor":33,"turns":8},{"damage":0,"enemies":"3 Darklings","floor":35,"turns":3},{"damage":6,"enemies":"Orb Walker","floor":36,"turns":3},{"damage":42,"enemies":"Writhing Mass","floor":38,"turns":5},{"damage":10,"enemies":"Sphere and 2 Shapes","floor":39,"turns":3},{"damage":5,"enemies":"Giant Head","floor":41,"turns":6},{"damage":4,"enemies":"4 Shapes","floor":44,"turns":2},{"damage":7,"enemies":"Nemesis","floor":46,"turns":5},{"damage":30,"enemies":"Spire Growth","floor":47,"turns":4},{"damage":49,"enemies":"Awakened One","floor":50,"turns":3}],"seed_played":"8558384910776422103","potions_obtained":[{"floor":10.0,"key":"Fire Potion"},{"floor":11.0,"key":"PowerPotion"},{"floor":13.0,"key":"FearPotion"}],"is_trial":false,"path_per_floor":["M","T","?","?","T","R","E","R","T","E","M","R","M","E","R","B",null,"M","?","?","M","?","R","M","R","T","?","E","M","E","M","R","B",null,"M","M","$","M","M","R","E","R","T","M","R","E","M","?","R","B"],"character_chosen":"THE_SILENT","items_purchased":["Kunai","Dramatic Entrance+1","Escape Plan","Dagger Spray+1"],"campfire_rested":1,"item_purchase_floors":[37,37,37,37],"current_hp_per_floor":[70,70,52,45,45,45,45,45,45,45,45,45,45,35,70,54,66,65,65,49,49,33,33,43,43,43,43,49,49,49,34,34,49,49,49,46,46,28,27,45,49,49,49,48,49,49,28,28,49,0],"gold":168,"neow_bonus":"THREE_ENEMY_KILL","is_prod":false,"is_daily":false,"chose_seed":false,"campfire_upgraded":10,"win_rate":0,"timestamp":1546004320,"path_taken":["M","?","?","?","?","R","E","R","T","E","M","R","?","E","R","BOSS","M","?","?","M","?","R","M","R","T","?","E","?","E","M","R","BOSS","M","?","$","M","M","R","E","R","T","M","R","E","M","?","R","BOSS"],"build_version":"2018-12-20","purchased_purges":1,"victory":false,"max_hp_per_floor":[70,70,70,70,70,70,70,70,70,70,70,70,70,70,70,70,70,70,70,49,49,49,49,49,49,49,49,49,49,49,49,49,49,49,49,49,49,49,49,49,49,49,49,49,49,49,49,49,49,49],"card_choices":[{"not_picked":["Blade Dance","Outmaneuver"],"picked":"Dagger Throw","floor":1.0},{"not_picked":["Outmaneuver","Flying Knee"],"picked":"Malaise","floor":7.0},{"not_picked":["Sucker Punch","Deadly Poison","Dodge and Roll"],"picked":"SKIP","floor":10.0},{"not_picked":["Calculated Gamble","All Out Attack+1"],"picked":"Well Laid Plans","floor":11.0},{"not_picked":["Setup","Bane+1"],"picked":"Flying Knee+1","floor":13.0},{"not_picked":["Accuracy","Caltrops"],"picked":"Backstab+1","floor":14},{"not_picked":["Doppelganger","Corpse Explosion"],"picked":"Tools of the Trade","floor":16},{"not_picked":["Prepared","Quick Slash+1"],"picked":"Flying Knee+1","floor":18},{"not_picked":["Caltrops","Acrobatics"],"picked":"Flying Knee+1","floor":21},{"not_picked":["Acrobatics+1","Die Die Die+1"],"picked":"Finisher+1","floor":24},{"not_picked":["Outmaneuver+1","Setup+1"],"picked":"Expertise+1","floor":28},{"not_picked":["Setup","Prepared"],"picked":"Dagger Spray+1","floor":29},{"not_picked":["Dash+1","Well Laid Plans+1"],"picked":"Riddle With Holes+1","floor":30},{"not_picked":["Poisoned Stab+1","Outmaneuver"],"picked":"Slice+1","floor":31},{"not_picked":["Malaise","Corpse Explosion"],"picked":"Envenom","floor":33},{"not_picked":["All Out Attack+1","Backflip+1"],"picked":"PiercingWail","floor":35},{"not_picked":["Backflip+1","Deflect"],"picked":"Cloak And Dagger+1","floor":36},{"not_picked":["Deflect+1","Corpse Explosion","Deadly Poison"],"picked":"SKIP","floor":38},{"not_picked":["Poisoned Stab+1","Prepared+1"],"picked":"Quick Slash+1","floor":39},{"not_picked":["Sucker Punch+1","Terror+1"],"picked":"Escape Plan","floor":41},{"not_picked":["Bane+1","Predator+1"],"picked":"Outmaneuver+1","floor":44},{"not_picked":["Flying Knee+1","Endless Agony+1"],"picked":"Predator+1","floor":46},{"not_picked":["Sucker Punch+1","Escape Plan"],"picked":"Backstab+1","floor":47}],"player_experience":232361,"relics_obtained":[{"floor":2.0,"key":"Shuriken"},{"floor":5.0,"key":"Lantern"},{"floor":7.0,"key":"Smiling Mask"},{"floor":9.0,"key":"Regal Pillow"},{"floor":10.0,"key":"Molten Egg 2"},{"floor":14,"key":"War Paint"},{"floor":22,"key":"Enchiridion"},{"floor":26,"key":"Sundial"},{"floor":28,"key":"Dodecahedron"},{"floor":30,"key":"Ancient Tea Set"},{"floor":41,"key":"Bottled Flame"},{"floor":43,"key":"Art of War"},{"floor":46,"key":"Ornamental Fan"}],"event_choices":[{"damage_healed":0.0,"max_hp_gain":0.0,"max_hp_loss":0.0,"gold_gain":0.0,"event_name":"Scrap Ooze","player_choice":"Success","floor":3.0,"gold_loss":0.0,"damage_taken":18.0,"relics_obtained":["Orichalcum"]},{"cards_removed":["Strike_G"],"damage_healed":0.0,"max_hp_gain":0.0,"max_hp_loss":0.0,"gold_gain":0.0,"event_name":"Golden Wing","player_choice":"Card Removal","floor":4.0,"gold_loss":0.0,"damage_taken":7.0},{"damage_healed":0,"gold_gain":0,"player_choice":"Obtained Relic","damage_taken":0,"relics_obtained":["Pantograph"],"max_hp_gain":0,"max_hp_loss":0,"event_name":"Addict","floor":19,"gold_loss":85},{"damage_healed":0,"gold_gain":0,"player_choice":"Became a vampire","damage_taken":0,"max_hp_gain":0,"max_hp_loss":21,"event_name":"Vampires","floor":20,"gold_loss":0,"cards_obtained":["Bite","Bite","Bite","Bite","Bite"]},{"damage_healed":0,"gold_gain":0,"player_choice":"Obtained Book","damage_taken":16,"max_hp_gain":0,"max_hp_loss":0,"event_name":"Cursed Tome","floor":22,"gold_loss":0},{"damage_healed":0,"gold_gain":0,"player_choice":"Forge","damage_taken":0,"max_hp_gain":0,"max_hp_loss":0,"event_name":"Accursed Blacksmith","floor":27,"gold_loss":0,"cards_upgraded":["Survivor"]},{"damage_healed":0,"gold_gain":0,"player_choice":"1 cards matched","damage_taken":0,"max_hp_gain":0,"max_hp_loss":0,"event_name":"Match and Keep!","floor":48,"gold_loss":0,"cards_obtained":["Grand Finale"]}],"is_beta":false,"boss_relics":[{"not_picked":["Fusion Hammer","Ring of the Serpent"],"picked":"Sozu"},{"not_picked":["Busted Crown","Runic Dome"],"picked":"Eternal Feather"}],"items_purged_floors":[37],"is_endless":false,"potions_floor_spawned":[10,11,13,21,24,30,33,36,39,41,46],"killed_by":"Awakened One","ascension_level":5}