{"gold_per_floor":[111,130,130,140,140,140,140,140,164,164,197,220,220,238,238,337,337,349,361,19,38,38,38,0,16,62,62,87,104,35,35,35,138,138,150,150,167,41,41],"floor_reached":39,"playtime":2616,"items_purged":[],"score":465,"play_id":"251397e1-62a9-491f-94fb-61b4e0c4dce8","local_time":"20190216001926","is_ascension_mode":true,"campfire_choices":[{"data":"Noxious Fumes","floor":6,"key":"SMITH"},{"data":"Neutralize","floor":8,"key":"SMITH"},{"floor":10,"key":"REST"},{"floor":13,"key":"REST"},{"data":"Dodge and Roll","floor":15,"key":"SMITH"},{"floor":23,"key":"REST"},{"data":"Footwork","floor":27,"key":"SMITH"},{"data":"Noxious Fumes","floor":32,"key":"SMITH"}],"neow_cost":"NONE","seed_source_timestamp":67932035954199,"circlet_count":0,"master_deck":["Defend_G","Defend_G","Defend_G","Defend_G","Defend_G","Survivor","Neutralize+1","Blade Dance","Acrobatics+1","Noxious Fumes+1","Corpse Explosion","Bane","Dodge and Roll+1","Envenom","Blade Dance","Footwork+1","Burst","Escape Plan","Backflip","Noxious Fumes+1","Bite","Bite","Bite","Bite","Bite","Adrenaline","Concentrate+1","Accuracy","Bane+1","Dagger Throw","Underhanded Strike","Setup+1","Footwork+1","Backflip+1","Infinite Blades","Backflip"],"relics":["Ring of the Snake","NeowsBlessing","PreservedInsect","Blue Candle","Odd Mushroom","Busted Crown","Toy Ornithopter","Bronze Scales","Lantern","Orrery"],"potions_floor_usage":[12,12,21,21,33],"damage_taken":[{"damage":0,"enemies":"Jaw Worm","floor":1,"turns":1},{"damage":0,"enemies":"Small Slimes","floor":2,"turns":1},{"damage":0,"enemies":"2 Louse","floor":4,"turns":1},{"damage":14,"enemies":"3 Sentries","floor":11,"turns":6},{"damage":11,"enemies":"The Mushroom Lair","floor":12,"turns":4},{"damage":0,"enemies":"Blue Slaver","floor":14,"turns":5},{"damage":57,"enemies":"Slime Boss","floor":16,"turns":11},{"damage":5,"enemies":"Chosen","floor":18,"turns":6},{"damage":14,"enemies":"Shell Parasite","floor":19,"turns":6},{"damage":18,"enemies":"Chosen and Byrds","floor":21,"turns":7},{"damage":7,"enemies":"Snake Plant","floor":25,"turns":6},{"damage":0,"enemies":"Shelled Parasite and Fungi","floor":29,"turns":5},{"damage":21,"enemies":"Automaton","floor":33,"turns":10},{"damage":4,"enemies":"Orb Walker","floor":35,"turns":4},{"damage":29,"enemies":"3 Darklings","floor":37,"turns":3},{"damage":31,"enemies":"Spire Growth","floor":39,"turns":3}],"seed_played":"-1039762455002204825","potions_obtained":[{"floor":1,"key":"FearPotion"},{"floor":4,"key":"Ancient Potion"},{"floor":11,"key":"Energy Potion"},{"floor":16,"key":"FearPotion"},{"floor":18,"key":"GhostInAJar"},{"floor":29,"key":"EssenceOfSteel"}],"is_trial":false,"path_per_floor":["M","M","?","M","?","R","?","R","T","R","E","?","R","M","R","B",null,"M","M","$","M","$","R","?","M","T","R","T","M","$","?","R","B",null,"M","?","M","$","M"],"character_chosen":"THE_SILENT","items_purchased":["Toy Ornithopter","Footwork","Burst","Noxious Fumes","Infinite Blades","Backflip"],"campfire_rested":3,"item_purchase_floors":[20,20,20,30,38,38],"current_hp_per_floor":[70,70,75,75,75,75,60,60,60,75,61,50,72,72,72,15,75,70,56,56,48,48,70,70,63,63,63,63,63,63,52,52,41,52,50,50,25,25,0],"gold":41,"neow_bonus":"THREE_ENEMY_KILL","is_prod":false,"is_daily":false,"chose_seed":false,"campfire_upgraded":5,"win_rate":0,"timestamp":1550294366,"path_taken":["M","M","?","M","?","R","?","R","T","R","E","?","R","M","R","BOSS","M","M","$","M","$","R","?","M","T","R","?","M","$","?","R","BOSS","M","?","M","$","M"],"build_version":"2019-01-23","purchased_purges":0,"victory":false,"max_hp_per_floor":[70,70,75,75,75,75,75,75,75,75,75,75,75,75,75,75,75,75,75,75,75,75,75,75,75,75,75,75,75,75,52,52,52,52,52,52,52,52,52],"card_choices":[{"not_picked":["All Out Attack","Heel Hook"],"picked":"Blade Dance","floor":1},{"not_picked":["Dodge and Roll","Deflect"],"picked":"Acrobatics","floor":2},{"not_picked":["Riddle With Holes","Escape Plan"],"picked":"Noxious Fumes","floor":4},{"not_picked":["Heel Hook","Predator"],"picked":"Corpse Explosion","floor":11},{"not_picked":["Dagger Spray","Underhanded Strike"],"picked":"Bane","floor":12},{"not_picked":["Bullet Time","Endless Agony"],"picked":"Dodge and Roll","floor":14},{"not_picked":["Wraith Form v2","Glass Knife"],"picked":"Envenom","floor":16},{"not_picked":["Underhanded Strike"],"picked":"SKIP","floor":18},{"not_picked":[],"picked":"Blade Dance","floor":19},{"not_picked":[],"picked":"Escape Plan","floor":21},{"not_picked":["Riddle With Holes"],"picked":"SKIP","floor":25},{"not_picked":[],"picked":"Backflip","floor":29},{"not_picked":[],"picked":"Adrenaline","floor":33},{"not_picked":[],"picked":"Concentrate+1","floor":34},{"not_picked":[],"picked":"Accuracy","floor":34},{"not_picked":[],"picked":"Bane+1","floor":34},{"not_picked":[],"picked":"Dagger Throw","floor":34},{"not_picked":[],"picked":"Underhanded Strike","floor":34},{"not_picked":[],"picked":"Setup+1","floor":35},{"not_picked":[],"picked":"Backflip+1","floor":37}],"player_experience":166569,"relics_obtained":[{"floor":9,"key":"PreservedInsect"},{"floor":11,"key":"Blue Candle"},{"floor":12,"key":"Odd Mushroom"},{"floor":26,"key":"Bronze Scales"},{"floor":28,"key":"Lantern"}],"event_choices":[{"damage_healed":0,"gold_gain":0,"player_choice":"Donut","damage_taken":0,"max_hp_gain":5,"max_hp_loss":0,"event_name":"Big Fish","floor":3,"gold_loss":0},{"damage_healed":0,"gold_gain":0,"player_choice":"Ignored","damage_taken":0,"max_hp_gain":0,"max_hp_loss":0,"event_name":"Liars Game","floor":5,"gold_loss":0},{"damage_healed":0,"gold_gain":0,"player_choice":"Entered Light","damage_taken":15,"max_hp_gain":0,"max_hp_loss":0,"event_name":"Shining Light","floor":7,"gold_loss":0,"cards_upgraded":["Strike_G","Acrobatics"]},{"damage_healed":0,"gold_gain":0,"player_choice":"Fought Mushrooms","damage_taken":0,"max_hp_gain":0,"max_hp_loss":0,"event_name":"Mushrooms","floor":12,"gold_loss":0},{"damage_healed":0,"gold_gain":0,"player_choice":"Paid Fearfully","damage_taken":0,"max_hp_gain":0,"max_hp_loss":0,"event_name":"Masked Bandits","floor":24,"gold_loss":38},{"damage_healed":0,"gold_gain":0,"player_choice":"Became a vampire","damage_taken":0,"max_hp_gain":0,"max_hp_loss":23,"event_name":"Vampires","floor":31,"gold_loss":0,"cards_obtained":["Bite","Bite","Bite","Bite","Bite"]},{"damage_healed":0,"gold_gain":0,"player_choice":"Copied","damage_taken":0,"max_hp_gain":0,"max_hp_loss":0,"event_name":"Duplicator","floor":36,"gold_loss":0,"cards_obtained":["Footwork"]}],"is_beta":false,"boss_relics":[{"not_picked":["Calling Bell","Black Star"],"picked":"Busted Crown"},{"not_picked":["Eternal Feather","Ring of the Serpent"],"picked":"Orrery"}],"items_purged_floors":[],"is_endless":false,"potions_floor_spawned":[1,4,11,16,18,29],"killed_by":"Spire Growth","ascension_level":2}