{"gold_per_floor":[116,127,145,159,178,178,204,204,258,270,36,36,69,84,84,155,155,175,191,191,52,80,112,124,136,198,239,301,346,358,387,399,411],"floor_reached":33,"playtime":1481,"items_purged":[],"score":730,"play_id":"7ee43281-f617-41b5-ac86-cb935ed85c0c","local_time":"20181214153636","is_ascension_mode":true,"campfire_choices":[{"data":"Backstab","floor":6.0,"key":"SMITH"},{"floor":12.0,"key":"REST"},{"data":"Dagger Spray","floor":15.0,"key":"SMITH"},{"data":"Adrenaline","floor":25.0,"key":"SMITH"},{"data":"Malaise","floor":30.0,"key":"SMITH"},{"data":"Cloak And Dagger","floor":32.0,"key":"SMITH"}],"neow_cost":"NONE","seed_source_timestamp":452017262972358,"circlet_count":0,"master_deck":["AscendersBane","Defend_G","Defend_G","Defend_G","Defend_G","Defend_G","Strike_G","Strike_G","Survivor","Neutralize+1","Backstab+1","Infinite Blades","Endless Agony","Caltrops","Adrenaline+1","Masterful Stab","Dagger Spray+1","Caltrops","Blur","Malaise+1","Poisoned Stab+1","Die Die Die+1","Poisoned Stab+1","Blur+1","Cloak And Dagger","Caltrops","Dodge and Roll","Escape Plan","Cloak And Dagger+1"],"special_seed":0,"relics":["Ring of the Snake","Bag of Marbles","Du-Vu Doll","Dream Catcher","Oddly Smooth Stone","Ornamental Fan","Astrolabe","Bottled Lightning","Red Mask","MawBank","Bronze Scales","Shuriken","PreservedInsect"],"potions_floor_usage":[33],"damage_taken":[{"damage":4.0,"enemies":"Small Slimes","floor":1.0,"turns":3.0},{"damage":1.0,"enemies":"Cultist","floor":2.0,"turns":3.0},{"damage":0.0,"enemies":"2 Louse","floor":3.0,"turns":3.0},{"damage":0.0,"enemies":"Lots of Slimes","floor":4.0,"turns":3.0},{"damage":0.0,"enemies":"Exordium Wildlife","floor":5.0,"turns":2.0},{"damage":30.0,"enemies":"Lagavulin","floor":7.0,"turns":5.0},{"damage":0.0,"enemies":"Large Slime","floor":10.0,"turns":5.0},{"damage":2.0,"enemies":"3 Sentries","floor":13.0,"turns":6.0},{"damage":0.0,"enemies":"2 Fungi Beasts","floor":14.0,"turns":1.0},{"damage":6.0,"enemies":"The Guardian","floor":16.0,"turns":14.0},{"damage":6.0,"enemies":"Spheric Guardian","floor":18.0,"turns":3.0},{"damage":11.0,"enemies":"Shell Parasite","floor":19.0,"turns":3.0},{"damage":0.0,"enemies":"Masked Bandits","floor":22.0,"turns":3.0},{"damage":0.0,"enemies":"Gremlin Leader","floor":23.0,"turns":6.0},{"damage":5.0,"enemies":"Book of Stabbing","floor":27.0,"turns":3.0},{"damage":0.0,"enemies":"Slavers","floor":29.0,"turns":3.0},{"damage":0.0,"enemies":"Snake Plant","floor":31.0,"turns":2.0},{"damage":37,"enemies":"Collector","floor":33,"turns":8}],"seed_played":"-1003367800463912530","potions_obtained":[{"floor":2.0,"key":"Dexterity Potion"},{"floor":3.0,"key":"LiquidBronze"},{"floor":4.0,"key":"AttackPotion"},{"floor":10.0,"key":"Poison Potion"},{"floor":14.0,"key":"Explosive Potion"},{"floor":22.0,"key":"SteroidPotion"},{"floor":27.0,"key":"FearPotion"},{"floor":29.0,"key":"Swift Potion"}],"is_trial":false,"path_per_floor":["M","M","M","M","M","R","E","?","T","M","$","R","E","M","R","B",null,"M","M","T","$","?","E","$","R","T","E","?","E","R","M","R","B"],"character_chosen":"THE_SILENT","items_purchased":["Oddly Smooth Stone","Caltrops","Cloak And Dagger","Caltrops"],"campfire_rested":1,"item_purchase_floors":[11,11,21,21],"current_hp_per_floor":[55,54,54,54,54,54,24,24,24,24,24,43,41,41,41,35,58,52,41,41,41,41,41,41,41,41,36,36,36,36,36,36,0],"gold":411,"neow_bonus":"RANDOM_COMMON_RELIC","is_prod":false,"is_daily":false,"chose_seed":false,"campfire_upgraded":5,"win_rate":0,"timestamp":1544819796,"path_taken":["M","M","M","M","M","R","E","?","T","M","$","R","E","M","R","BOSS","M","M","?","$","?","E","$","R","T","E","?","E","R","M","R","BOSS"],"build_version":"2018-12-13","purchased_purges":0,"victory":false,"max_hp_per_floor":[66,66,66,66,66,66,66,66,66,66,66,66,66,66,66,66,66,66,66,66,66,66,66,66,66,66,66,66,66,66,66,66,66],"card_choices":[{"not_picked":["Outmaneuver","Deflect"],"picked":"Backstab","floor":1.0},{"not_picked":["Cloak And Dagger","Backflip"],"picked":"Infinite Blades","floor":2.0},{"not_picked":["Acrobatics","Dodge and Roll"],"picked":"Endless Agony","floor":3.0},{"not_picked":["Distraction","PiercingWail"],"picked":"Caltrops","floor":4.0},{"not_picked":["Riddle With Holes","Bane"],"picked":"Adrenaline","floor":5.0},{"not_picked":["Sucker Punch","Expertise"],"picked":"Masterful Stab","floor":7.0},{"not_picked":["Poisoned Stab","Deflect"],"picked":"Dagger Spray","floor":10.0},{"not_picked":["Prepared","Endless Agony"],"picked":"Blur","floor":13.0},{"not_picked":["Bane","Concentrate","Prepared"],"picked":"SKIP","floor":14.0},{"not_picked":["Storm of Steel","Corpse Explosion"],"picked":"Malaise","floor":16.0},{"not_picked":["Setup","Dagger Throw","Choke"],"picked":"SKIP","floor":18.0},{"not_picked":["Cloak And Dagger","Escape Plan"],"picked":"Blur+1","floor":19.0},{"not_picked":["Catalyst","Flying Knee","Deflect"],"picked":"SKIP","floor":23.0},{"not_picked":["Prepared","Calculated Gamble"],"picked":"Dodge and Roll","floor":27.0},{"not_picked":["Phantasmal Killer","Choke"],"picked":"Escape Plan","floor":29.0},{"not_picked":["Dagger Spray","Underhanded Strike"],"picked":"Cloak And Dagger","floor":31.0}],"player_experience":1225920,"relics_obtained":[{"floor":7.0,"key":"Du-Vu Doll"},{"floor":9.0,"key":"Dream Catcher"},{"floor":13.0,"key":"Ornamental Fan"},{"floor":20.0,"key":"Bottled Lightning"},{"floor":22.0,"key":"Red Mask"},{"floor":23.0,"key":"MawBank"},{"floor":26.0,"key":"Bronze Scales"},{"floor":27.0,"key":"Shuriken"},{"floor":29.0,"key":"PreservedInsect"}],"event_choices":[{"damage_healed":0.0,"max_hp_gain":0.0,"max_hp_loss":0.0,"gold_gain":0.0,"event_name":"Upgrade Shrine","player_choice":"Upgraded","floor":8.0,"gold_loss":0.0,"damage_taken":0.0,"cards_upgraded":["Neutralize"]},{"damage_healed":0.0,"max_hp_gain":0.0,"max_hp_loss":0.0,"gold_gain":0.0,"event_name":"Masked Bandits","player_choice":"Fought Bandits","floor":22.0,"gold_loss":0.0,"damage_taken":0.0},{"damage_healed":0.0,"max_hp_gain":0.0,"max_hp_loss":0.0,"gold_gain":50.0,"event_name":"Golden Shrine","player_choice":"Pray","floor":28.0,"gold_loss":0.0,"damage_taken":0.0}],"is_beta":true,"boss_relics":[{"not_picked":["White Beast Statue","Busted Crown"],"picked":"Astrolabe"}],"items_purged_floors":[],"is_endless":false,"potions_floor_spawned":[2,3,4,10,14,16,22,27,29],"killed_by":"Collector","ascension_level":20}