{"gold_per_floor":[110,35,35,1,13,13,48,48,48,67,87,114,114,124,124,219,219,233,247,172,187,207,207,227,227,227,258,258,258,268,283,283,383,383,402,10,10,10,23,23,58,74,100,127,127,143,160,192,192,192],"floor_reached":51,"playtime":5704,"items_purged":["Bash","Strike_R"],"score":888,"play_id":"a5ca7c83-2bc0-47db-9373-4ea128137abe","local_time":"20180728020919","is_ascension_mode":true,"campfire_choices":[{"data":"Flame Barrier","floor":6.0,"key":"SMITH"},{"data":"Anger","floor":8.0,"key":"SMITH"},{"data":"Rampage","floor":13.0,"key":"SMITH"},{"data":"Defend_R","floor":15.0,"key":"SMITH"},{"data":"Whirlwind","floor":23.0,"key":"SMITH"},{"data":"Impervious","floor":25.0,"key":"SMITH"},{"data":"Defend_R","floor":28.0,"key":"SMITH"},{"data":"Seeing Red","floor":32.0,"key":"SMITH"},{"data":"Defend_R","floor":40.0,"key":"SMITH"},{"floor":45,"key":"REST"},{"floor":49,"key":"REST"}],"neow_cost":"","seed_source_timestamp":0,"circlet_count":0,"master_deck":["Strike_R","Strike_R","Strike_R","Defend_R+1","Defend_R+1","Defend_R","Defend_R+1","Flame Barrier+1","Seeing Red+1","Anger+1","Rampage+1","Inflame+1","Inflame+1","Impervious+1","Shrug It Off+1","Whirlwind+1","Limit Break+1","Decay","Burning Pact+1","Whirlwind+1","Disarm+1","Metallicize+1","Offering+1","Disarm+1","Rampage","Metallicize+1","Shrug It Off+1"],"special_seed":0,"relics":["Burning Blood","Orichalcum","Thread and Needle","Singing Bowl","Frozen Egg 2","White Beast Statue","Vajra","Toxic Egg 2","Velvet Choker","Torii","Prayer Wheel","Bronze Scales","Blood Vial","Nunchaku","Anchor"],"potions_floor_usage":[48,50,50],"damage_taken":[{"damage":0.0,"enemies":"Small Slimes","floor":1.0,"turns":3.0},{"damage":0.0,"enemies":"Cultist","floor":5.0,"turns":4.0},{"damage":29.0,"enemies":"3 Sentries","floor":7.0,"turns":11.0},{"damage":0.0,"enemies":"2 Louse","floor":10.0,"turns":2.0},{"damage":0.0,"enemies":"2 Fungi Beasts","floor":11.0,"turns":3.0},{"damage":17.0,"enemies":"Lagavulin","floor":12.0,"turns":8.0},{"damage":0.0,"enemies":"Large Slime","floor":14.0,"turns":4.0},{"damage":18.0,"enemies":"The Guardian","floor":16.0,"turns":7.0},{"damage":1.0,"enemies":"2 Thieves","floor":18.0,"turns":5.0},{"damage":1.0,"enemies":"3 Byrds","floor":19.0,"turns":4.0},{"damage":1.0,"enemies":"Cultist and Chosen","floor":21.0,"turns":6.0},{"damage":12.0,"enemies":"Centurion and Healer","floor":22.0,"turns":6.0},{"damage":17.0,"enemies":"Snake Plant","floor":24.0,"turns":3.0},{"damage":7.0,"enemies":"Gremlin Leader","floor":27.0,"turns":7.0},{"damage":18.0,"enemies":"Snecko","floor":30.0,"turns":7.0},{"damage":1.0,"enemies":"3 Cultists","floor":31.0,"turns":5.0},{"damage":25.0,"enemies":"Collector","floor":33.0,"turns":7.0},{"damage":10.0,"enemies":"3 Shapes","floor":35.0,"turns":3.0},{"damage":30.0,"floor":38.0,"turns":5.0},{"damage":0.0,"enemies":"Flame Bruiser 1 Orb","floor":39.0,"turns":3.0},{"damage":25.0,"enemies":"2 Orb Walkers","floor":41.0,"turns":4.0},{"damage":0.0,"enemies":"Sphere and 2 Shapes","floor":42.0,"turns":3.0},{"damage":29,"enemies":"Nemesis","floor":44,"turns":7},{"damage":5,"enemies":"Maw","floor":46,"turns":6},{"damage":14,"enemies":"Flame Bruiser 2 Orb","floor":47,"turns":4},{"damage":15,"enemies":"Giant Head","floor":48,"turns":9},{"damage":34,"enemies":"Donu and Deca","floor":50,"turns":8}],"seed_played":"-2366741294241681534","potions_obtained":[{"floor":1.0,"key":"AttackPotion"},{"floor":7.0,"key":"Energy Potion"},{"floor":11.0,"key":"Block Potion"},{"floor":16.0,"key":"Fire Potion"},{"floor":18.0,"key":"Fire Potion"},{"floor":19.0,"key":"Energy Potion"},{"floor":21.0,"key":"Ancient Potion"},{"floor":22.0,"key":"Energy Potion"},{"floor":24.0,"key":"Strength Potion"},{"floor":27.0,"key":"Regen Potion"},{"floor":31.0,"key":"Strength Potion"},{"floor":33.0,"key":"Strength Potion"},{"floor":38.0,"key":"AttackPotion"},{"floor":39.0,"key":"Block Potion"},{"floor":41.0,"key":"AttackPotion"},{"floor":42.0,"key":"Explosive Potion"},{"floor":44,"key":"Explosive Potion"},{"floor":46,"key":"Block Potion"},{"floor":48,"key":"EssenceOfSteel"}],"is_trial":false,"path_per_floor":["M","$","?","$","M","R","E","R","T","M","M","E","R","M","R","B",null,"M","M","?","M","M","R","M","R","T","E","R","?","M","M","R","B",null,"M","$","?","?","M","R","E","M","T","E","R","M","M","E","R","B"],"character_chosen":"IRONCLAD","items_purchased":["Seeing Red","Torii"],"campfire_rested":2,"item_purchase_floors":[4,36],"current_hp_per_floor":[80,80,73,73,79,79,56,56,56,62,70,59,59,65,65,53,82,82,84,84,84,80,80,71,71,71,70,70,70,60,67,67,50,94,92,92,92,70,76,76,69,77,77,56,86,89,85,78,102,74],"gold":192,"neow_bonus":"","is_prod":false,"is_daily":false,"chose_seed":false,"campfire_upgraded":9,"win_rate":0,"timestamp":1532711359,"path_taken":["M","$","?","?","M","R","E","R","T","M","?","E","R","M","R","BOSS","M","?","?","M","M","R","M","R","T","E","R","?","M","M","R","BOSS","M","$","?","?","M","R","E","?","T","E","R","M","?","E","R","BOSS"],"build_version":"2018-07-26","purchased_purges":2,"victory":true,"max_hp_per_floor":[80,80,80,80,80,80,80,80,80,80,82,82,82,82,82,82,82,82,84,84,84,86,86,88,88,88,88,88,88,90,92,92,94,94,96,96,96,98,98,98,98,100,100,100,100,100,102,102,102,102],"card_choices":[{"not_picked":["Sentinel","Clothesline"],"picked":"Flame Barrier","floor":1.0},{"not_picked":["Havoc","Warcry","Wild Strike"],"picked":"SKIP","floor":5.0},{"not_picked":["Heavy Blade","Sever Soul"],"picked":"Anger","floor":7.0},{"not_picked":["Perfected Strike","Shrug It Off"],"picked":"Rampage","floor":10.0},{"not_picked":["Dropkick","Iron Wave","Flex"],"picked":"Singing Bowl","floor":11.0},{"not_picked":["Anger","Havoc"],"picked":"Inflame","floor":12.0},{"not_picked":["Flex","Armaments"],"picked":"Inflame+1","floor":14.0},{"not_picked":["Bludgeon","Double Tap"],"picked":"Impervious","floor":16.0},{"not_picked":["Heavy Blade","Feel No Pain+1"],"picked":"Shrug It Off+1","floor":18.0},{"not_picked":["Searing Blow","Anger","Bloodletting"],"picked":"Singing Bowl","floor":19.0},{"not_picked":["Second Wind","Feel No Pain+1"],"picked":"Whirlwind","floor":21.0},{"not_picked":["Clothesline","Heavy Blade","Searing Blow"],"picked":"Singing Bowl","floor":22.0},{"not_picked":["Warcry","Infernal Blade","Bloodletting"],"picked":"Singing Bowl","floor":24.0},{"not_picked":["Ghostly Armor","Perfected Strike+1"],"picked":"Limit Break","floor":27.0},{"not_picked":["Thunderclap","Reckless Charge","Carnage+1"],"picked":"Singing Bowl","floor":30.0},{"not_picked":["Armaments+1","Body Slam","Clothesline+1"],"picked":"Singing Bowl","floor":31.0},{"not_picked":["Bludgeon","Immolate","Exhume+1"],"picked":"Singing Bowl","floor":33.0},{"not_picked":["Wild Strike+1","Flex+1","Carnage+1"],"picked":"Singing Bowl","floor":35.0},{"not_picked":["Cleave","Corruption+1","Demon Form+1"],"picked":"Singing Bowl","floor":38.0},{"not_picked":["Thunderclap+1","True Grit+1"],"picked":"Burning Pact+1","floor":39.0},{"not_picked":["Warcry+1","Thunderclap+1"],"picked":"Whirlwind+1","floor":39.0},{"not_picked":["Armaments+1","Twin Strike"],"picked":"Disarm+1","floor":41.0},{"not_picked":["Body Slam","Pommel Strike"],"picked":"Metallicize+1","floor":42.0},{"not_picked":["Flex+1","Dropkick","Uppercut+1"],"picked":"Singing Bowl","floor":42.0},{"not_picked":["Flex+1","Feed"],"picked":"Offering+1","floor":44},{"not_picked":["Entrench+1","Twin Strike"],"picked":"Disarm+1","floor":46},{"not_picked":["Pommel Strike","Wild Strike+1"],"picked":"Rampage","floor":46},{"not_picked":["Whirlwind+1","Heavy Blade+1","Hemokinesis"],"picked":"Singing Bowl","floor":47},{"not_picked":["Bloodletting+1","Twin Strike+1"],"picked":"Metallicize+1","floor":47},{"not_picked":["Iron Wave","Feed"],"picked":"Shrug It Off+1","floor":48}],"player_experience":188772,"relics_obtained":[{"floor":7.0,"key":"Thread and Needle"},{"floor":9.0,"key":"Singing Bowl"},{"floor":12.0,"key":"Frozen Egg 2"},{"floor":26.0,"key":"Vajra"},{"floor":27.0,"key":"Toxic Egg 2"},{"floor":38.0,"key":"Prayer Wheel"},{"floor":41.0,"key":"Bronze Scales"},{"floor":43.0,"key":"Blood Vial"},{"floor":44,"key":"Nunchaku"},{"floor":48,"key":"Anchor"}],"event_choices":[{"event_name":"Scrap Ooze","player_choice":"success","floor":3.0,"damage_taken":7.0},{"event_name":"Beggar","player_choice":"Gave Gold","floor":20.0,"damage_taken":0.0},{"event_name":"Ghosts","player_choice":"Ignored","floor":29.0,"damage_taken":0.0},{"event_name":"Wheel of Change","player_choice":"Curse","floor":37.0,"damage_taken":0.0},{"event_name":"MindBloom","player_choice":"Fight","floor":38.0,"damage_taken":0.0}],"is_beta":false,"boss_relics":[{"not_picked":["Coffee Dripper","Runic Dome"],"picked":"White Beast Statue"},{"not_picked":["Busted Crown","Calling Bell"],"picked":"Velvet Choker"}],"items_purged_floors":[2,36],"is_endless":false,"potions_floor_spawned":[1,7,11,16,18,19,21,22,24,27,30,31,33,35,38,39,41,42,44,46,47,48],"ascension_level":4}