{"gold_per_floor":[111,111,126,31,306,336,336,355,355,355,389,401,401,401,401,496,496,506,82,82,82],"floor_reached":21,"playtime":578,"items_purged":[],"score":305,"play_id":"2b1cd2bf-51d8-4c77-b034-ab5c93ca7572","local_time":"20181004145638","is_ascension_mode":true,"campfire_choices":[{"data":"Fusion","floor":7.0,"key":"SMITH"},{"data":"Chaos","floor":10.0,"key":"SMITH"},{"data":"Zap","floor":13.0,"key":"SMITH"},{"data":"Dualcast","floor":15.0,"key":"SMITH"}],"neow_cost":"NONE","seed_source_timestamp":221031043742300,"circlet_count":0,"master_deck":["Strike_B","Strike_B","Strike_B","Defend_B","Defend_B","Defend_B","Defend_B","Zap+1","Dualcast+1","Chaos+1","Ball Lightning","Flash of Steel","Fusion+1","Ball Lightning","Barrage","Self Repair","Creative AI","Genetic Algorithm+1","Multi-Cast","Aggregate"],"special_seed":0,"relics":["Cracked Core","NeowsBlessing","The Courier","Mercury Hourglass","Vajra","Emotion Chip","Empty Cage","Chemical X","PreservedInsect"],"potions_floor_usage":[],"damage_taken":[{"damage":0.0,"enemies":"Jaw Worm","floor":1.0,"turns":1.0},{"damage":0.0,"enemies":"Cultist","floor":3.0,"turns":1.0},{"damage":0.0,"enemies":"Lagavulin","floor":6.0,"turns":1.0},{"damage":5.0,"enemies":"2 Louse","floor":8.0,"turns":2.0},{"damage":10.0,"enemies":"3 Sentries","floor":11.0,"turns":3.0},{"damage":4.0,"enemies":"Looter","floor":12.0,"turns":2.0},{"damage":47.0,"enemies":"Hexaghost","floor":16.0,"turns":8.0},{"damage":33.0,"enemies":"2 Thieves","floor":18.0,"turns":3.0},{"damage":13,"enemies":"Shell Parasite","floor":21,"turns":1}],"seed_played":"6385954136200177901","potions_obtained":[{"floor":1.0,"key":"Swift Potion"},{"floor":8.0,"key":"Explosive Potion"},{"floor":12.0,"key":"Explosive Potion"},{"floor":16.0,"key":"Strength Potion"}],"is_trial":false,"path_per_floor":["M","?","M","$","?","E","R","M","T","R","E","M","R","?","R","B",null,"M","$","?"],"character_chosen":"DEFECT","items_purchased":["Flash of Steel","Chemical X","Multi-Cast","Aggregate","PreservedInsect"],"campfire_rested":0,"item_purchase_floors":[4,19,19,19,19],"current_hp_per_floor":[68,68,68,68,68,68,68,63,63,63,53,49,49,49,49,9,59,26,26,12,0],"gold":82,"neow_bonus":"THREE_ENEMY_KILL","is_prod":false,"is_daily":false,"chose_seed":false,"campfire_upgraded":4,"win_rate":0,"timestamp":1538657798,"path_taken":["M","?","M","$","?","E","R","?","T","R","E","?","R","?","R","BOSS","M","$","?","M"],"build_version":"2018-09-27","purchased_purges":0,"victory":false,"max_hp_per_floor":[75,75,75,75,75,75,75,75,75,75,75,75,75,75,75,75,75,75,75,80,80],"card_choices":[{"not_picked":["Force Field","Stack"],"picked":"Chaos","floor":1.0},{"not_picked":["Gash","Chill"],"picked":"Ball Lightning","floor":3.0},{"not_picked":["Recycle","Tempest"],"picked":"Fusion","floor":6.0},{"not_picked":["Force Field","Streamline"],"picked":"Ball Lightning","floor":8.0},{"not_picked":["Reprogram","Static Discharge"],"picked":"Barrage","floor":11.0},{"not_picked":["Darkness","Redo"],"picked":"Self Repair","floor":12.0},{"not_picked":["All For One","Fission"],"picked":"Creative AI","floor":16.0},{"not_picked":["Sunder","Gash+1"],"picked":"Genetic Algorithm+1","floor":18}],"player_experience":1032311,"relics_obtained":[{"floor":6.0,"key":"The Courier"},{"floor":9.0,"key":"Mercury Hourglass"},{"floor":11.0,"key":"Vajra"}],"event_choices":[{"event_name":"Bonfire Elementals","player_choice":"BASIC","floor":2.0,"damage_taken":0.0},{"event_name":"Golden Shrine","player_choice":"Desecrate","floor":5.0,"damage_taken":0.0},{"event_name":"Big Fish","player_choice":"Box","floor":14.0,"damage_taken":0.0},{"event_name":"Forgotten Altar","player_choice":"Shed Blood","floor":20,"damage_taken":0}],"is_beta":false,"boss_relics":[{"not_picked":["Philosopher\u0027s Stone","Inserter"],"picked":"Empty Cage"}],"items_purged_floors":[],"is_endless":false,"potions_floor_spawned":[1,8,12,16],"killed_by":"Shell Parasite","ascension_level":9}