{"gold_per_floor":[112,112,123,84,97,97,97,125,183,195,181,181,181],"floor_reached":13,"playtime":7011,"items_purged":[],"score":110,"play_id":"abcab3dd-35a6-4632-b08b-c8b8356e225b","local_time":"20181126155640","is_ascension_mode":true,"campfire_choices":[{"data":"Footwork","floor":6,"key":"SMITH"},{"floor":12,"key":"REST"}],"neow_cost":"NONE","seed_source_timestamp":751267324184857,"circlet_count":0,"master_deck":["AscendersBane","Defend_G","Defend_G","Defend_G","Defend_G","Strike_G","Strike_G","Strike_G","Strike_G","Strike_G","Survivor","Neutralize","Backflip","Underhanded Strike","Footwork+1","After Image","Well Laid Plans","Sucker Punch"],"special_seed":0,"relics":["Snecko Eye","MawBank","Happy Flower"],"potions_floor_usage":[13],"damage_taken":[{"damage":0.0,"enemies":"Small Slimes","floor":1.0,"turns":4.0},{"damage":11,"enemies":"Cultist","floor":3,"turns":5},{"damage":0,"enemies":"Jaw Worm","floor":5,"turns":5},{"damage":1,"enemies":"Red Slaver","floor":8,"turns":5},{"damage":2,"enemies":"Lots of Slimes","floor":13,"turns":4}],"seed_played":"-7794566899535201233","potions_obtained":[{"floor":1,"key":"LiquidBronze"},{"floor":5,"key":"GhostInAJar"},{"floor":8,"key":"SneckoOil"}],"is_trial":false,"path_per_floor":["M","M","?","M","$","M","R","?","M","T","?","$","R","M"],"character_chosen":"THE_SILENT","items_purchased":["Footwork","Sucker Punch"],"campfire_rested":1,"item_purchase_floors":[4,11],"current_hp_per_floor":[63,56,45,45,45,45,20,19,19,19,19,40,38],"gold":181,"neow_bonus":"BOSS_RELIC","is_prod":false,"is_daily":false,"chose_seed":false,"campfire_upgraded":1,"win_rate":0,"timestamp":1543244200,"path_taken":["M","?","?","?","?","R","?","M","T","?","$","R","?"],"build_version":"2018-11-15","purchased_purges":0,"victory":false,"max_hp_per_floor":[70,70,70,70,70,70,70,70,70,70,70,70,70],"card_choices":[{"not_picked":["Calculated Gamble","Slice"],"picked":"Backflip","floor":1},{"not_picked":["Flying Knee","Backflip"],"picked":"Underhanded Strike","floor":3},{"not_picked":["Skewer","Acrobatics"],"picked":"After Image","floor":5},{"not_picked":["Dagger Throw","Deflect"],"picked":"Well Laid Plans","floor":8}],"player_experience":1218375,"relics_obtained":[{"floor":9,"key":"Happy Flower"}],"event_choices":[{"damage_healed":0,"gold_gain":0,"player_choice":"Damaged","damage_taken":7,"max_hp_gain":0,"max_hp_loss":0,"event_name":"Wheel of Change","floor":2,"gold_loss":0},{"damage_healed":0,"gold_gain":0,"player_choice":"Success","damage_taken":25,"relics_obtained":["MawBank"],"max_hp_gain":0,"max_hp_loss":0,"event_name":"Scrap Ooze","floor":7,"gold_loss":0},{"cards_removed":["Defend_G"],"damage_healed":0,"gold_gain":0,"player_choice":"Purged","damage_taken":0,"max_hp_gain":0,"max_hp_loss":0,"event_name":"Purifier","floor":10,"gold_loss":0}],"is_beta":false,"boss_relics":[],"items_purged_floors":[],"is_endless":false,"potions_floor_spawned":[1,5,8],"killed_by":"Lots of Slimes","ascension_level":10}