{"gold_per_floor":[119,135,145,220,220,220,245,245,245,260,276,289,337,355,355,453,453,465,465,465,465],"floor_reached":21,"playtime":1297,"items_purged":[],"score":272,"play_id":"e91f1327-a7d3-4189-9e60-59be220f2370","local_time":"20181007162839","is_ascension_mode":true,"campfire_choices":[{"data":"Bash","floor":6,"key":"SMITH"},{"floor":8,"key":"REST"},{"data":"Disarm","floor":15,"key":"SMITH"}],"neow_cost":"","seed_source_timestamp":98952738958207,"circlet_count":0,"master_deck":["Strike_R","Strike_R","Strike_R","Strike_R","Defend_R","Defend_R","Defend_R","Defend_R","Bash+1","AscendersBane","Infernal Blade+1","Headbutt","Shrug It Off","Flame Barrier","Pommel Strike","Disarm+1","Shrug It Off","Thunderclap","Impervious","Shrug It Off","Juggernaut"],"relics":["Black Blood","Self Forming Clay","Matryoshka","Dream Catcher","Potion Belt"],"potions_floor_usage":[7,7,12],"damage_taken":[{"damage":1,"enemies":"Cultist","floor":1,"turns":4},{"damage":7,"enemies":"Small Slimes","floor":2,"turns":3},{"damage":7,"enemies":"Jaw Worm","floor":3,"turns":3},{"damage":24,"enemies":"3 Sentries","floor":7,"turns":10},{"damage":1,"enemies":"Exordium Wildlife","floor":10,"turns":4},{"damage":0,"enemies":"3 Louse","floor":11,"turns":2},{"damage":12,"enemies":"Large Slime","floor":12,"turns":6},{"damage":16,"enemies":"Lots of Slimes","floor":14,"turns":7},{"damage":50,"enemies":"Slime Boss","floor":16,"turns":13},{"damage":21,"enemies":"Shell Parasite","floor":18,"turns":8},{"damage":8,"enemies":"Colosseum Slavers","floor":19,"turns":7},{"damage":10,"enemies":"Spheric Guardian","floor":21,"turns":5}],"seed_played":"-8617819048240069569","potions_obtained":[{"floor":1,"key":"SpeedPotion"},{"floor":3,"key":"LiquidBronze"},{"floor":7,"key":"AttackPotion"}],"is_trial":false,"path_per_floor":["M","M","M","?","?","R","E","R","T","M","M","M","T","M","R","B",null,"M","?","?"],"character_chosen":"IRONCLAD","items_purchased":[],"campfire_rested":1,"item_purchase_floors":[],"current_hp_per_floor":[77,76,75,64,64,64,46,70,70,75,80,74,74,64,64,20,65,54,56,56,46],"gold":465,"neow_bonus":"","is_prod":false,"is_daily":false,"chose_seed":false,"campfire_upgraded":2,"win_rate":0,"timestamp":1538922519,"path_taken":["M","?","M","?","?","R","E","R","T","M","?","?","?","?","R","BOSS","M","?","?","M"],"build_version":"2018-10-04v2","purchased_purges":0,"victory":false,"max_hp_per_floor":[80,80,80,80,80,80,80,80,80,80,80,80,80,80,80,80,80,80,80,80,80],"card_choices":[{"not_picked":["Corruption","Blood for Blood"],"picked":"Infernal Blade","floor":1},{"not_picked":["Body Slam","Anger"],"picked":"Headbutt","floor":2},{"not_picked":["Flex","Seeing Red"],"picked":"Shrug It Off","floor":3},{"not_picked":["Armaments","Carnage"],"picked":"Flame Barrier","floor":7},{"not_picked":["Headbutt","Body Slam"],"picked":"Pommel Strike","floor":10},{"not_picked":["Clash","Headbutt"],"picked":"Disarm","floor":11},{"not_picked":["Hemokinesis","Clash"],"picked":"Shrug It Off","floor":12},{"not_picked":["Rampage","Anger"],"picked":"Thunderclap","floor":14},{"not_picked":["Berserk","Exhume"],"picked":"Impervious","floor":16},{"not_picked":["Sentinel","Clothesline"],"picked":"Shrug It Off","floor":18}],"player_experience":1063776,"relics_obtained":[{"floor":7,"key":"Self Forming Clay"},{"floor":9,"key":"Matryoshka"},{"floor":13,"key":"Dream Catcher"},{"floor":13,"key":"Potion Belt"}],"event_choices":[{"event_name":"World of Goop","player_choice":"Gather Gold","floor":4,"damage_taken":0},{"event_name":"Living Wall","player_choice":"Grow","floor":5,"damage_taken":0},{"event_name":"Colosseum","player_choice":"Fight","floor":19,"damage_taken":0},{"event_name":"Colosseum","player_choice":"Fled From Nobs","floor":19,"damage_taken":0},{"event_name":"Transmorgrifier","player_choice":"Transform","floor":20,"damage_taken":0}],"is_beta":false,"boss_relics":[{"not_picked":["Philosopher\u0027s Stone","Cursed Key"],"picked":"Black Blood"}],"items_purged_floors":[],"is_endless":false,"potions_floor_spawned":[1,3,7],"killed_by":"Spheric Guardian","ascension_level":10}