{"gold_per_floor":[114,114,114,129,148,178,197,197,243,243],"floor_reached":10,"playtime":222,"items_purged":[],"score":116,"play_id":"8fe4195c-a46e-4e9c-ba6f-ec8362f69165","local_time":"20190214221258","is_ascension_mode":true,"campfire_choices":[{"data":"Body Slam","floor":8,"key":"SMITH"}],"neow_cost":"NONE","seed_source_timestamp":0,"circlet_count":0,"master_deck":["AscendersBane","Strike_R","Strike_R","Strike_R","Strike_R+1","Strike_R","Defend_R","Defend_R+1","Defend_R","Defend_R","Bash","Disarm+1","Body Slam+1","Carnage","Burning Pact"],"special_seed":0,"relics":["Burning Blood","NeowsBlessing","Singing Bowl","Juzu Bracelet"],"potions_floor_usage":[6],"damage_taken":[{"damage":0.0,"enemies":"Small Slimes","floor":1.0,"turns":1.0},{"damage":0.0,"enemies":"Jaw Worm","floor":4.0,"turns":1.0},{"damage":0.0,"enemies":"Cultist","floor":5.0,"turns":1.0},{"damage":40,"enemies":"Gremlin Nob","floor":6,"turns":5},{"damage":8,"enemies":"Exordium Wildlife","floor":7,"turns":3},{"damage":12,"enemies":"Lagavulin","floor":10,"turns":4}],"seed_played":"787631382263521089","potions_obtained":[{"floor":5,"key":"BloodPotion"},{"floor":6,"key":"SteroidPotion"}],"is_trial":false,"path_per_floor":["M","?","?","M","M","E","M","R","T","E"],"character_chosen":"IRONCLAD","items_purchased":[],"campfire_rested":0,"item_purchase_floors":[],"current_hp_per_floor":[74,74,59,65,71,41,39,39,39,27],"gold":243,"neow_bonus":"THREE_ENEMY_KILL","is_prod":false,"is_daily":false,"chose_seed":false,"campfire_upgraded":1,"win_rate":0,"timestamp":1550178778,"path_taken":["M","?","?","M","M","E","M","R","T","E"],"build_version":"2019-01-23","purchased_purges":0,"victory":false,"max_hp_per_floor":[75,75,75,75,75,75,75,75,75,75],"card_choices":[{"not_picked":["Heavy Blade","Searing Blow"],"picked":"Disarm","floor":1.0},{"not_picked":["Rupture","Perfected Strike","Thunderclap"],"picked":"SKIP","floor":4.0},{"not_picked":["Hemokinesis","Perfected Strike"],"picked":"Body Slam","floor":5},{"not_picked":["Fiend Fire","Thunderclap"],"picked":"Carnage","floor":6},{"not_picked":["Reckless Charge","Heavy Blade"],"picked":"Burning Pact","floor":7}],"player_experience":2284867,"relics_obtained":[{"floor":6,"key":"Singing Bowl"},{"floor":9,"key":"Juzu Bracelet"}],"event_choices":[{"damage_healed":0.0,"max_hp_gain":0.0,"max_hp_loss":0.0,"gold_gain":0.0,"event_name":"Living Wall","player_choice":"Grow","floor":2.0,"gold_loss":0.0,"damage_taken":0.0,"cards_upgraded":["Disarm"]},{"damage_healed":0.0,"max_hp_gain":0.0,"max_hp_loss":0.0,"gold_gain":0.0,"event_name":"Shining Light","player_choice":"Entered Light","floor":3.0,"gold_loss":0.0,"damage_taken":15.0,"cards_upgraded":["Strike_R","Defend_R"]}],"is_beta":false,"boss_relics":[],"items_purged_floors":[],"is_endless":false,"potions_floor_spawned":[5,6],"killed_by":"Lagavulin","ascension_level":14}