{"gold_per_floor":[111,131,142,217,317,317,331,365,365,365,365,365,397,15,15,93,93,111,1,18,18,37,37,54,54,54,82,96,96,115,28,28,104,104,117,87,87,87,105,105,105],"floor_reached":41,"playtime":1776,"items_purged":[],"score":863,"play_id":"68f97b18-c84b-4cb9-867c-bffd2655ab5a","local_time":"20181021201145","is_ascension_mode":true,"campfire_choices":[{"data":"Neutralize","floor":6.0,"key":"SMITH"},{"floor":10.0,"key":"REST"},{"data":"Blade Dance","floor":15.0,"key":"SMITH"},{"floor":23.0,"key":"REST"},{"floor":25,"key":"REST"},{"floor":29,"key":"REST"},{"data":"Cloak And Dagger","floor":32,"key":"SMITH"},{"data":"Blade Dance","floor":40,"key":"SMITH"}],"neow_cost":"PERCENT_DAMAGE","seed_source_timestamp":354494105678409,"circlet_count":0,"master_deck":["Defend_G+1","Defend_G","Defend_G+1","Defend_G","Defend_G","Survivor","Neutralize+1","AscendersBane","Dagger Throw","Blade Dance+1","Dagger Spray","Slice","Deflect","Dash","Footwork+1","Dagger Spray","A Thousand Cuts+1","Cloak And Dagger+1","Blade Dance+1","Caltrops+1","Backstab","Footwork+1","Acrobatics+1","Cloak And Dagger+1","Leg Sweep+1","Deflect","Accuracy+1","Tools of the Trade+1","Reflex+1","Phantasmal Killer+1","Eviscerate+1","Concentrate","Dramatic Entrance","Mayhem+1","Caltrops+1"],"special_seed":0,"relics":["Ring of the Snake","Du-Vu Doll","Sundial","Shuriken","Frozen Egg 2","Paper Crane","Empty Cage","War Paint","Pear","Astrolabe"],"potions_floor_usage":[24,27,39,41],"damage_taken":[{"damage":0.0,"enemies":"Jaw Worm","floor":1.0,"turns":5.0},{"damage":4.0,"enemies":"2 Louse","floor":2.0,"turns":3.0},{"damage":0.0,"enemies":"Cultist","floor":3.0,"turns":3.0},{"damage":1.0,"enemies":"2 Fungi Beasts","floor":7.0,"turns":3.0},{"damage":12.0,"enemies":"Lagavulin","floor":8.0,"turns":7.0},{"damage":10.0,"enemies":"3 Sentries","floor":13.0,"turns":5.0},{"damage":18.0,"enemies":"Hexaghost","floor":16.0,"turns":10.0},{"damage":14.0,"enemies":"Spheric Guardian","floor":18.0,"turns":4.0},{"damage":13.0,"enemies":"2 Thieves","floor":20.0,"turns":3.0},{"damage":16.0,"enemies":"Shelled Parasite and Fungi","floor":22.0,"turns":6.0},{"damage":5,"enemies":"Chosen and Byrds","floor":24,"turns":4},{"damage":17,"enemies":"Book of Stabbing","floor":27,"turns":5},{"damage":5,"enemies":"Snake Plant","floor":28,"turns":5},{"damage":0,"enemies":"Centurion and Healer","floor":30,"turns":6},{"damage":67,"enemies":"Automaton","floor":33,"turns":10},{"damage":56,"enemies":"3 Darklings","floor":35,"turns":5},{"damage":3,"enemies":"Orb Walker","floor":39,"turns":4},{"damage":60,"enemies":"Giant Head","floor":41,"turns":6}],"seed_played":"6028778059437813128","potions_obtained":[{"floor":3.0,"key":"Strength Potion"},{"floor":8.0,"key":"SteroidPotion"},{"floor":13.0,"key":"Weak Potion"},{"floor":16.0,"key":"Poison Potion"},{"floor":24,"key":"Poison Potion"},{"floor":27,"key":"FairyPotion"},{"floor":36,"key":"Dexterity Potion"},{"floor":36,"key":"Strength Potion"},{"floor":39,"key":"Fruit Juice"}],"is_trial":false,"path_per_floor":["M","M","M","?","?","R","M","E","T","R","?","?","E","$","R","B",null,"M","$","M","?","M","R","M","R","T","E","M","R","M","$","R","B",null,"M","?","?","?","M","R"],"character_chosen":"THE_SILENT","items_purchased":["Footwork+1","Paper Crane","Dagger Spray","Blade Dance","Caltrops+1","Accuracy+1"],"campfire_rested":4,"item_purchase_floors":[14,14,14,19,19,31],"current_hp_per_floor":[44,40,40,29,29,29,28,16,16,35,35,35,25,25,25,7,51,37,37,24,24,8,27,22,41,41,34,29,51,51,51,51,7,59,3,3,62,52,54,54,0],"gold":105,"neow_bonus":"ONE_RARE_RELIC","is_prod":false,"is_daily":false,"chose_seed":false,"campfire_upgraded":4,"win_rate":0,"timestamp":1540167105,"path_taken":["M","M","M","?","?","R","M","E","T","R","?","?","E","$","R","BOSS","M","$","M","?","M","R","M","R","T","E","M","R","M","$","R","BOSS","M","?","?","?","M","R","E"],"build_version":"2018-10-18","purchased_purges":0,"victory":false,"max_hp_per_floor":[66,66,66,66,66,66,66,66,66,66,66,66,66,66,66,66,66,66,66,66,66,66,66,66,66,66,76,76,76,76,76,76,76,76,76,76,62,62,67,67,67],"card_choices":[{"not_picked":["Acrobatics","Sucker Punch"],"picked":"Dagger Throw","floor":1.0},{"not_picked":["Deflect","Bane"],"picked":"Blade Dance","floor":2.0},{"not_picked":["Riddle With Holes","Eviscerate"],"picked":"Dagger Spray","floor":3.0},{"not_picked":["Outmaneuver","Sucker Punch"],"picked":"Slice","floor":7.0},{"not_picked":["Phantasmal Killer","Deadly Poison"],"picked":"Deflect","floor":8.0},{"not_picked":["Acrobatics","Blade Dance"],"picked":"Dash","floor":13.0},{"not_picked":["Corpse Explosion","Storm of Steel"],"picked":"A Thousand Cuts+1","floor":16.0},{"not_picked":["All Out Attack","Blade Dance"],"picked":"Cloak And Dagger","floor":18.0},{"not_picked":["Acrobatics","Concentrate"],"picked":"Backstab","floor":20.0},{"not_picked":["Dodge and Roll","Dagger Spray"],"picked":"Acrobatics+1","floor":22.0},{"not_picked":["Outmaneuver","Crippling Poison"],"picked":"Cloak And Dagger+1","floor":24},{"not_picked":["Crippling Poison","Catalyst"],"picked":"Leg Sweep+1","floor":27},{"not_picked":["Flying Knee","Outmaneuver","Doppelganger"],"picked":"SKIP","floor":28},{"not_picked":["Underhanded Strike","Prepared"],"picked":"Deflect","floor":30},{"not_picked":["Corpse Explosion","Grand Finale"],"picked":"Tools of the Trade+1","floor":33},{"not_picked":["Prepared","PiercingWail+1"],"picked":"Concentrate","floor":35},{"not_picked":["Deep Breath","Good Instincts"],"picked":"Dramatic Entrance","floor":38},{"not_picked":["PanicButton","Secret Technique"],"picked":"Mayhem+1","floor":38},{"not_picked":["Choke","Bane"],"picked":"Caltrops+1","floor":39}],"player_experience":1060567,"relics_obtained":[{"floor":8.0,"key":"Sundial"},{"floor":9.0,"key":"Shuriken"},{"floor":13.0,"key":"Frozen Egg 2"},{"floor":26,"key":"War Paint"},{"floor":27,"key":"Pear"}],"event_choices":[{"damage_healed":0.0,"max_hp_gain":0.0,"max_hp_loss":0.0,"gold_gain":75.0,"event_name":"World of Goop","player_choice":"Gather Gold","floor":4.0,"gold_loss":0.0,"damage_taken":11.0},{"damage_healed":0.0,"max_hp_gain":0.0,"max_hp_loss":0.0,"gold_gain":100.0,"event_name":"Wheel of Change","player_choice":"Gold","floor":5.0,"gold_loss":0.0,"damage_taken":0.0},{"damage_healed":0.0,"max_hp_gain":0.0,"max_hp_loss":0.0,"gold_gain":0.0,"event_name":"Shining Light","player_choice":"Ignored","floor":11.0,"gold_loss":0.0,"damage_taken":0.0},{"damage_healed":0.0,"max_hp_gain":0.0,"max_hp_loss":0.0,"gold_gain":0.0,"event_name":"Scrap Ooze","player_choice":"Fled","floor":12.0,"gold_loss":0.0,"damage_taken":0.0},{"damage_healed":0.0,"max_hp_gain":0.0,"max_hp_loss":0.0,"gold_gain":0.0,"event_name":"Duplicator","player_choice":"Copied","floor":21.0,"gold_loss":0.0,"damage_taken":0.0,"cards_obtained":["Footwork"]},{"damage_healed":0,"gold_gain":0,"player_choice":"Bought 2 Potions","damage_taken":0,"max_hp_gain":0,"max_hp_loss":0,"event_name":"The Woman in Blue","floor":36,"gold_loss":0},{"damage_healed":62,"gold_gain":0,"player_choice":"Heal","damage_taken":0,"max_hp_gain":0,"max_hp_loss":14,"event_name":"The Moai Head","floor":37,"gold_loss":0},{"damage_healed":0,"gold_gain":0,"player_choice":"Memory 3","damage_taken":10,"max_hp_gain":0,"max_hp_loss":0,"event_name":"SensoryStone","floor":38,"gold_loss":0}],"is_beta":false,"boss_relics":[{"not_picked":["Eternal Feather","Runic Pyramid"],"picked":"Empty Cage"},{"not_picked":["Philosopher\u0027s Stone","Coffee Dripper"],"picked":"Astrolabe"}],"items_purged_floors":[],"is_endless":false,"potions_floor_spawned":[3,8,13,16,18,24,27,39],"killed_by":"Giant Head","ascension_level":20}