{"gold_per_floor":[113,133,148,31,181,181,208,208,290,305,305],"floor_reached":11,"playtime":438,"items_purged":[],"score":146,"play_id":"58f0eeac-58bc-41e0-be89-283749a949ff","local_time":"20190220211824","is_ascension_mode":true,"campfire_choices":[{"data":"Neutralize","floor":6,"key":"SMITH"},{"data":"Bouncing Flask","floor":8,"key":"SMITH"}],"neow_cost":"NONE","seed_source_timestamp":101513462610007,"circlet_count":0,"master_deck":["AscendersBane","Defend_G","Defend_G","Defend_G","Defend_G","Defend_G","Strike_G","Strike_G","Strike_G","Strike_G","Strike_G","Survivor","Neutralize+1","Deadly Poison","Deadly Poison","Bouncing Flask+1","Footwork","Endless Agony","Doubt","Dagger Spray"],"relics":["Ring of the Snake","NeowsBlessing","Ancient Tea Set","Paper Crane"],"potions_floor_usage":[],"damage_taken":[{"damage":0,"enemies":"Cultist","floor":1,"turns":1},{"damage":0,"enemies":"2 Louse","floor":2,"turns":1},{"damage":0,"enemies":"Small Slimes","floor":3,"turns":1},{"damage":13,"enemies":"Lagavulin","floor":7,"turns":7},{"damage":2,"enemies":"Blue Slaver","floor":10,"turns":3},{"damage":46,"enemies":"3 Sentries","floor":11,"turns":6}],"seed_played":"5152633246908717164","potions_obtained":[{"floor":3,"key":"Ancient Potion"}],"is_trial":false,"path_per_floor":["M","M","M","$","?","R","E","R","T","M","E"],"character_chosen":"THE_SILENT","items_purchased":["Footwork","Endless Agony"],"campfire_rested":0,"item_purchase_floors":[4,4],"current_hp_per_floor":[59,59,59,59,59,59,46,46,46,44,0],"gold":305,"neow_bonus":"THREE_ENEMY_KILL","is_prod":false,"is_daily":false,"chose_seed":false,"campfire_upgraded":2,"win_rate":0,"timestamp":1550715504,"path_taken":["M","M","?","$","?","R","E","R","T","M","E"],"build_version":"2019-01-23","purchased_purges":0,"victory":false,"max_hp_per_floor":[66,66,66,66,66,66,66,66,66,66,66],"card_choices":[{"not_picked":["Sucker Punch","Catalyst"],"picked":"Deadly Poison","floor":1},{"not_picked":["Sucker Punch","Dodge and Roll"],"picked":"Deadly Poison","floor":2},{"not_picked":["PiercingWail","Dodge and Roll"],"picked":"Bouncing Flask","floor":3},{"not_picked":["Reflex","Sucker Punch","Riddle With Holes"],"picked":"SKIP","floor":7},{"not_picked":["Infinite Blades","Blade Dance"],"picked":"Dagger Spray","floor":10}],"player_experience":1236885,"relics_obtained":[{"floor":7,"key":"Ancient Tea Set"},{"floor":9,"key":"Paper Crane"}],"event_choices":[{"damage_healed":0,"gold_gain":150,"player_choice":"AGREE","damage_taken":0,"max_hp_gain":0,"max_hp_loss":0,"event_name":"Liars Game","floor":5,"gold_loss":0,"cards_obtained":["Doubt"]}],"is_beta":false,"boss_relics":[],"items_purged_floors":[],"is_endless":false,"potions_floor_spawned":[3],"killed_by":"3 Sentries","ascension_level":20}