{"gold_per_floor":[114,125,138,154,165,165,191,341,368,19,47,47,64,94,94,171,171,190,190],"floor_reached":19,"playtime":896,"items_purged":[],"score":378,"play_id":"6b40017a-1ca3-407c-84c0-c4cd6273a653","local_time":"20181205215319","is_ascension_mode":true,"campfire_choices":[{"data":"Zap","floor":6.0,"key":"SMITH"},{"floor":12.0,"key":"REST"},{"floor":15.0,"key":"REST"}],"neow_cost":"TEN_PERCENT_HP_LOSS","seed_source_timestamp":197878497574992,"circlet_count":0,"master_deck":["AscendersBane","Strike_B+1","Strike_B","Strike_B","Strike_B","Defend_B","Defend_B","Defend_B","Defend_B","Zap+1","Dualcast","Gash+1","Sweeping Beam","Auto Shields","Gash","Echo Form","Doubt","Genetic Algorithm+1","White Noise+1","Ball Lightning","Consume+1","Creative AI","Reprogram+1"],"special_seed":0,"relics":["Cracked Core","Incense Burner","Toxic Egg 2","Juzu Bracelet","ClockworkSouvenir","Whetstone","Art of War","Fusion Hammer"],"potions_floor_usage":[19],"damage_taken":[{"damage":2.0,"enemies":"Cultist","floor":1.0,"turns":4.0},{"damage":7.0,"enemies":"Jaw Worm","floor":2.0,"turns":3.0},{"damage":0.0,"enemies":"Small Slimes","floor":3.0,"turns":3.0},{"damage":0.0,"enemies":"2 Fungi Beasts","floor":4.0,"turns":3.0},{"damage":13.0,"enemies":"Gremlin Gang","floor":5.0,"turns":3.0},{"damage":20.0,"enemies":"3 Sentries","floor":7.0,"turns":7.0},{"damage":18.0,"enemies":"Lagavulin","floor":11.0,"turns":5.0},{"damage":1.0,"enemies":"Blue Slaver","floor":13.0,"turns":4.0},{"damage":16.0,"enemies":"3 Sentries","floor":14.0,"turns":7.0},{"damage":14.0,"enemies":"The Guardian","floor":16.0,"turns":10.0},{"damage":34.0,"enemies":"2 Thieves","floor":18.0,"turns":4.0},{"damage":17,"enemies":"Shell Parasite","floor":19,"turns":5}],"seed_played":"-5703930867414893140","potions_obtained":[{"floor":2.0,"key":"GamblersBrew"},{"floor":7.0,"key":"EssenceOfSteel"},{"floor":14.0,"key":"Energy Potion"},{"floor":16.0,"key":"EssenceOfSteel"}],"is_trial":false,"path_per_floor":["M","M","M","M","M","R","E","?","T","$","E","R","M","E","R","B",null,"M","M"],"character_chosen":"DEFECT","items_purchased":["ClockworkSouvenir","Genetic Algorithm+1","White Noise+1"],"campfire_rested":2,"item_purchase_floors":[10,10,10],"current_hp_per_floor":[62,55,55,55,42,42,22,22,22,22,4,23,22,6,25,11,51,17,0],"gold":190,"neow_bonus":"ONE_RARE_RELIC","is_prod":false,"is_daily":false,"chose_seed":false,"campfire_upgraded":1,"win_rate":0,"timestamp":1544064799,"path_taken":["M","M","M","M","?","R","E","?","T","$","E","R","M","E","R","BOSS","M","M"],"build_version":"2018-12-05","purchased_purges":0,"victory":false,"max_hp_per_floor":[64,64,64,64,64,64,64,64,64,64,64,64,64,64,64,64,64,64,64],"card_choices":[{"not_picked":["Redo","Rebound"],"picked":"Gash","floor":1.0},{"not_picked":["Streamline","Redo"],"picked":"Sweeping Beam","floor":2.0},{"not_picked":["Leap","Go for the Eyes"],"picked":"Auto Shields","floor":3.0},{"not_picked":["Stack","Blizzard","Reprogram"],"picked":"SKIP","floor":4.0},{"not_picked":["Go for the Eyes","BootSequence"],"picked":"Gash","floor":5.0},{"not_picked":["FTL","Cold Snap"],"picked":"Echo Form","floor":7.0},{"not_picked":["Sweeping Beam","Barrage","Redo+1"],"picked":"SKIP","floor":11.0},{"not_picked":["White Noise+1","Redo+1"],"picked":"Ball Lightning","floor":13.0},{"not_picked":["Darkness+1","Tempest+1"],"picked":"Consume+1","floor":14.0},{"not_picked":["Multi-Cast+1","Hyperbeam"],"picked":"Creative AI","floor":16.0},{"not_picked":["Redo+1","Hello World"],"picked":"Reprogram+1","floor":18.0}],"player_experience":1190282,"relics_obtained":[{"floor":7.0,"key":"Toxic Egg 2"},{"floor":9.0,"key":"Juzu Bracelet"},{"floor":11.0,"key":"Whetstone"},{"floor":14.0,"key":"Art of War"}],"event_choices":[{"damage_healed":0.0,"max_hp_gain":0.0,"max_hp_loss":0.0,"gold_gain":150.0,"event_name":"Liars Game","player_choice":"AGREE","floor":8.0,"gold_loss":0.0,"damage_taken":0.0,"cards_obtained":["Doubt"]}],"is_beta":true,"boss_relics":[{"not_picked":["Lizard Tail","Black Star"],"picked":"Fusion Hammer"}],"items_purged_floors":[],"is_endless":false,"potions_floor_spawned":[2,7,14,16],"killed_by":"Shell Parasite","ascension_level":20}