{"gold_per_floor":[116,116,67,67,67,67,30,62,62,62,80,105,105,122,122,227,227,241,241,274,129,147,172,172,122,176,176,187,198,233,59,59,156,156,173,173,122,122,137,137,137,137,137,137,237,248,248,10,10,10],"floor_reached":51,"playtime":3738,"items_purged":["Defend_R","Strike_R"],"score":1115,"play_id":"1491a0de-b5f8-4dd6-8f1a-38cd63cccd2c","local_time":"20190120210309","is_ascension_mode":true,"campfire_choices":[{"data":"Havoc","floor":6,"key":"SMITH"},{"data":"Havoc","floor":13,"key":"SMITH"},{"floor":15,"key":"REST"},{"data":"Burning Pact","floor":24,"key":"SMITH"},{"data":"Havoc","floor":27,"key":"SMITH"},{"data":"Feel No Pain","floor":32,"key":"SMITH"},{"data":"Havoc","floor":40,"key":"SMITH"},{"floor":42,"key":"REST"},{"data":"Demon Form","floor":44,"key":"SMITH"},{"data":"Apotheosis","floor":49,"key":"SMITH"}],"neow_cost":"TEN_PERCENT_HP_LOSS","seed_source_timestamp":12700855742246204,"circlet_count":0,"master_deck":["AscendersBane","Bash","Shrug It Off+1","Havoc+1","Intimidate","Feed","Havoc+1","Juggernaut","Reaper","Havoc+1","Shockwave","Burning Pact+1","Second Wind+1","True Grit","Feel No Pain+1","Demon Form+1","Burning Pact","Combust","Double Tap","Exhume","Second Wind+1","Bandage Up","Havoc+1","Madness","Madness","Iron Wave","True Grit","Second Wind","Apotheosis+1"],"relics":["Burning Blood","Dead Branch","Bird Faced Urn","Thread and Needle","War Paint","Philosopher\u0027s Stone","Orichalcum","Red Mask","Bronze Scales","Bag of Marbles","Paper Frog","Pandora\u0027s Box","Oddly Smooth Stone","Nunchaku"],"potions_floor_usage":[16,23,23,33,33,41],"damage_taken":[{"damage":0,"enemies":"Small Slimes","floor":1,"turns":3},{"damage":15,"enemies":"3 Sentries","floor":8,"turns":7},{"damage":0,"enemies":"Jaw Worm","floor":11,"turns":2},{"damage":17,"enemies":"Gremlin Nob","floor":12,"turns":4},{"damage":0,"enemies":"2 Louse","floor":14,"turns":4},{"damage":13,"enemies":"Slime Boss","floor":16,"turns":10},{"damage":12,"enemies":"2 Thieves","floor":18,"turns":4},{"damage":1,"enemies":"Masked Bandits","floor":20,"turns":6},{"damage":0,"enemies":"Spheric Guardian","floor":22,"turns":3},{"damage":49,"enemies":"Slavers","floor":23,"turns":6},{"damage":8,"enemies":"Shelled Parasite and Fungi","floor":28,"turns":3},{"damage":4,"enemies":"Snecko","floor":29,"turns":4},{"damage":9,"enemies":"Gremlin Leader","floor":30,"turns":5},{"damage":3,"enemies":"Automaton","floor":33,"turns":6},{"damage":0,"enemies":"3 Darklings","floor":35,"turns":4},{"damage":29,"enemies":"3 Shapes","floor":39,"turns":6},{"damage":0,"enemies":"Jaw Worm Horde","floor":41,"turns":1},{"damage":6,"enemies":"Mind Bloom Boss Battle","floor":45,"turns":6},{"damage":9,"enemies":"Spire Growth","floor":46,"turns":5},{"damage":16,"enemies":"Awakened One","floor":50,"turns":7}],"seed_played":"-8979476033322666890","potions_obtained":[{"floor":8,"key":"Dexterity Potion"},{"floor":11,"key":"Weak Potion"},{"floor":16,"key":"Swift Potion"},{"floor":18,"key":"Strength Potion"},{"floor":23,"key":"Ancient Potion"},{"floor":28,"key":"LiquidBronze"},{"floor":35,"key":"SmokeBomb"},{"floor":45,"key":"BloodPotion"},{"floor":46,"key":"Regen Potion"}],"is_trial":false,"path_per_floor":["M","?","$","?","?","R","$","E","T","?","M","E","R","M","R","B",null,"M","?","?","$","M","E","R","?","T","R","M","M","E","$","R","B",null,"M","?","$","?","M","R","M","R","T","R","?","M","?","$","R","B",null],"character_chosen":"IRONCLAD","items_purchased":["Havoc","Intimidate","Burning Pact","Feel No Pain","Havoc","Second Wind","Apotheosis"],"campfire_rested":2,"item_purchase_floors":[3,7,21,31,37,48,48],"current_hp_per_floor":[72,77,77,62,55,55,55,46,46,46,55,47,47,56,81,80,85,80,80,89,89,89,70,70,70,70,70,74,79,91,91,91,92,92,92,92,92,80,69,69,75,92,92,92,92,95,95,95,95,95],"gold":10,"neow_bonus":"ONE_RARE_RELIC","is_prod":false,"is_daily":false,"chose_seed":false,"campfire_upgraded":8,"win_rate":0,"timestamp":1548014589,"path_taken":["M","?","$","?","?","R","?","E","T","?","M","E","R","M","R","BOSS","M","?","?","$","M","E","R","?","T","R","M","?","E","$","R","BOSS","M","?","$","?","M","R","M","R","T","R","?","M","?","$","R","BOSS"],"build_version":"2019-01-17v2","purchased_purges":2,"victory":true,"max_hp_per_floor":[72,77,77,77,77,77,77,77,77,77,80,83,83,86,86,86,86,86,86,89,89,89,89,89,89,89,89,89,89,92,92,92,92,92,92,92,92,92,92,92,92,92,92,92,92,95,95,95,95,95],"card_choices":[{"not_picked":["Sword Boomerang","Heavy Blade"],"picked":"Shrug It Off","floor":1},{"not_picked":["Reckless Charge","Cleave"],"picked":"Feed","floor":8},{"not_picked":["Wild Strike","Fire Breathing"],"picked":"Havoc","floor":11},{"not_picked":["Iron Wave","Pommel Strike"],"picked":"Juggernaut","floor":12},{"not_picked":["Anger","Twin Strike","Dropkick"],"picked":"SKIP","floor":14},{"not_picked":["Offering","Exhume"],"picked":"Reaper","floor":16},{"not_picked":["Rampage","Heavy Blade"],"picked":"Havoc","floor":18},{"not_picked":["Perfected Strike","Heavy Blade"],"picked":"Shockwave","floor":20},{"not_picked":["Perfected Strike","Cleave"],"picked":"Second Wind+1","floor":22},{"not_picked":["Brutality","Fire Breathing","Wild Strike"],"picked":"SKIP","floor":23},{"not_picked":["Clash","Hemokinesis","Body Slam"],"picked":"SKIP","floor":28},{"not_picked":["Body Slam","Clothesline","Anger+1"],"picked":"SKIP","floor":29},{"not_picked":["Infernal Blade","Twin Strike"],"picked":"True Grit","floor":30},{"not_picked":["Intimidate","Uppercut"],"picked":"Second Wind+1","floor":35},{"not_picked":["Impatience","PanicButton"],"picked":"Bandage Up","floor":36},{"not_picked":["Headbutt","Reckless Charge+1"],"picked":"Iron Wave","floor":39},{"not_picked":["Heavy Blade+1","Twin Strike"],"picked":"True Grit","floor":46}],"player_experience":279985,"relics_obtained":[{"floor":8,"key":"Bird Faced Urn"},{"floor":9,"key":"Thread and Needle"},{"floor":12,"key":"War Paint"},{"floor":20,"key":"Red Mask"},{"floor":23,"key":"Bronze Scales"},{"floor":26,"key":"Bag of Marbles"},{"floor":30,"key":"Paper Frog"},{"floor":43,"key":"Oddly Smooth Stone"},{"floor":45,"key":"Nunchaku"}],"event_choices":[{"damage_healed":0,"gold_gain":0,"player_choice":"Donut","damage_taken":0,"max_hp_gain":5,"max_hp_loss":0,"event_name":"Big Fish","floor":2,"gold_loss":0},{"damage_healed":0,"gold_gain":0,"player_choice":"Entered Light","damage_taken":15,"max_hp_gain":0,"max_hp_loss":0,"event_name":"Shining Light","floor":4,"gold_loss":0,"cards_upgraded":["Defend_R","Strike_R"]},{"cards_removed":["Defend_R"],"damage_healed":0,"gold_gain":0,"player_choice":"Card Removal","damage_taken":7,"max_hp_gain":0,"max_hp_loss":0,"event_name":"Golden Wing","floor":5,"gold_loss":0},{"damage_healed":0,"gold_gain":0,"player_choice":"Ignored","damage_taken":0,"max_hp_gain":0,"max_hp_loss":0,"event_name":"Liars Game","floor":10,"gold_loss":0},{"damage_healed":0,"gold_gain":0,"player_choice":"Opened","damage_taken":0,"relics_obtained":["Orichalcum"],"max_hp_gain":0,"max_hp_loss":0,"event_name":"The Mausoleum","floor":19,"gold_loss":0},{"damage_healed":0,"gold_gain":0,"player_choice":"Fought Bandits","damage_taken":0,"max_hp_gain":0,"max_hp_loss":0,"event_name":"Masked Bandits","floor":20,"gold_loss":0},{"damage_healed":0,"gold_gain":0,"player_choice":"Bet on Owner","damage_taken":0,"max_hp_gain":0,"max_hp_loss":0,"event_name":"The Joust","floor":25,"gold_loss":50},{"damage_healed":0,"gold_gain":0,"player_choice":"Memory 1","damage_taken":0,"max_hp_gain":0,"max_hp_loss":0,"event_name":"SensoryStone","floor":36,"gold_loss":0},{"damage_healed":0,"gold_gain":0,"player_choice":"Embrace Madness","damage_taken":12,"max_hp_gain":0,"max_hp_loss":0,"event_name":"Winding Halls","floor":38,"gold_loss":0,"cards_obtained":["Madness","Madness"]},{"damage_healed":0,"gold_gain":0,"player_choice":"Fight","damage_taken":0,"max_hp_gain":0,"max_hp_loss":0,"event_name":"MindBloom","floor":45,"gold_loss":0},{"cards_removed":["Brutality"],"damage_healed":0,"gold_gain":0,"player_choice":"Removed Power","damage_taken":0,"max_hp_gain":0,"max_hp_loss":0,"event_name":"Falling","floor":47,"gold_loss":0}],"is_beta":false,"boss_relics":[{"not_picked":["Tiny House","Sozu"],"picked":"Philosopher\u0027s Stone"},{"not_picked":["White Beast Statue","Mark of Pain"],"picked":"Pandora\u0027s Box"}],"items_purged_floors":[21,31],"is_endless":false,"potions_floor_spawned":[8,11,12,16,18,23,28,29,35,45,46],"ascension_level":11}