{"gold_per_floor":[112,112,129,129,2,35,35,46,46,57,71,71,71,87,87,189,189,200,200,200,123,123],"floor_reached":22,"playtime":748,"items_purged":[],"score":282,"play_id":"97d5ed7d-b696-4945-b3f6-dc08b4f68658","local_time":"20180726210404","is_ascension_mode":true,"campfire_choices":[{"data":"Bash","floor":7,"key":"SMITH"},{"floor":13,"key":"REST"},{"data":"Infernal Blade","floor":15,"key":"SMITH"}],"neow_cost":"NONE","seed_source_timestamp":877620784989928,"circlet_count":0,"master_deck":["Strike_R","Strike_R","Strike_R","Strike_R+1","Defend_R","Defend_R","Defend_R","Defend_R","Bash+1","Perfected Strike+1","Seeing Red","Infernal Blade+1","Brutality","Cleave","Twin Strike","Battle Trance","Iron Wave","Iron Wave","Immolate","Headbutt+1","Decay","J.A.X."],"relics":["Burning Blood","NeowsBlessing","Champion Belt","Du-Vu Doll","Magic Flower","Snecko Eye"],"potions_floor_usage":[10,16],"damage_taken":[{"damage":0,"enemies":"2 Louse","floor":1,"turns":1},{"damage":0,"enemies":"Cultist","floor":3,"turns":1},{"damage":0,"enemies":"Lagavulin","floor":6,"turns":1},{"damage":9,"enemies":"Small Slimes","floor":8,"turns":2},{"damage":37,"enemies":"Exordium Thugs","floor":10,"turns":5},{"damage":15,"enemies":"Large Slime","floor":11,"turns":5},{"damage":10,"enemies":"Gremlin Gang","floor":14,"turns":7},{"damage":45,"enemies":"The Guardian","floor":16,"turns":11},{"damage":31,"enemies":"2 Thieves","floor":18,"turns":3},{"damage":37,"enemies":"3 Byrds","floor":22,"turns":3}],"seed_played":"-4584321745759611351","potions_obtained":[{"floor":1,"key":"Poison Potion"},{"floor":14,"key":"SkillPotion"},{"floor":16,"key":"Ancient Potion"},{"floor":18,"key":"Swift Potion"}],"is_trial":false,"path_per_floor":["M","?","M","?","$","E","R","M","T","M","M","?","R","M","R","B",null,"M","?","?","?"],"character_chosen":"IRONCLAD","items_purchased":["Brutality","Cleave"],"campfire_rested":1,"item_purchase_floors":[5,5],"current_hp_per_floor":[78,62,68,68,68,74,74,71,71,40,31,31,55,54,54,18,65,43,43,43,43,6],"gold":123,"neow_bonus":"THREE_ENEMY_KILL","is_prod":false,"is_daily":false,"chose_seed":false,"campfire_upgraded":2,"win_rate":0,"timestamp":1532631844,"path_taken":["M","?","M","?","$","E","R","M","T","M","M","?","R","M","R","BOSS","M","?","?","?","?"],"build_version":"2018-07-19v2","purchased_purges":0,"victory":false,"max_hp_per_floor":[80,80,80,80,80,80,80,80,80,80,80,80,80,80,80,80,80,80,80,80,80,80],"card_choices":[{"not_picked":["Power Through","Disarm"],"picked":"Perfected Strike","floor":1},{"not_picked":["Anger","Clash"],"picked":"Seeing Red","floor":3},{"not_picked":["Sever Soul","Brutality"],"picked":"Twin Strike","floor":6},{"not_picked":["Sever Soul","Heavy Blade"],"picked":"Battle Trance","floor":8},{"not_picked":["Flex","Thunderclap"],"picked":"Iron Wave","floor":10},{"not_picked":["Searing Blow","Second Wind","Anger"],"picked":"SKIP","floor":11},{"not_picked":["Corruption","Wild Strike"],"picked":"Iron Wave","floor":14},{"not_picked":["Berserk","Dark Embrace"],"picked":"Immolate","floor":16},{"not_picked":["Twin Strike","Sword Boomerang"],"picked":"Headbutt+1","floor":18}],"player_experience":847432,"relics_obtained":[{"floor":6,"key":"Champion Belt"},{"floor":9,"key":"Du-Vu Doll"}],"event_choices":[{"event_name":"Shining Light","player_choice":"Entered Light","floor":2,"damage_taken":0},{"event_name":"Living Wall","player_choice":"Change","floor":4,"damage_taken":0},{"event_name":"Accursed Blacksmith","player_choice":"Rummage","floor":12,"damage_taken":0},{"event_name":"Vampires","player_choice":"Ignored","floor":19,"damage_taken":0},{"event_name":"Transmorgrifier","player_choice":"Transform","floor":20,"damage_taken":0},{"event_name":"Drug Dealer","player_choice":"Got JAXXED","floor":21,"damage_taken":0}],"is_beta":false,"boss_relics":[{"not_picked":["Runic Cube","Philosopher\u0027s Stone"],"picked":"Snecko Eye"}],"items_purged_floors":[],"is_endless":false,"potions_floor_spawned":[1,14,16,18],"killed_by":"3 Byrds","ascension_level":7}