{"gold_per_floor":[140,152,172,137,137,137,163,182,207,219,231,263,294,326,338,421,433,460,522,534,546,55,55,90,90,90,120,152,34,51,86,86,157,157,177,177,189,189,89,89,121,121,121,32,63,83,114,54,54,54,54],"floor_reached":51,"playtime":3078,"items_purged":["Pain","Writhe"],"score":1653,"play_id":"74886e93-06c9-47fa-ba72-d1d8d4672bc5","local_time":"20181212134341","is_ascension_mode":true,"campfire_choices":[{"data":"Neutralize","floor":6.0,"key":"SMITH"},{"data":"Leg Sweep","floor":10.0,"key":"SMITH"},{"floor":15.0,"key":"REST"},{"data":"A Thousand Cuts","floor":23.0,"key":"SMITH"},{"data":"Noxious Fumes","floor":25.0,"key":"SMITH"},{"floor":32.0,"key":"REST"},{"data":"Crippling Poison","floor":40.0,"key":"SMITH"},{"floor":42.0,"key":"RECALL"},{"floor":49,"key":"REST"}],"neow_cost":"NONE","seed_source_timestamp":369203271155593,"circlet_count":0,"master_deck":["AscendersBane","Defend_G+1","Defend_G+1","Defend_G+1","Defend_G+1","Defend_G+1","Strike_G+1","Strike_G+1","Strike_G+1","Strike_G+1","Strike_G+1","Survivor","Neutralize+1","Dagger Throw","Well Laid Plans+1","Dagger Spray","Leg Sweep+1","Blur","Endless Agony","Backflip","A Thousand Cuts+1","Backflip","Die Die Die","Noxious Fumes+1","Choke+1","Eviscerate","Crippling Poison+1","Cloak And Dagger","Cloak And Dagger","A Thousand Cuts+1","Dash","Backflip","Underhanded Strike","Caltrops","Reflex","Blade Dance","Footwork"],"special_seed":0,"relics":["Ring of the Snake","Tiny Chest","Oddly Smooth Stone","MawBank","WarpedTongs","Snecko Eye","Bag of Preparation","Gremlin Horn","Pear","Letter Opener","Red Mask","Nunchaku","HoveringKite","FaceOfCleric","Ice Cream","Shuriken","Bottled Lightning","The Courier"],"potions_floor_usage":[45,46,50],"damage_taken":[{"damage":8.0,"enemies":"2 Louse","floor":1.0,"turns":3.0},{"damage":6.0,"enemies":"Cultist","floor":2.0,"turns":4.0},{"damage":0.0,"enemies":"Small Slimes","floor":3.0,"turns":3.0},{"damage":19.0,"enemies":"3 Sentries","floor":7.0,"turns":10.0},{"damage":2.0,"enemies":"Looter","floor":8.0,"turns":4.0},{"damage":1.0,"enemies":"2 Fungi Beasts","floor":12.0,"turns":5.0},{"damage":4.0,"enemies":"Large Slime","floor":13.0,"turns":7.0},{"damage":8.0,"enemies":"Lots of Slimes","floor":14.0,"turns":4.0},{"damage":5.0,"enemies":"Hexaghost","floor":16.0,"turns":12.0},{"damage":7.0,"enemies":"Chosen","floor":18.0,"turns":8.0},{"damage":25.0,"enemies":"Slavers","floor":24.0,"turns":8.0},{"damage":0.0,"enemies":"Gremlin Leader","floor":27.0,"turns":6.0},{"damage":0.0,"enemies":"Masked Bandits","floor":28.0,"turns":3.0},{"damage":0.0,"enemies":"3 Byrds","floor":30.0,"turns":3.0},{"damage":0.0,"enemies":"Book of Stabbing","floor":31.0,"turns":4.0},{"damage":18.0,"enemies":"Automaton","floor":33.0,"turns":10.0},{"damage":0.0,"enemies":"Orb Walker","floor":35.0,"turns":3.0},{"damage":12.0,"enemies":"3 Darklings","floor":37.0,"turns":3.0},{"damage":13.0,"enemies":"Nemesis","floor":41.0,"turns":7.0},{"damage":4,"enemies":"Giant Head","floor":45,"turns":5},{"damage":3,"enemies":"Jaw Worm Horde","floor":46,"turns":2},{"damage":0,"enemies":"Reptomancer","floor":47,"turns":4},{"damage":43,"enemies":"Donu and Deca","floor":50,"turns":9},{"damage":20,"enemies":"Time Eater","floor":51,"turns":2}],"seed_played":"-2394327447482224148","potions_obtained":[{"floor":1.0,"key":"GhostInAJar"},{"floor":3.0,"key":"Poison Potion"},{"floor":13.0,"key":"LiquidBronze"},{"floor":24.0,"key":"Ancient Potion"},{"floor":28.0,"key":"SkillPotion"},{"floor":31.0,"key":"FearPotion"},{"floor":37.0,"key":"Fire Potion"},{"floor":45,"key":"SkillPotion"},{"floor":47,"key":"GhostInAJar"}],"is_trial":false,"path_per_floor":["M","M","M","?","?","R","E","M","T","R","?","M","M","M","R","B",null,"M","?","?","?","$","R","E","R","T","E","?","$","M","E","R","B",null,"M","?","M","?","$","R","E","R","T","$","E","M","E","$","R","B","B"],"character_chosen":"THE_SILENT","items_purchased":["Die Die Die","Noxious Fumes","Gremlin Horn","Eviscerate","Crippling Poison","Caltrops","Footwork"],"campfire_rested":3,"item_purchase_floors":[22,22,22,29,29,44,48],"current_hp_per_floor":[51,45,45,61,41,41,22,20,20,20,20,19,15,7,26,21,55,48,48,48,48,48,48,33,33,33,33,33,33,33,33,55,37,66,66,66,54,54,54,54,42,42,42,42,39,37,38,38,62,20,0],"gold":54,"neow_bonus":"RANDOM_COMMON_RELIC","is_prod":false,"is_daily":false,"chose_seed":false,"campfire_upgraded":5,"win_rate":0,"timestamp":1544640221,"path_taken":["M","M","M","?","?","R","E","M","T","R","?","M","?","?","R","BOSS","M","?","?","?","$","R","E","R","T","E","?","?","M","E","R","BOSS","M","?","?","?","$","R","E","R","T","?","E","M","E","$","R","BOSS","BOSS"],"build_version":"2018-12-10","purchased_purges":2,"victory":false,"max_hp_per_floor":[66,66,66,66,66,66,66,66,66,66,66,66,66,66,66,66,66,66,66,66,66,66,66,76,76,76,76,76,76,76,76,76,76,76,76,76,76,76,76,76,77,77,77,77,78,79,80,80,80,81,81],"card_choices":[{"not_picked":["Bouncing Flask","Backflip"],"picked":"Dagger Throw","floor":1.0},{"not_picked":["Dagger Throw","Outmaneuver"],"picked":"Well Laid Plans","floor":2.0},{"not_picked":["Catalyst","Slice"],"picked":"Dagger Spray","floor":3.0},{"not_picked":["Dodge and Roll","Terror"],"picked":"Leg Sweep","floor":7.0},{"not_picked":["Blade Dance","Concentrate"],"picked":"Blur","floor":8.0},{"not_picked":["Riddle With Holes","Accuracy","Grand Finale"],"picked":"SKIP","floor":12.0},{"not_picked":["Underhanded Strike","Bouncing Flask"],"picked":"Endless Agony","floor":13.0},{"not_picked":["Escape Plan","Setup"],"picked":"Backflip","floor":14.0},{"not_picked":["Tools of the Trade","Burst"],"picked":"A Thousand Cuts","floor":16.0},{"not_picked":["Riddle With Holes","Catalyst"],"picked":"Backflip","floor":18.0},{"not_picked":["Underhanded Strike","Sucker Punch","Reflex"],"picked":"SKIP","floor":24.0},{"not_picked":["Deflect","Terror","Unload"],"picked":"SKIP","floor":27.0},{"not_picked":["Outmaneuver","Concentrate"],"picked":"Choke+1","floor":28.0},{"not_picked":["Outmaneuver+1","Quick Slash"],"picked":"Cloak And Dagger","floor":30.0},{"not_picked":["Flechettes","Infinite Blades"],"picked":"Cloak And Dagger","floor":31.0},{"not_picked":["Doppelganger","Tools of the Trade"],"picked":"A Thousand Cuts","floor":33.0},{"not_picked":["Backstab","Outmaneuver"],"picked":"Dash","floor":35.0},{"not_picked":["Deadly Poison","Endless Agony+1"],"picked":"Backflip","floor":37.0},{"not_picked":["Flying Knee","Blur"],"picked":"Underhanded Strike","floor":41.0},{"not_picked":["Backstab","Outmaneuver"],"picked":"Reflex","floor":45},{"not_picked":["Sucker Punch","Slice"],"picked":"Blade Dance","floor":46},{"not_picked":["Skewer","Blade Dance","Terror"],"picked":"SKIP","floor":47}],"player_experience":1216486,"relics_obtained":[{"floor":7.0,"key":"Oddly Smooth Stone"},{"floor":9.0,"key":"MawBank"},{"floor":24.0,"key":"Pear"},{"floor":27.0,"key":"Letter Opener"},{"floor":28.0,"key":"Red Mask"},{"floor":31.0,"key":"Nunchaku"},{"floor":41.0,"key":"Ice Cream"},{"floor":43.0,"key":"Shuriken"},{"floor":45,"key":"Bottled Lightning"},{"floor":47,"key":"The Courier"}],"event_choices":[{"damage_healed":16.0,"max_hp_gain":0.0,"max_hp_loss":0.0,"gold_gain":0.0,"event_name":"The Cleric","player_choice":"Healed","floor":4.0,"gold_loss":35.0,"damage_taken":0.0},{"damage_healed":0.0,"max_hp_gain":0.0,"max_hp_loss":0.0,"gold_gain":0.0,"event_name":"Shining Light","player_choice":"Entered Light","floor":5.0,"gold_loss":0.0,"damage_taken":20.0,"cards_upgraded":["Strike_G","Well Laid Plans"]},{"damage_healed":0.0,"max_hp_gain":0.0,"max_hp_loss":0.0,"gold_gain":0.0,"event_name":"Accursed Blacksmith","player_choice":"Rummage","floor":11.0,"gold_loss":0.0,"damage_taken":0.0,"relics_obtained":["WarpedTongs"],"cards_obtained":["Pain"]},{"damage_healed":0.0,"max_hp_gain":0.0,"max_hp_loss":0.0,"gold_gain":50.0,"event_name":"Nest","player_choice":"Stole From Cult","floor":19.0,"gold_loss":0.0,"damage_taken":0.0},{"damage_healed":0.0,"max_hp_gain":0.0,"max_hp_loss":0.0,"gold_gain":0.0,"event_name":"Back to Basics","player_choice":"Simplicity","floor":20.0,"gold_loss":0.0,"damage_taken":0.0,"cards_upgraded":["Defend_G","Defend_G","Defend_G","Defend_G","Defend_G","Strike_G","Strike_G","Strike_G","Strike_G"]},{"damage_healed":0.0,"max_hp_gain":0.0,"max_hp_loss":0.0,"gold_gain":0.0,"event_name":"The Mausoleum","player_choice":"Opened","floor":21.0,"gold_loss":0.0,"damage_taken":0.0,"relics_obtained":["Bag of Preparation"],"cards_obtained":["Writhe"]},{"damage_healed":0.0,"max_hp_gain":0.0,"max_hp_loss":0.0,"gold_gain":0.0,"event_name":"Masked Bandits","player_choice":"Fought Bandits","floor":28.0,"gold_loss":0.0,"damage_taken":0.0},{"damage_healed":0.0,"max_hp_gain":0.0,"max_hp_loss":0.0,"gold_gain":0.0,"event_name":"Upgrade Shrine","player_choice":"Upgraded","floor":36.0,"gold_loss":0.0,"damage_taken":0.0,"cards_upgraded":["A Thousand Cuts"]},{"damage_healed":0.0,"max_hp_gain":0.0,"max_hp_loss":0.0,"gold_gain":0.0,"event_name":"FaceTrader","player_choice":"Trade","floor":38.0,"gold_loss":0.0,"damage_taken":0.0,"relics_obtained":["FaceOfCleric"]}],"is_beta":true,"boss_relics":[{"not_picked":["Lizard Tail","Velvet Choker"],"picked":"Snecko Eye"},{"not_picked":["Runic Pyramid","WristBlade"],"picked":"HoveringKite"}],"items_purged_floors":[22,39],"is_endless":false,"potions_floor_spawned":[1,3,13,14,24,28,31,37,45,47],"killed_by":"Time Eater","ascension_level":20}