{"path_per_floor":["M","?","M","M","M","E","M","E","T","R","E","M","?","?","R","B",null,"M","?","M","M","M","R","M","R","T","R","E","M","E","M","R"],"character_chosen":"DEFECT","items_purchased":[],"gold_per_floor":[114,114,133,143,156,188,199,231,257,257,292,308,308,308,308,404,404,424,674,687,705,724,724,738,738,765,765,796,811,839,858,858,858],"floor_reached":33,"campfire_rested":4,"playtime":4220,"item_purchase_floors":[],"current_hp_per_floor":[81,81,81,82,81,57,48,29,29,55,40,49,31,60,86,89,89,89,89,84,75,80,80,64,64,64,89,72,84,65,21,47,0],"items_purged":[],"gold":858,"score":327,"play_id":"f8216832-532b-4a68-b4ba-d746b7249f83","local_time":"20180603194524","is_prod":false,"is_daily":false,"chose_seed":false,"is_ascension_mode":true,"campfire_upgraded":2,"win_rate":0.0,"timestamp":1528047924,"campfire_choices":[{"floor":10,"key":"REST"},{"floor":15,"key":"REST"},{"data":"Redo","floor":23,"key":"SMITH"},{"data":"Electrodynamics","floor":25,"key":"SMITH"},{"floor":27,"key":"REST"},{"floor":32,"key":"REST"}],"path_taken":["M","?","M","M","M","E","M","E","T","R","E","M","?","?","R","BOSS","M","?","M","M","M","R","M","R","T","R","E","M","E","M","R","BOSS"],"build_version":"2018-05-31","seed_source_timestamp":52333985374874,"purchased_purges":0,"victory":false,"master_deck":["Strike_B","Strike_B","Strike_B","Strike_B","Defend_B+1","Defend_B","Defend_B","Defend_B","Zap+1","Dualcast","Self Repair","Redo+1","Doom and Gloom","Coolheaded","Melter+1","Barrage","Compile Driver","Cold Snap","Glacier","Chill","Static Discharge","Electrodynamics+1","Steam+1","Regret","Chaos","Coolheaded+1","Reinforced Body","Compile Driver+1","Darkness","Capacitor+1","Beam Cell","BootSequence+1","Machine Learning","Consume"],"max_hp_per_floor":[82,82,82,82,82,89,89,89,89,89,89,89,89,89,89,89,89,89,89,89,89,89,89,89,89,89,89,89,89,89,89,89,89],"relics":["Cracked Core","Strawberry","Dream Catcher","Potion Belt","Blood Vial","Nuclear Battery","Ancient Tea Set","Vajra","Question Card"],"card_choices":[{"not_picked":["Beam Cell","Double Energy"],"picked":"Self Repair","floor":1},{"not_picked":["Cold Snap","Doom and Gloom"],"picked":"Redo","floor":3},{"not_picked":["Fusion","Lockon"],"picked":"Doom and Gloom","floor":4},{"not_picked":["Hologram","Beam Cell"],"picked":"Coolheaded","floor":5},{"not_picked":["Go for the Eyes","Seek"],"picked":"Melter","floor":6},{"not_picked":["Steam","Steam Power"],"picked":"Barrage","floor":7},{"not_picked":["Coolheaded","Scrape"],"picked":"Compile Driver","floor":8},{"not_picked":["Gash","Reprogram"],"picked":"Cold Snap","floor":10},{"not_picked":["Steam Power","Go for the Eyes"],"picked":"Glacier","floor":11},{"not_picked":["Stack","Ball Lightning"],"picked":"Chill","floor":12},{"not_picked":["Scrape","Rebound"],"picked":"Static Discharge","floor":15},{"not_picked":["Amplify","Reboot"],"picked":"Electrodynamics","floor":16},{"not_picked":["Gash","Stack"],"picked":"Steam+1","floor":18},{"not_picked":["Rebound","Go for the Eyes"],"picked":"Chaos","floor":20},{"not_picked":["Barrage","Blizzard"],"picked":"Coolheaded+1","floor":21},{"not_picked":["Barrage","Conserve Battery"],"picked":"Reinforced Body","floor":22},{"not_picked":["Darkness","Conserve Battery"],"picked":"Compile Driver+1","floor":24},{"not_picked":["Steam","Coolheaded"],"picked":"Darkness","floor":27},{"not_picked":["Go for the Eyes","Chill"],"picked":"Capacitor+1","floor":28},{"not_picked":["Sweeping Beam","Reinforced Body"],"picked":"Beam Cell","floor":29},{"not_picked":["Coolheaded","Go for the Eyes"],"picked":"BootSequence+1","floor":30},{"not_picked":["Gash+1","Stack","Conserve Battery+1"],"picked":"Machine Learning","floor":31},{"not_picked":["Streamline","Compile Driver","Redo"],"picked":"Consume","floor":32}],"player_experience":554869,"potions_floor_usage":[18,18,20,21,22,24,29,29,33],"damage_taken":[{"damage":1,"enemies":"2 Louse","floor":1,"turns":3},{"damage":0,"enemies":"Cultist","floor":3,"turns":3},{"damage":6,"enemies":"Jaw Worm","floor":4,"turns":4},{"damage":8,"enemies":"Red Slaver","floor":5,"turns":3},{"damage":38,"enemies":"Lagavulin","floor":6,"turns":6},{"damage":16,"enemies":"Large Slime","floor":7,"turns":4},{"damage":26,"enemies":"3 Sentries","floor":8,"turns":7},{"damage":22,"enemies":"Lagavulin","floor":11,"turns":5},{"damage":0,"enemies":"Looter","floor":12,"turns":4},{"damage":5,"enemies":"The Guardian","floor":16,"turns":14},{"damage":0,"enemies":"3 Byrds","floor":18,"turns":4},{"damage":5,"enemies":"Spheric Guardian","floor":20,"turns":3},{"damage":11,"enemies":"Snecko","floor":21,"turns":6},{"damage":19,"enemies":"Snake Plant","floor":22,"turns":7},{"damage":25,"enemies":"Cultist and Chosen","floor":24,"turns":7},{"damage":24,"enemies":"Book of Stabbing","floor":28,"turns":5},{"damage":12,"enemies":"Slaver and Parasite","floor":29,"turns":8},{"damage":28,"enemies":"Gremlin Leader","floor":30,"turns":8},{"damage":53,"enemies":"Chosen and Byrds","floor":31,"turns":9},{"damage":55,"enemies":"Automaton","floor":33,"turns":12}],"relics_obtained":[{"floor":6,"key":"Strawberry"},{"floor":8,"key":"Dream Catcher"},{"floor":9,"key":"Potion Belt"},{"floor":11,"key":"Blood Vial"},{"floor":26,"key":"Ancient Tea Set"},{"floor":28,"key":"Vajra"},{"floor":30,"key":"Question Card"}],"event_choices":[{"event_name":"Living Wall","player_choice":"Grow","floor":2,"damage_taken":0},{"event_name":"Shining Light","player_choice":"Entered Light","floor":13,"damage_taken":0},{"event_name":"Big Fish","player_choice":"Banana","floor":14,"damage_taken":0},{"event_name":"Golden Shrine","player_choice":"Desecrate","floor":19,"damage_taken":0}],"boss_relics":[{"not_picked":["Lizard Tail","Snecko Eye"],"picked":"Nuclear Battery"}],"items_purged_floors":[],"potions_floor_spawned":[1,6,11,12,16,21,24,28,31],"seed_played":"7396883599489183850","killed_by":"Automaton","ascension_level":1,"potions_obtained":[{"floor":1,"key":"GamblersBrew"},{"floor":6,"key":"GamblersBrew"},{"floor":11,"key":"Swift Potion"},{"floor":12,"key":"Fire Potion"},{"floor":16,"key":"Weak Potion"},{"floor":21,"key":"Regen Potion"},{"floor":24,"key":"Regen Potion"},{"floor":28,"key":"Poison Potion"},{"floor":31,"key":"Strength Potion"}],"is_trial":false}