{"gold_per_floor":[117,129,54,64,84,84,96,121,171,171,171,171,186,201,201,306,306,321,339,239,254,265,293,293,293,293,312,187,187,187,187],"floor_reached":31,"playtime":1943,"items_purged":["Defend_R","Defend_R","Defend_R"],"score":388,"play_id":"eca9da14-fa0c-4705-bde4-6bffaada01c3","local_time":"20190117202624","is_ascension_mode":true,"campfire_choices":[{"data":"Uppercut","floor":6,"key":"SMITH"},{"floor":12,"key":"REST"},{"data":"Armaments","floor":15,"key":"SMITH"},{"floor":24,"key":"REST"},{"floor":29,"key":"REST"}],"neow_cost":"NONE","seed_source_timestamp":12441259941339055,"circlet_count":0,"master_deck":["Bash","Feel No Pain","Battle Trance","Uppercut+1","Flex","Shrug It Off","Armaments+1","Inflame+1","Anger+1","Armaments+1","Rage+1","Iron Wave","Evolve","Bite","Bite","Bite","Bite","Bite","Intimidate+1"],"relics":["Burning Blood","Pantograph","Strawberry","Astrolabe","Toxic Egg 2","Blue Candle"],"potions_floor_usage":[16,23,23,23,31],"damage_taken":[{"damage":11,"enemies":"Cultist","floor":1,"turns":4},{"damage":4,"enemies":"Small Slimes","floor":2,"turns":4},{"damage":14,"enemies":"2 Louse","floor":4,"turns":4},{"damage":13,"enemies":"Blue Slaver","floor":5,"turns":5},{"damage":7,"enemies":"Exordium Wildlife","floor":7,"turns":3},{"damage":35,"enemies":"Gremlin Nob","floor":8,"turns":5},{"damage":25,"enemies":"Large Slime","floor":13,"turns":6},{"damage":3,"enemies":"Looter","floor":14,"turns":3},{"damage":42,"enemies":"The Guardian","floor":16,"turns":13},{"damage":13,"enemies":"Spheric Guardian","floor":18,"turns":4},{"damage":18,"enemies":"2 Thieves","floor":19,"turns":4},{"damage":19,"enemies":"Snake Plant","floor":21,"turns":4},{"damage":0,"enemies":"Chosen and Byrds","floor":22,"turns":6},{"damage":37,"enemies":"Slavers","floor":23,"turns":6},{"damage":53,"enemies":"Snecko","floor":27,"turns":7},{"damage":69,"enemies":"Book of Stabbing","floor":31,"turns":6}],"seed_played":"-4463574940796427044","potions_obtained":[{"floor":2,"key":"Energy Potion"},{"floor":8,"key":"Strength Potion"},{"floor":13,"key":"Regen Potion"},{"floor":18,"key":"Explosive Potion"},{"floor":27,"key":"SkillPotion"}],"is_trial":false,"path_per_floor":["M","M","$","M","M","R","M","E","T","?","?","R","M","M","R","B",null,"M","M","$","M","M","E","R","?","T","M","$","R","?","E"],"character_chosen":"IRONCLAD","items_purchased":[],"campfire_rested":3,"item_purchase_floors":[],"current_hp_per_floor":[67,69,69,61,54,54,53,24,31,31,31,57,38,41,41,45,77,70,58,58,45,51,20,46,46,46,11,11,29,49,0],"gold":187,"neow_bonus":"THREE_CARDS","is_prod":false,"is_daily":false,"chose_seed":false,"campfire_upgraded":2,"win_rate":0,"timestamp":1547753184,"path_taken":["M","?","$","M","M","R","M","E","T","?","?","R","M","M","R","BOSS","M","M","$","M","M","E","R","?","T","M","$","R","?","E"],"build_version":"2019-01-10","purchased_purges":3,"victory":false,"max_hp_per_floor":[80,80,80,80,80,80,80,80,87,87,87,87,87,87,87,87,87,87,87,87,87,87,87,87,60,60,60,60,60,60,60],"card_choices":[{"not_picked":["Havoc","Clothesline"],"picked":"Feel No Pain","floor":0},{"not_picked":["Clash","Headbutt"],"picked":"Battle Trance","floor":1},{"not_picked":["Feel No Pain","Pummel","Body Slam"],"picked":"SKIP","floor":2},{"not_picked":["Infernal Blade","Body Slam"],"picked":"Uppercut","floor":4},{"not_picked":["Sever Soul","Thunderclap"],"picked":"Flex","floor":5},{"not_picked":["Seeing Red","Bloodletting","Clash"],"picked":"SKIP","floor":7},{"not_picked":["Whirlwind","Inflame","Offering"],"picked":"SKIP","floor":8},{"not_picked":["Bloodletting","Ghostly Armor"],"picked":"Shrug It Off","floor":13},{"not_picked":["Pommel Strike","Cleave"],"picked":"Armaments","floor":14},{"not_picked":["Twin Strike","Anger"],"picked":"Rage+1","floor":18},{"not_picked":["Wild Strike","Inflame+1"],"picked":"Iron Wave","floor":19},{"not_picked":["True Grit","Wild Strike","Clothesline+1"],"picked":"SKIP","floor":21},{"not_picked":["Offering","Heavy Blade+1"],"picked":"Evolve","floor":22},{"not_picked":["Pommel Strike+1","Carnage","Whirlwind"],"picked":"SKIP","floor":23},{"not_picked":["Thunderclap","Rupture"],"picked":"Intimidate+1","floor":27}],"player_experience":250171,"relics_obtained":[{"floor":8,"key":"Pantograph"},{"floor":9,"key":"Strawberry"},{"floor":23,"key":"Toxic Egg 2"},{"floor":26,"key":"Blue Candle"}],"event_choices":[{"damage_healed":0,"gold_gain":0,"player_choice":"Ignored","damage_taken":0,"max_hp_gain":0,"max_hp_loss":0,"event_name":"Shining Light","floor":10,"gold_loss":0},{"damage_healed":0,"gold_gain":0,"player_choice":"Ignored","damage_taken":0,"max_hp_gain":0,"max_hp_loss":0,"event_name":"Golden Idol","floor":11,"gold_loss":0},{"damage_healed":0,"gold_gain":0,"player_choice":"Became a vampire","damage_taken":0,"max_hp_gain":0,"max_hp_loss":27,"event_name":"Vampires","floor":25,"gold_loss":0,"cards_obtained":["Bite","Bite","Bite","Bite","Bite"]},{"damage_healed":20,"gold_gain":0,"player_choice":"Heal","damage_taken":0,"max_hp_gain":0,"max_hp_loss":0,"event_name":"The Library","floor":30,"gold_loss":0}],"is_beta":false,"boss_relics":[{"not_picked":["Orrery","Eternal Feather"],"picked":"Astrolabe"}],"items_purged_floors":[3,20,28],"is_endless":false,"potions_floor_spawned":[2,8,13,14,18,21,27],"killed_by":"Book of Stabbing","ascension_level":8}