{"path_per_floor":["M","M","M","?","?","E","R","E","T","M","M","M","?","M","R"],"character_chosen":"IRONCLAD","items_purchased":[],"gold_per_floor":[116,130,140,215,215,249,249,284,284,304,314,333,333,345,345,345],"floor_reached":16,"campfire_rested":1,"playtime":512,"current_hp_per_floor":[80,80,80,69,69,22,46,32,32,32,30,34,54,59,59,0],"items_purged":[],"gold":345,"score":143,"play_id":"1bc3b330-4045-4a2a-ba48-4e309bb20aed","local_time":"20180520001734","is_prod":false,"is_daily":false,"chose_seed":false,"is_ascension_mode":true,"campfire_upgraded":1,"timestamp":1526768254,"campfire_choices":[{"floor":7,"key":"REST"},{"data":"Armaments","floor":15,"key":"SMITH"}],"path_taken":["M","M","M","?","?","E","R","E","T","M","M","?","?","M","R","BOSS"],"build_version":"2018-05-17","seed_source_timestamp":486081578055215,"purchased_purges":0,"victory":false,"master_deck":["Strike_R","Strike_R","Strike_R","Strike_R","Strike_R","Defend_R","Defend_R","Defend_R","Defend_R","Bash","Combust+1","Armaments+1","Cleave","Iron Wave","Pummel","Rage","Thunderclap","Parasite","Rage"],"max_hp_per_floor":[80,80,80,80,80,80,80,80,80,80,80,80,80,80,80,80],"relics":["Burning Blood","NeowsBlessing","Blood Vial","Pantograph","Happy Flower"],"card_choices":[{"not_picked":["Perfected Strike","Shockwave"],"picked":"Combust","floor":1},{"not_picked":["Warcry","Seeing Red"],"picked":"Armaments","floor":2},{"not_picked":["Body Slam","Burning Pact"],"picked":"Cleave","floor":3},{"not_picked":["Limit Break","Twin Strike"],"picked":"Iron Wave","floor":6},{"not_picked":["Burning Pact","Feel No Pain"],"picked":"Pummel","floor":8},{"not_picked":["Clash","Bloodletting"],"picked":"Rage","floor":10},{"not_picked":["Sword Boomerang","Pommel Strike"],"picked":"Thunderclap","floor":11},{"not_picked":["Sword Boomerang","Havoc","Evolve"],"picked":"SKIP","floor":12},{"not_picked":["Whirlwind","Dual Wield"],"picked":"Rage","floor":14}],"player_experience":495599,"potions_floor_usage":[6,16,16],"damage_taken":[{"damage":0,"enemies":"Small Slimes","floor":1,"turns":1},{"damage":0,"enemies":"Jaw Worm","floor":2,"turns":1},{"damage":0,"enemies":"2 Louse","floor":3,"turns":1},{"damage":53,"enemies":"Lagavulin","floor":6,"turns":7},{"damage":22,"enemies":"Gremlin Nob","floor":8,"turns":4},{"damage":8,"enemies":"2 Fungi Beasts","floor":10,"turns":3},{"damage":10,"enemies":"Exordium Thugs","floor":11,"turns":5},{"damage":4,"enemies":"Looter","floor":12,"turns":3},{"damage":3,"enemies":"3 Louse","floor":14,"turns":2},{"damage":86,"enemies":"The Guardian","floor":16,"turns":11}],"relics_obtained":[{"floor":6,"key":"Blood Vial"},{"floor":8,"key":"Pantograph"},{"floor":9,"key":"Happy Flower"}],"event_choices":[{"event_name":"World of Goop","player_choice":"Gather Gold","floor":4,"damage_taken":0},{"event_name":"Living Wall","player_choice":"Grow","floor":5,"damage_taken":0},{"event_name":"Mushrooms","player_choice":"Healed and dodged fight","floor":13,"damage_taken":0}],"boss_relics":[],"potions_floor_spawned":[3,11,12],"seed_played":"-3736630606919762745","killed_by":"The Guardian","ascension_level":5,"potions_obtained":[{"floor":3,"key":"Block Potion"},{"floor":11,"key":"SpeedPotion"},{"floor":12,"key":"SpeedPotion"}],"is_trial":false}