{"gold_per_floor":[115,115,75,95,115,151,165,165,165,188,229,244,244,260,260,260],"floor_reached":16,"playtime":675,"items_purged":[],"score":165,"play_id":"f8fdc60e-7f9b-4a37-9ccd-363e4394e9c5","local_time":"20180907200627","is_ascension_mode":true,"campfire_choices":[{"data":"Envenom","floor":8,"key":"SMITH"},{"floor":13,"key":"REST"},{"data":"Backflip","floor":15,"key":"SMITH"}],"neow_cost":"NONE","seed_source_timestamp":585605085641335,"circlet_count":0,"master_deck":["Defend_G","Defend_G","Defend_G","Defend_G","Defend_G","Strike_G","Strike_G","Strike_G","Strike_G","Strike_G","Survivor","Neutralize","Backflip+1","Flying Knee","Quick Slash","Predator","Envenom+1","Choke","Bouncing Flask+1","Deflect+1"],"relics":["Velvet Choker","Golden Idol","Incense Burner","Singing Bowl","Toxic Egg 2"],"potions_floor_usage":[6,6,11,16],"damage_taken":[{"damage":4,"enemies":"Cultist","floor":1,"turns":4},{"damage":0,"enemies":"2 Louse","floor":4,"turns":3},{"damage":2,"enemies":"Jaw Worm","floor":5,"turns":4},{"damage":6,"enemies":"3 Sentries","floor":6,"turns":10},{"damage":5,"enemies":"Red Slaver","floor":7,"turns":3},{"damage":1,"enemies":"Blue Slaver","floor":10,"turns":3},{"damage":7,"enemies":"Lagavulin","floor":11,"turns":7},{"damage":11,"enemies":"Looter","floor":12,"turns":3},{"damage":7,"enemies":"Large Slime","floor":14,"turns":5},{"damage":44,"enemies":"Slime Boss","floor":16,"turns":10}],"seed_played":"4465026893177452843","potions_obtained":[{"floor":3,"key":"Poison Potion"},{"floor":3,"key":"Ancient Potion"},{"floor":3,"key":"Ancient Potion"},{"floor":4,"key":"EssenceOfSteel"},{"floor":5,"key":"GhostInAJar"},{"floor":7,"key":"Ancient Potion"},{"floor":14,"key":"SkillPotion"}],"is_trial":false,"path_per_floor":["M","?","?","M","M","E","M","R","T","M","E","M","R","M","R"],"character_chosen":"THE_SILENT","items_purchased":[],"campfire_rested":1,"item_purchase_floors":[],"current_hp_per_floor":[59,59,59,59,57,51,46,46,46,45,38,29,49,42,42,0],"gold":260,"neow_bonus":"BOSS_RELIC","is_prod":false,"is_daily":false,"chose_seed":false,"campfire_upgraded":2,"win_rate":0,"timestamp":1536343587,"path_taken":["M","?","?","M","M","E","M","R","T","M","E","M","R","M","R","BOSS"],"build_version":"2018-09-06","purchased_purges":0,"victory":false,"max_hp_per_floor":[70,65,65,65,65,65,65,65,65,65,65,67,67,67,67,67],"card_choices":[{"not_picked":["Blade Dance","Well Laid Plans"],"picked":"Backflip","floor":1},{"not_picked":["Cloak And Dagger","Deadly Poison"],"picked":"Flying Knee","floor":4},{"not_picked":["Dodge and Roll","Eviscerate"],"picked":"Quick Slash","floor":5},{"not_picked":["Bane","PiercingWail"],"picked":"Predator","floor":6},{"not_picked":["Sucker Punch","Bane"],"picked":"Envenom","floor":7},{"not_picked":["Blade Dance","PiercingWail"],"picked":"Choke","floor":10},{"not_picked":["Quick Slash","Underhanded Strike"],"picked":"Bouncing Flask","floor":11},{"not_picked":["Outmaneuver+1","Sucker Punch","Infinite Blades"],"picked":"Singing Bowl","floor":12},{"not_picked":["Slice","Endless Agony"],"picked":"Deflect+1","floor":14}],"player_experience":973741,"relics_obtained":[{"floor":6,"key":"Incense Burner"},{"floor":9,"key":"Singing Bowl"},{"floor":11,"key":"Toxic Egg 2"}],"event_choices":[{"event_name":"Golden Idol","player_choice":"Lose Max HP","floor":2,"damage_taken":0},{"event_name":"The Woman in Blue","player_choice":"Bought 3 Potions","floor":3,"damage_taken":0}],"is_beta":false,"boss_relics":[],"items_purged_floors":[],"is_endless":false,"potions_floor_spawned":[4,5,7,14],"killed_by":"Slime Boss","ascension_level":9}