{"path_per_floor":["M","?","$","M","M","E","?","R","T","R","$","R","?","M","R","B",null,"M","M"],"character_chosen":"IRONCLAD","items_purchased":["Searing Blow","Flame Barrier","Cleave"],"gold_per_floor":[111,111,6,17,37,68,68,68,68,68,41,41,41,60,60,190,190,210,223,223],"floor_reached":20,"campfire_rested":1,"playtime":498,"item_purchase_floors":[3,3,11],"current_hp_per_floor":[80,64,64,70,76,37,30,54,61,61,61,61,61,64,64,35,74,61,26,20],"items_purged":[],"gold":223,"score":215,"play_id":"0573792f-30a0-422e-a16b-9e7e6d5032b0","local_time":"20180525100904","is_prod":false,"is_daily":false,"chose_seed":false,"is_ascension_mode":true,"campfire_upgraded":3,"win_rate":0,"timestamp":1527235744,"campfire_choices":[{"floor":8,"key":"REST"},{"data":"Demon Form","floor":10,"key":"SMITH"},{"data":"Searing Blow","floor":12,"key":"SMITH"},{"data":"Searing Blow+1","floor":15,"key":"SMITH"}],"path_taken":["M","?","$","?","M","E","?","R","T","R","$","R","?","M","R","BOSS","M","M","M"],"build_version":"2018-05-24","seed_source_timestamp":86066396861800,"purchased_purges":0,"victory":false,"master_deck":["Strike_R","Strike_R","Strike_R","Strike_R","Defend_R","Defend_R+1","Defend_R","Defend_R","Bash","Wild Strike","Searing Blow+2","Flame Barrier","Wild Strike","Demon Form+1","Headbutt","Cleave","Injury","Immolate","Thunderclap+1","Shrug It Off"],"max_hp_per_floor":[80,80,80,80,80,80,80,80,87,87,87,87,87,87,87,87,87,87,87,87],"relics":["Burning Blood","NeowsBlessing","Toolbox","Strawberry","Golden Idol","Runic Pyramid"],"card_choices":[{"not_picked":["Clash","Uppercut"],"picked":"Wild Strike","floor":1},{"not_picked":["Rage","Flex"],"picked":"Wild Strike","floor":4},{"not_picked":["Sword Boomerang","Heavy Blade"],"picked":"Demon Form","floor":5},{"not_picked":["True Grit","Havoc"],"picked":"Headbutt","floor":6},{"not_picked":["Anger","Flex","Sword Boomerang"],"picked":"SKIP","floor":14},{"not_picked":["Brutality","Feed"],"picked":"Immolate","floor":16},{"not_picked":["Fire Breathing","Uppercut"],"picked":"Thunderclap+1","floor":18},{"not_picked":["Wild Strike","Heavy Blade"],"picked":"Shrug It Off","floor":19}],"player_experience":510852,"potions_floor_usage":[6,6,16],"damage_taken":[{"damage":0,"enemies":"2 Louse","floor":1,"turns":2},{"damage":0,"enemies":"Cultist","floor":4,"turns":1},{"damage":0,"enemies":"Jaw Worm","floor":5,"turns":1},{"damage":45,"enemies":"Lagavulin","floor":6,"turns":7},{"damage":3,"enemies":"Blue Slaver","floor":14,"turns":3},{"damage":35,"enemies":"Hexaghost","floor":16,"turns":7},{"damage":19,"enemies":"Spheric Guardian","floor":18,"turns":5},{"damage":41,"enemies":"Shell Parasite","floor":19,"turns":6},{"damage":10,"enemies":"Snecko","floor":20,"turns":4}],"relics_obtained":[{"floor":6,"key":"Toolbox"},{"floor":9,"key":"Strawberry"}],"event_choices":[{"event_name":"Shining Light","player_choice":"Entered Light","floor":2,"damage_taken":0},{"event_name":"Golden Wing","player_choice":"Card Removal","floor":7,"damage_taken":0},{"event_name":"Golden Idol","player_choice":"Take Wound","floor":13,"damage_taken":0}],"boss_relics":[{"not_picked":["Astrolabe","Cursed Key"],"picked":"Runic Pyramid"}],"items_purged_floors":[],"potions_floor_spawned":[4,5,6,19],"seed_played":"-3493253874525524234","killed_by":"Snecko","ascension_level":5,"potions_obtained":[{"floor":4,"key":"Dexterity Potion"},{"floor":5,"key":"SpeedPotion"},{"floor":6,"key":"EssenceOfSteel"},{"floor":19,"key":"Block Potion"}],"is_trial":false}