{"gold_per_floor":[112,112,123,123,123,123,149,149,149,71,102,117,129,89,89,192,192,210,221,9,24,37,37,68,68],"floor_reached":25,"playtime":4175,"items_purged":["Pain"],"score":323,"play_id":"c92b447d-f984-4793-89d3-dc8f70d99271","local_time":"20180818231440","is_ascension_mode":true,"campfire_choices":[{"floor":6.0,"key":"REST"},{"floor":8.0,"key":"REST"},{"floor":15.0,"key":"REST"},{"data":"White Noise","floor":23.0,"key":"SMITH"}],"neow_cost":"","seed_source_timestamp":349473978646319,"circlet_count":0,"master_deck":["Strike_B","Strike_B","Strike_B","Strike_B","Defend_B","Defend_B+1","Defend_B","Defend_B+1","Zap","Dualcast","Loop","Undo+1","White Noise+1","Sunder","Conserve Battery","Glacier","Barrage","Defragment","Electrodynamics","Doubt","Injury","Aggregate+1","Cold Snap","Self Repair","Flash of Steel","Reprogram+1","Darkness"],"special_seed":0,"relics":["Cracked Core","Strawberry","Bag of Preparation","Boot","Bronze Scales","Calling Bell","Anchor","Pantograph","Thread and Needle","War Paint"],"potions_floor_usage":[25],"damage_taken":[{"damage":7.0,"enemies":"Jaw Worm","floor":1.0,"turns":3.0},{"damage":20.0,"enemies":"2 Louse","floor":3.0,"turns":3.0},{"damage":24.0,"enemies":"3 Sentries","floor":7.0,"turns":8.0},{"damage":27.0,"enemies":"Lagavulin","floor":11.0,"turns":8.0},{"damage":0.0,"enemies":"Small Slimes","floor":12.0,"turns":2.0},{"damage":0.0,"enemies":"Exordium Thugs","floor":13.0,"turns":5.0},{"damage":3.0,"enemies":"The Guardian","floor":16.0,"turns":13.0},{"damage":2.0,"enemies":"3 Byrds","floor":18.0,"turns":3.0},{"damage":10.0,"enemies":"Shell Parasite","floor":19.0,"turns":7.0},{"damage":8.0,"enemies":"Snake Plant","floor":21.0,"turns":5.0},{"damage":15.0,"enemies":"Sentry and Sphere","floor":22.0,"turns":4.0},{"damage":27.0,"enemies":"Book of Stabbing","floor":24.0,"turns":5.0},{"damage":19,"enemies":"Snecko","floor":25,"turns":3}],"seed_played":"-3640100525388892977","potions_obtained":[{"floor":1.0,"key":"Strength Potion"},{"floor":3.0,"key":"Fire Potion"},{"floor":7.0,"key":"Strength Potion"},{"floor":16.0,"key":"Poison Potion"},{"floor":24.0,"key":"Swift Potion"}],"is_trial":false,"path_per_floor":["M","?","M","?","?","R","E","R","T","$","E","M","M","$","R","B",null,"M","M","$","M","M","R","E"],"character_chosen":"DEFECT","items_purchased":["Sunder","Defragment","Self Repair","Flash of Steel"],"campfire_rested":3,"item_purchase_floors":[10,14,20,20],"current_hp_per_floor":[61,68,48,32,32,56,32,56,56,56,29,29,29,29,53,50,74,72,62,62,61,46,46,19,0],"gold":68,"neow_bonus":"","is_prod":false,"is_daily":false,"chose_seed":false,"campfire_upgraded":1,"win_rate":0,"timestamp":1534626880,"path_taken":["M","?","M","?","?","R","E","R","T","$","E","?","M","?","R","BOSS","M","?","$","M","M","R","E","M"],"build_version":"2018-08-16","purchased_purges":1,"victory":false,"max_hp_per_floor":[75,82,82,82,82,82,82,82,82,82,82,82,82,82,82,82,82,82,82,82,82,82,82,82,82],"card_choices":[{"not_picked":["Streamline","Hologram"],"picked":"Loop","floor":1.0},{"not_picked":["Hologram","Redo"],"picked":"Undo","floor":3.0},{"not_picked":["Undo","Scrape"],"picked":"White Noise","floor":7.0},{"not_picked":["Steam","Streamline"],"picked":"Conserve Battery","floor":11.0},{"not_picked":["Conserve Battery","Hologram"],"picked":"Glacier","floor":12.0},{"not_picked":["Meteor Strike","Streamline"],"picked":"Barrage","floor":13.0},{"not_picked":["Meteor Strike","Seek"],"picked":"Electrodynamics","floor":16.0},{"not_picked":["Leap","Chaos"],"picked":"Aggregate+1","floor":18.0},{"not_picked":["Gash+1","Hologram"],"picked":"Cold Snap","floor":19.0},{"not_picked":["Melter","Barrage"],"picked":"Reprogram","floor":21.0},{"not_picked":["Go for the Eyes","Streamline"],"picked":"Darkness","floor":22.0},{"not_picked":["Redo","Sweeping Beam","Cold Snap"],"picked":"SKIP","floor":24.0}],"player_experience":895217,"relics_obtained":[{"floor":7.0,"key":"Bag of Preparation"},{"floor":9.0,"key":"Boot"},{"floor":11.0,"key":"Bronze Scales"},{"floor":17.0,"key":"Anchor"},{"floor":17.0,"key":"Pantograph"},{"floor":17.0,"key":"Thread and Needle"},{"floor":24.0,"key":"War Paint"}],"event_choices":[{"event_name":"Big Fish","player_choice":"Box","floor":2.0,"damage_taken":0.0},{"event_name":"Shining Light","player_choice":"Entered Light","floor":4.0,"damage_taken":0.0},{"event_name":"Living Wall","player_choice":"Forget","floor":5.0,"damage_taken":0.0}],"is_beta":false,"boss_relics":[{"not_picked":["Philosopher\u0027s Stone","Tiny House"],"picked":"Calling Bell"}],"items_purged_floors":[20],"is_endless":false,"potions_floor_spawned":[1,3,7,16,24],"killed_by":"Snecko","ascension_level":8}