{"gold_per_floor":[115,115,129,145,320,320,353,370,416,442,36,36,70,70,70,172,172,187,187,187,207,207,207,226,226],"floor_reached":25,"playtime":718,"items_purged":["Doubt"],"score":364,"play_id":"128615fd-9a3e-46c3-b9f7-d7f822eee77e","local_time":"20190109185623","is_ascension_mode":true,"campfire_choices":[{"data":"Disarm","floor":6,"key":"SMITH"},{"floor":12,"key":"REST"},{"data":"Infernal Blade","floor":15,"key":"SMITH"},{"data":"Infernal Blade","floor":23,"key":"SMITH"}],"neow_cost":"NONE","seed_source_timestamp":1144873565332214,"circlet_count":0,"master_deck":["AscendersBane","Defend_R","Defend_R","Defend_R","Defend_R","Bash","Inflame+1","Sever Soul","Disarm+1","Pommel Strike","Heavy Blade","Armaments","Master of Strategy","Anger","Infernal Blade+1","Purity","Bludgeon","Iron Wave","J.A.X.","Infernal Blade+1","Bite","Bite","Bite","Bite","Bite","Spot Weakness"],"relics":["Burning Blood","NeowsBlessing","Bottled Flame","Orichalcum","PreservedInsect","Potion Belt","Vajra","White Beast Statue","Champion Belt"],"potions_floor_usage":[16,18,18],"damage_taken":[{"damage":0,"enemies":"Small Slimes","floor":1,"turns":1},{"damage":0,"enemies":"Cultist","floor":3,"turns":1},{"damage":0,"enemies":"Jaw Worm","floor":4,"turns":1},{"damage":45,"enemies":"3 Sentries","floor":7,"turns":8},{"damage":10,"enemies":"2 Fungi Beasts","floor":8,"turns":4},{"damage":22,"enemies":"Lagavulin","floor":10,"turns":7},{"damage":8,"enemies":"3 Sentries","floor":13,"turns":5},{"damage":18,"enemies":"Hexaghost","floor":16,"turns":8},{"damage":6,"enemies":"Chosen","floor":18,"turns":4},{"damage":6,"enemies":"2 Thieves","floor":21,"turns":3},{"damage":20,"enemies":"Snecko","floor":24,"turns":5},{"damage":1,"enemies":"3 Cultists","floor":25,"turns":3}],"seed_played":"-448219623371760371","potions_obtained":[{"floor":4,"key":"SmokeBomb"},{"floor":7,"key":"GamblersBrew"},{"floor":8,"key":"GamblersBrew"},{"floor":10,"key":"Weak Potion"},{"floor":16,"key":"Regen Potion"},{"floor":18,"key":"SpeedPotion"},{"floor":21,"key":"GamblersBrew"},{"floor":24,"key":"SpeedPotion"}],"is_trial":false,"path_per_floor":["M","?","M","M","?","R","E","M","T","E","$","R","E","?","R","B",null,"M","?","?","M","?","R","M","M"],"character_chosen":"IRONCLAD","items_purchased":["Potion Belt","Master of Strategy"],"campfire_rested":1,"item_purchase_floors":[11,11],"current_hp_per_floor":[78,78,80,80,80,80,41,37,37,21,21,45,43,43,43,31,68,73,73,73,73,56,56,44,49],"gold":226,"neow_bonus":"THREE_ENEMY_KILL","is_prod":false,"is_daily":false,"chose_seed":false,"campfire_upgraded":3,"win_rate":0,"timestamp":1547056583,"path_taken":["M","?","M","M","?","R","E","M","T","E","$","R","E","?","R","BOSS","M","?","?","M","?","R","M","M"],"build_version":"2019-01-03v4","purchased_purges":1,"victory":false,"max_hp_per_floor":[80,80,80,80,80,80,80,80,80,80,80,80,80,80,80,80,80,80,80,80,80,56,56,56,56],"card_choices":[{"not_picked":["Havoc","Burning Pact"],"picked":"Inflame","floor":1},{"not_picked":["Searing Blow","Flex"],"picked":"Sever Soul","floor":3},{"not_picked":["Dropkick","Sever Soul"],"picked":"Disarm","floor":4},{"not_picked":["Warcry","Perfected Strike"],"picked":"Pommel Strike","floor":7},{"not_picked":["Bloodletting","Thunderclap"],"picked":"Heavy Blade","floor":8},{"not_picked":["Headbutt","Dark Embrace"],"picked":"Armaments","floor":10},{"not_picked":["Body Slam","Hemokinesis"],"picked":"Anger","floor":13},{"not_picked":["Demon Form","Dark Embrace"],"picked":"Bludgeon","floor":16},{"not_picked":["Carnage+1","Clothesline"],"picked":"Iron Wave","floor":18},{"not_picked":["Armaments","Shockwave"],"picked":"Infernal Blade","floor":21},{"not_picked":["Havoc","Heavy Blade"],"picked":"Spot Weakness","floor":24}],"player_experience":1929396,"relics_obtained":[{"floor":7,"key":"Bottled Flame"},{"floor":9,"key":"Orichalcum"},{"floor":10,"key":"PreservedInsect"},{"floor":13,"key":"Vajra"}],"event_choices":[{"damage_healed":0,"gold_gain":0,"player_choice":"Grow","damage_taken":0,"max_hp_gain":0,"max_hp_loss":0,"event_name":"Living Wall","floor":2,"gold_loss":0,"cards_upgraded":["Inflame"]},{"damage_healed":0,"gold_gain":175,"player_choice":"AGREE","damage_taken":0,"max_hp_gain":0,"max_hp_loss":0,"event_name":"Liars Game","floor":5,"gold_loss":0,"cards_obtained":["Doubt"]},{"damage_healed":0,"gold_gain":0,"player_choice":"2 cards matched","damage_taken":0,"max_hp_gain":0,"max_hp_loss":0,"event_name":"Match and Keep!","floor":14,"gold_loss":0,"cards_obtained":["Infernal Blade","Purity"]},{"damage_healed":0,"gold_gain":0,"player_choice":"Obtain J.A.X.","damage_taken":0,"max_hp_gain":0,"max_hp_loss":0,"event_name":"Drug Dealer","floor":19,"gold_loss":0,"cards_obtained":["J.A.X."]},{"damage_healed":0,"gold_gain":0,"player_choice":"Opened","damage_taken":0,"relics_obtained":["Champion Belt"],"max_hp_gain":0,"max_hp_loss":0,"event_name":"The Mausoleum","floor":20,"gold_loss":0},{"damage_healed":0,"gold_gain":0,"player_choice":"Became a vampire","damage_taken":0,"max_hp_gain":0,"max_hp_loss":24,"event_name":"Vampires","floor":22,"gold_loss":0,"cards_obtained":["Bite","Bite","Bite","Bite","Bite"]}],"is_beta":false,"boss_relics":[{"not_picked":["Runic Cube","Astrolabe"],"picked":"White Beast Statue"}],"items_purged_floors":[11],"is_endless":false,"potions_floor_spawned":[4,7,8,10,16,18,21,24],"killed_by":"3 Cultists","ascension_level":11}