{"gold_per_floor":[118,131,149,165,1,1,17,41,88,98,98,115,115,62,62,62],"floor_reached":16,"playtime":553,"items_purged":[],"score":183,"play_id":"c23977ce-34d0-4d10-9a9b-806d05ae6c4f","local_time":"20190220134658","is_ascension_mode":true,"campfire_choices":[{"floor":6.0,"key":"REST"},{"data":"Zap","floor":11,"key":"SMITH"},{"data":"Go for the Eyes","floor":13,"key":"SMITH"},{"floor":15,"key":"REST"}],"neow_cost":"NONE","seed_source_timestamp":243595305689000,"circlet_count":0,"master_deck":["AscendersBane","Strike_B","Strike_B","Strike_B","Strike_B","Defend_B","Defend_B","Defend_B","Defend_B","Zap+1","Dualcast","Barrage","Genetic Algorithm","Sweeping Beam","Go for the Eyes+1","Cold Snap","Ball Lightning","Steam","Conserve Battery","Glacier"],"special_seed":0,"relics":["Cracked Core","Lantern","Anchor","Odd Mushroom","Dream Catcher"],"potions_floor_usage":[16,16],"damage_taken":[{"damage":0.0,"enemies":"Cultist","floor":1.0,"turns":3.0},{"damage":2.0,"enemies":"Jaw Worm","floor":2.0,"turns":2.0},{"damage":2.0,"enemies":"Small Slimes","floor":3.0,"turns":3.0},{"damage":36.0,"enemies":"Exordium Thugs","floor":4.0,"turns":4.0},{"damage":8,"enemies":"Lots of Slimes","floor":7,"turns":3},{"damage":7,"enemies":"The Mushroom Lair","floor":8,"turns":4},{"damage":0,"enemies":"3 Louse","floor":10,"turns":2},{"damage":3,"enemies":"Exordium Thugs","floor":12,"turns":4},{"damage":56,"enemies":"Hexaghost","floor":16,"turns":14}],"seed_played":"7282345114241519911","potions_obtained":[{"floor":3.0,"key":"Dexterity Potion"},{"floor":4.0,"key":"Dexterity Potion"}],"is_trial":false,"path_per_floor":["M","M","M","M","$","R","M","?","T","M","R","M","R","?","R","B"],"character_chosen":"DEFECT","items_purchased":["Anchor"],"campfire_rested":2,"item_purchase_floors":[5],"current_hp_per_floor":[64,62,60,24,24,45,37,30,30,30,30,27,27,27,48,0],"gold":62,"neow_bonus":"RANDOM_COMMON_RELIC","is_prod":false,"is_daily":false,"chose_seed":false,"campfire_upgraded":2,"win_rate":0,"timestamp":1550688418,"path_taken":["M","M","M","M","$","R","M","?","T","M","R","M","R","?","R","BOSS"],"build_version":"2019-01-23","purchased_purges":0,"victory":false,"max_hp_per_floor":[71,71,71,71,71,71,71,71,71,71,71,71,71,71,71,71],"card_choices":[{"not_picked":["Fusion","Stack"],"picked":"Barrage","floor":1.0},{"not_picked":["Auto Shields","Recycle"],"picked":"Genetic Algorithm","floor":2.0},{"not_picked":["BootSequence","Redo"],"picked":"Sweeping Beam","floor":3.0},{"not_picked":["Melter","White Noise"],"picked":"Go for the Eyes","floor":4.0},{"not_picked":["Blizzard","Reprogram"],"picked":"Cold Snap","floor":7},{"not_picked":["Coolheaded","Turbo"],"picked":"Ball Lightning","floor":8},{"not_picked":["Go for the Eyes","Rebound"],"picked":"Steam","floor":10},{"not_picked":["Turbo","Gash"],"picked":"Conserve Battery","floor":12},{"not_picked":["Ball Lightning","Fission"],"picked":"Glacier","floor":15}],"player_experience":1247706,"relics_obtained":[{"floor":8,"key":"Odd Mushroom"},{"floor":9,"key":"Dream Catcher"}],"event_choices":[{"damage_healed":0,"gold_gain":0,"player_choice":"Fought Mushrooms","damage_taken":0,"max_hp_gain":0,"max_hp_loss":0,"event_name":"Mushrooms","floor":8,"gold_loss":0},{"damage_healed":0,"gold_gain":0,"player_choice":"Left Gold","damage_taken":0,"max_hp_gain":0,"max_hp_loss":0,"event_name":"World of Goop","floor":14,"gold_loss":53}],"is_beta":false,"boss_relics":[],"items_purged_floors":[],"is_endless":false,"potions_floor_spawned":[3,4,8],"killed_by":"Hexaghost","ascension_level":19}