{"gold_per_floor":[115,190,190,190,416,449,475,507,519,8,8,8],"floor_reached":12,"playtime":6627,"items_purged":[],"score":162,"play_id":"f3c535dd-20c0-4905-8647-107ec9b2b155","local_time":"20190123140240","is_ascension_mode":true,"campfire_choices":[{"data":"Apotheosis","floor":11,"key":"SMITH"}],"neow_cost":"NONE","seed_source_timestamp":1159684568225592,"circlet_count":0,"master_deck":["AscendersBane","Defend_G","Defend_G","Defend_G+1","Defend_G","Defend_G","Strike_G","Strike_G","Strike_G","Strike_G","Strike_G+1","Survivor","Neutralize","Quick Slash","Cloak And Dagger","Burst","Blade Dance","Apotheosis+1","Accuracy"],"relics":["Ring of the Snake","NeowsBlessing","Golden Idol","Old Coin","MawBank","Prayer Wheel","WingedGreaves"],"potions_floor_usage":[],"damage_taken":[{"damage":0,"enemies":"2 Louse","floor":1,"turns":1},{"damage":0,"enemies":"3 Sentries","floor":6,"turns":1},{"damage":0,"enemies":"Jaw Worm","floor":7,"turns":1},{"damage":2,"enemies":"Small Slimes","floor":8,"turns":4},{"damage":3,"enemies":"Gremlin Gang","floor":12,"turns":3}],"seed_played":"7011072654119535901","potions_obtained":[],"is_trial":false,"path_per_floor":["M","?","?","?","?","E","M","M","T","$","R","M"],"character_chosen":"THE_SILENT","items_purchased":["Apotheosis","Accuracy","WingedGreaves"],"campfire_rested":0,"item_purchase_floors":[10,10,10],"current_hp_per_floor":[63,52,38,38,38,38,38,36,36,36,36,33],"gold":8,"neow_bonus":"THREE_ENEMY_KILL","is_prod":false,"is_daily":false,"chose_seed":false,"campfire_upgraded":1,"win_rate":0,"timestamp":1548248560,"path_taken":["M","?","?","?","?","E","?","M","T","$","R","M"],"build_version":"2019-01-17v2","purchased_purges":0,"victory":false,"max_hp_per_floor":[70,70,70,65,65,65,65,65,65,65,65,65],"card_choices":[{"not_picked":["Sucker Punch","Prepared"],"picked":"Quick Slash","floor":1},{"not_picked":["Acrobatics","Blade Dance"],"picked":"Cloak And Dagger","floor":6},{"not_picked":["Concentrate","Deflect"],"picked":"Burst","floor":7},{"not_picked":["Quick Slash","Expertise"],"picked":"Blade Dance","floor":8}],"player_experience":2020301,"relics_obtained":[{"floor":6,"key":"MawBank"},{"floor":9,"key":"Prayer Wheel"}],"event_choices":[{"damage_healed":0,"gold_gain":75,"player_choice":"Gather Gold","damage_taken":11,"max_hp_gain":0,"max_hp_loss":0,"event_name":"World of Goop","floor":2,"gold_loss":0},{"damage_healed":0,"gold_gain":0,"player_choice":"Entered Light","damage_taken":14,"max_hp_gain":0,"max_hp_loss":0,"event_name":"Shining Light","floor":3,"gold_loss":0,"cards_upgraded":["Strike_G","Defend_G"]},{"damage_healed":0,"gold_gain":0,"player_choice":"Lose Max HP","damage_taken":0,"relics_obtained":["Golden Idol"],"max_hp_gain":0,"max_hp_loss":5,"event_name":"Golden Idol","floor":4,"gold_loss":0},{"damage_healed":0,"gold_gain":0,"player_choice":"Paid Gold","damage_taken":0,"relics_obtained":["Old Coin"],"max_hp_gain":0,"max_hp_loss":0,"event_name":"WeMeetAgain","floor":5,"gold_loss":74}],"is_beta":false,"boss_relics":[],"items_purged_floors":[],"is_endless":false,"potions_floor_spawned":[],"killed_by":"Gremlin Gang","ascension_level":12}