{"gold_per_floor":[114,8,8,20,20,20,47,47,121,147,166,195,195,195,195,274,274,286,296,296,296,296,47,47,72,125,125,152,152,152,164,164,241,241,252,22,22,39,57,57,82,82,82,82,116,131,161,161,161,161,161],"floor_reached":51,"playtime":12442,"items_purged":[],"score":1575,"play_id":"ea9e98a8-51a2-4628-988b-bd040a49700b","local_time":"20181216010701","is_ascension_mode":true,"campfire_choices":[{"data":"Sunder","floor":6.0,"key":"SMITH"},{"data":"Zap","floor":8.0,"key":"SMITH"},{"data":"Defragment","floor":15.0,"key":"SMITH"},{"floor":24.0,"key":"REST"},{"floor":27.0,"key":"RECALL"},{"floor":29.0,"key":"REST"},{"floor":32.0,"key":"REST"},{"floor":40.0,"key":"REST"},{"floor":42.0,"key":"REST"},{"floor":44.0,"key":"REST"},{"floor":49.0,"key":"REST"}],"neow_cost":"NONE","seed_source_timestamp":496122003210755,"circlet_count":0,"master_deck":["AscendersBane","Strike_B+1","Strike_B+1","Strike_B+1","Strike_B+1","Defend_B+1","Defend_B+1","Defend_B+1","Defend_B+1","Zap+1","Sunder+1","Defragment+1","Conserve Battery","Beam Cell","Go for the Eyes","Loop+1","Go for the Eyes","Cold Snap","Creative AI+1","Hologram","Hologram","Ghostly","Ghostly","Ghostly","Force Field","Capacitor+1","Chill","Biased Cognition+1","Cold Snap+1","FTL","Coolheaded+1","Cold Snap+1","Biased Cognition+1","Loop+1","Consume"],"special_seed":0,"relics":["Cracked Core","NeowsBlessing","Regal Pillow","Shuriken","Frozen Egg 2","Centennial Puzzle","Odd Mushroom","Mercury Hourglass","Fusion Hammer","Runic Capacitor","Anchor","Ancient Tea Set","Pear","Orrery","DollysMirror","Nunchaku","Ornamental Fan","Juzu Bracelet"],"potions_floor_usage":[51],"damage_taken":[{"damage":0.0,"enemies":"Cultist","floor":1.0,"turns":1.0},{"damage":0.0,"enemies":"2 Louse","floor":4.0,"turns":1.0},{"damage":0.0,"enemies":"Gremlin Nob","floor":7.0,"turns":1.0},{"damage":15.0,"enemies":"Lagavulin","floor":10.0,"turns":4.0},{"damage":12.0,"enemies":"Jaw Worm","floor":11.0,"turns":2.0},{"damage":9.0,"enemies":"The Mushroom Lair","floor":12.0,"turns":3.0},{"damage":7.0,"enemies":"Hexaghost","floor":16.0,"turns":6.0},{"damage":18.0,"enemies":"2 Thieves","floor":18.0,"turns":4.0},{"damage":20.0,"enemies":"3 Byrds","floor":19.0,"turns":3.0},{"damage":3.0,"enemies":"Colosseum Slavers","floor":22.0,"turns":3.0},{"damage":13.0,"enemies":"Slavers","floor":25.0,"turns":6.0},{"damage":20.0,"enemies":"Book of Stabbing","floor":28.0,"turns":6.0},{"damage":0.0,"enemies":"Centurion and Healer","floor":31.0,"turns":6.0},{"damage":17.0,"enemies":"Automaton","floor":33.0,"turns":9.0},{"damage":0.0,"enemies":"3 Shapes","floor":35.0,"turns":5.0},{"damage":0.0,"enemies":"Orb Walker","floor":38.0,"turns":4.0},{"damage":2.0,"enemies":"Transient","floor":39.0,"turns":6.0},{"damage":19.0,"enemies":"Nemesis","floor":41.0,"turns":11.0},{"damage":23.0,"enemies":"Reptomancer","floor":45.0,"turns":6.0},{"damage":0.0,"enemies":"Maw","floor":46.0,"turns":6.0},{"damage":0.0,"enemies":"Giant Head","floor":47.0,"turns":10.0},{"damage":21,"enemies":"Time Eater","floor":50,"turns":19},{"damage":28,"enemies":"Awakened One","floor":51,"turns":5}],"seed_played":"-8887820452524600250","potions_obtained":[{"floor":1.0,"key":"FearPotion"},{"floor":7.0,"key":"Block Potion"},{"floor":12.0,"key":"LiquidBronze"},{"floor":19.0,"key":"Block Potion"},{"floor":28.0,"key":"SteroidPotion"},{"floor":31.0,"key":"Block Potion"}],"is_trial":false,"path_per_floor":["M","$","?","M","$","R","E","R","T","E","M","?","?","T","R","B",null,"M","M","?","?","?","$","R","E","T","R","E","R","$","M","R","B",null,"M","$","?","M","M","R","E","R","T","R","E","M","E","?","R","B","B"],"character_chosen":"DEFECT","items_purchased":["Defragment","Conserve Battery","Runic Capacitor","Force Field","DollysMirror"],"campfire_rested":7,"item_purchase_floors":[2,2,23,23,36],"current_hp_per_floor":[64,64,64,64,64,64,64,64,64,49,37,28,21,21,21,14,57,39,19,19,19,16,16,35,22,22,22,12,40,40,40,45,28,41,41,41,41,41,39,45,26,45,45,45,22,22,22,22,45,24,0],"gold":161,"neow_bonus":"THREE_ENEMY_KILL","is_prod":false,"is_daily":false,"chose_seed":false,"campfire_upgraded":3,"win_rate":0,"timestamp":1544940421,"path_taken":["M","?","?","?","$","R","E","R","T","E","M","?","?","?","R","BOSS","M","M","?","?","?","?","R","E","T","R","E","R","$","M","R","BOSS","M","$","?","?","M","R","E","R","T","R","E","M","E","?","R","BOSS","BOSS"],"build_version":"2018-12-13","purchased_purges":0,"victory":false,"max_hp_per_floor":[71,71,71,71,71,71,71,71,71,71,71,71,71,71,71,71,71,71,71,71,35,35,35,35,35,35,35,45,45,45,45,45,45,45,45,45,45,45,45,45,45,45,45,45,45,45,45,45,45,45,45],"card_choices":[{"not_picked":["Coolheaded","Sweeping Beam"],"picked":"Sunder","floor":1.0},{"not_picked":["Sweeping Beam","Lockon"],"picked":"Beam Cell","floor":4.0},{"not_picked":["Consume","Chill"],"picked":"Go for the Eyes","floor":7.0},{"not_picked":["Stack","Rebound"],"picked":"Loop+1","floor":10.0},{"not_picked":["Leap","Beam Cell"],"picked":"Go for the Eyes","floor":11.0},{"not_picked":["Sweeping Beam","Steam"],"picked":"Cold Snap","floor":12.0},{"not_picked":["Amplify","Buffer+1"],"picked":"Creative AI+1","floor":16.0},{"not_picked":["Steam","Turbo"],"picked":"Hologram","floor":18.0},{"not_picked":["Gash","Rip and Tear"],"picked":"Hologram","floor":19.0},{"not_picked":["Conserve Battery","Barrage"],"picked":"Capacitor+1","floor":25.0},{"not_picked":["Streamline","Barrage"],"picked":"Chill","floor":28.0},{"not_picked":["Capacitor+1","Recycle"],"picked":"Biased Cognition+1","floor":31.0},{"not_picked":["Go for the Eyes","Beam Cell"],"picked":"Cold Snap+1","floor":34.0},{"not_picked":["Redo","Steam Power"],"picked":"FTL","floor":34.0},{"not_picked":["Leap+1","Heatsinks+1"],"picked":"Coolheaded+1","floor":34.0},{"not_picked":["Reboot","Beam Cell"],"picked":"Cold Snap+1","floor":35.0},{"not_picked":["Redo+1","Conserve Battery"],"picked":"Loop+1","floor":38.0},{"not_picked":["Tempest+1","Reprogram","BootSequence"],"picked":"SKIP","floor":39.0},{"not_picked":["Leap","Blizzard","Sweeping Beam+1"],"picked":"SKIP","floor":41.0},{"not_picked":["Leap","Go for the Eyes"],"picked":"Consume","floor":45.0},{"not_picked":["Compile Driver","Recycle","Leap"],"picked":"SKIP","floor":46.0},{"not_picked":["Sweeping Beam+1","Hello World+1","Double Energy"],"picked":"SKIP","floor":47.0}],"player_experience":1244591,"relics_obtained":[{"floor":7.0,"key":"Shuriken"},{"floor":9.0,"key":"Frozen Egg 2"},{"floor":10.0,"key":"Centennial Puzzle"},{"floor":12.0,"key":"Odd Mushroom"},{"floor":14.0,"key":"Mercury Hourglass"},{"floor":25.0,"key":"Anchor"},{"floor":26.0,"key":"Ancient Tea Set"},{"floor":28.0,"key":"Pear"},{"floor":41.0,"key":"Nunchaku"},{"floor":45.0,"key":"Ornamental Fan"},{"floor":47.0,"key":"Juzu Bracelet"}],"event_choices":[{"damage_healed":0.0,"max_hp_gain":0.0,"max_hp_loss":0.0,"gold_gain":0.0,"event_name":"Big Fish","player_choice":"Box","floor":3.0,"gold_loss":0.0,"damage_taken":0.0,"relics_obtained":["Regal Pillow"],"cards_obtained":["Regret"]},{"damage_healed":0.0,"max_hp_gain":0.0,"max_hp_loss":0.0,"gold_gain":0.0,"event_name":"Mushrooms","player_choice":"Fought Mushrooms","floor":12.0,"gold_loss":0.0,"damage_taken":0.0},{"cards_removed":["Regret"],"damage_healed":0.0,"max_hp_gain":0.0,"max_hp_loss":0.0,"gold_gain":0.0,"event_name":"Golden Wing","player_choice":"Card Removal","floor":13.0,"gold_loss":0.0,"damage_taken":7.0},{"damage_healed":0.0,"max_hp_gain":0.0,"max_hp_loss":0.0,"gold_gain":0.0,"event_name":"Back to Basics","player_choice":"Simplicity","floor":20.0,"gold_loss":0.0,"damage_taken":0.0,"cards_upgraded":["Strike_B","Strike_B","Strike_B","Strike_B","Defend_B","Defend_B","Defend_B","Defend_B"]},{"damage_healed":0.0,"max_hp_gain":0.0,"max_hp_loss":36.0,"gold_gain":0.0,"event_name":"Ghosts","player_choice":"Became a Ghost","floor":21.0,"gold_loss":0.0,"damage_taken":0.0,"cards_obtained":["Ghostly","Ghostly","Ghostly"]},{"damage_healed":0.0,"max_hp_gain":0.0,"max_hp_loss":0.0,"gold_gain":0.0,"event_name":"Colosseum","player_choice":"Fight","floor":22.0,"gold_loss":0.0,"damage_taken":0.0},{"damage_healed":0.0,"max_hp_gain":0.0,"max_hp_loss":0.0,"gold_gain":0.0,"event_name":"Colosseum","player_choice":"Fled From Nobs","floor":22.0,"gold_loss":0.0,"damage_taken":0.0},{"cards_removed":["Dualcast"],"damage_healed":0.0,"max_hp_gain":0.0,"max_hp_loss":0.0,"gold_gain":0.0,"event_name":"Purifier","player_choice":"Purged","floor":37.0,"gold_loss":0.0,"damage_taken":0.0},{"damage_healed":0.0,"max_hp_gain":0.0,"max_hp_loss":0.0,"gold_gain":0.0,"event_name":"The Moai Head","player_choice":"Ignored","floor":48.0,"gold_loss":0.0,"damage_taken":0.0}],"is_beta":true,"boss_relics":[{"not_picked":["Calling Bell","Nuclear Battery"],"picked":"Fusion Hammer"},{"not_picked":["Philosopher\u0027s Stone","Cursed Key"],"picked":"Orrery"}],"items_purged_floors":[],"is_endless":false,"potions_floor_spawned":[1,7,12,19,22,28,31,39],"killed_by":"Awakened One","ascension_level":20}