{"gold_per_floor":[110,110,130,130,305,305,339,339,362,362,362,372,387,413,413,511,511,525,282,301,332,342,342,369,379,379,379,379,394,53,53],"floor_reached":31,"playtime":7530,"items_purged":[],"score":432,"play_id":"6c5edb65-4118-4e9c-8487-0375cb058a4f","local_time":"20181201131145","is_ascension_mode":true,"campfire_choices":[{"data":"Dash","floor":6,"key":"SMITH"},{"data":"Venomology","floor":8,"key":"SMITH"},{"data":"Poisoned Stab","floor":15,"key":"SMITH"},{"data":"Envenom","floor":23,"key":"SMITH"},{"floor":27,"key":"REST"}],"neow_cost":"NONE","seed_source_timestamp":1172849822540718,"circlet_count":0,"master_deck":["AscendersBane","Defend_G","Defend_G","Defend_G","Strike_G+1","Strike_G","Strike_G","Survivor+1","Neutralize","Skewer+1","Acrobatics+1","Corpse Explosion+1","Dodge and Roll","Dash+1","Venomology+1","Neutralize","Jack Of All Trades","Well Laid Plans","Poisoned Stab+1","Envenom+1","PiercingWail","Dagger Spray","Caltrops","Cloak And Dagger","Doppelganger","Poisoned Stab+1","Dodge and Roll","Apotheosis"],"relics":["Astrolabe","Mercury Hourglass","Juzu Bracelet","PreservedInsect","Philosopher\u0027s Stone","Shuriken","Red Mask","Omamori","Pen Nib","Strawberry"],"potions_floor_usage":[14,14,14,16,18,18,21,21,22,24,24,29,31],"damage_taken":[{"damage":0,"enemies":"Jaw Worm","floor":1,"turns":4},{"damage":2,"enemies":"Cultist","floor":3,"turns":5},{"damage":14,"enemies":"3 Sentries","floor":7,"turns":3},{"damage":0,"enemies":"Small Slimes","floor":12,"turns":3},{"damage":0,"enemies":"2 Fungi Beasts","floor":13,"turns":2},{"damage":0,"enemies":"Gremlin Nob","floor":14,"turns":3},{"damage":5,"enemies":"Hexaghost","floor":16,"turns":9},{"damage":17,"enemies":"Shell Parasite","floor":18,"turns":6},{"damage":0,"enemies":"Chosen","floor":20,"turns":5},{"damage":10,"enemies":"Masked Bandits","floor":21,"turns":2},{"damage":0,"enemies":"Centurion and Healer","floor":22,"turns":4},{"damage":9,"enemies":"Gremlin Leader","floor":24,"turns":5},{"damage":13,"enemies":"Snake Plant","floor":25,"turns":4},{"damage":32,"enemies":"Snecko","floor":29,"turns":6},{"damage":6,"enemies":"Centurion and Healer","floor":31,"turns":4}],"seed_played":"-6753226984396260590","potions_obtained":[{"floor":3,"key":"GhostInAJar"},{"floor":12,"key":"Dexterity Potion"},{"floor":13,"key":"Block Potion"},{"floor":14,"key":"LiquidBronze"},{"floor":16,"key":"SteroidPotion"},{"floor":22,"key":"Energy Potion"},{"floor":29,"key":"SkillPotion"}],"is_trial":false,"path_per_floor":["M","?","M","?","?","R","E","R","T","?","?","M","M","E","R","B",null,"M","$","M","?","M","R","E","M","T","R","?","M","$","M"],"character_chosen":"THE_SILENT","items_purchased":["Shuriken","Apotheosis","Strawberry"],"campfire_rested":1,"item_purchase_floors":[19,30,30],"current_hp_per_floor":[63,63,61,47,47,47,33,33,33,33,26,26,26,26,26,21,58,55,55,55,45,45,45,36,23,23,44,44,12,19,13],"gold":53,"neow_bonus":"BOSS_RELIC","is_prod":false,"is_daily":false,"chose_seed":false,"campfire_upgraded":4,"win_rate":0,"timestamp":1543666305,"path_taken":["M","?","?","?","?","R","E","R","T","?","?","M","M","E","R","BOSS","M","$","M","?","M","R","E","M","T","R","?","M","?","M"],"build_version":"2018-11-15","purchased_purges":0,"victory":false,"max_hp_per_floor":[70,70,70,70,70,70,70,70,70,70,70,70,70,70,70,70,70,70,70,70,70,70,70,70,70,70,70,70,70,77,77],"card_choices":[{"not_picked":["Underhanded Strike","Cloak And Dagger"],"picked":"Dodge and Roll","floor":1},{"not_picked":["Underhanded Strike","Endless Agony"],"picked":"Dash","floor":3},{"not_picked":["Blur","Deadly Poison"],"picked":"Venomology","floor":7},{"not_picked":["Masterful Stab","Blade Dance","Acrobatics"],"picked":"SKIP","floor":12},{"not_picked":["PiercingWail","Outmaneuver"],"picked":"Well Laid Plans","floor":13},{"not_picked":["Dodge and Roll","Dagger Spray"],"picked":"Poisoned Stab","floor":14},{"not_picked":["Storm of Steel","Corpse Explosion"],"picked":"Envenom","floor":16},{"not_picked":["Backflip","Endless Agony+1"],"picked":"PiercingWail","floor":18},{"not_picked":["Underhanded Strike","Prepared"],"picked":"Dagger Spray","floor":20},{"not_picked":["All Out Attack+1","PiercingWail"],"picked":"Caltrops","floor":21},{"not_picked":["Acrobatics","Dagger Throw+1"],"picked":"Cloak And Dagger","floor":22},{"not_picked":["Underhanded Strike","Dodge and Roll"],"picked":"Doppelganger","floor":24},{"not_picked":["Escape Plan","PiercingWail"],"picked":"Poisoned Stab+1","floor":25},{"not_picked":["Dagger Spray","Masterful Stab+1"],"picked":"Dodge and Roll","floor":29}],"player_experience":1472530,"relics_obtained":[{"floor":7,"key":"Mercury Hourglass"},{"floor":9,"key":"Juzu Bracelet"},{"floor":14,"key":"PreservedInsect"},{"floor":21,"key":"Red Mask"},{"floor":24,"key":"Omamori"},{"floor":26,"key":"Pen Nib"}],"event_choices":[{"cards_removed":["Strike_G"],"damage_healed":0,"gold_gain":0,"player_choice":"Purged","damage_taken":0,"max_hp_gain":0,"max_hp_loss":0,"event_name":"Purifier","floor":2,"gold_loss":0},{"damage_healed":0,"gold_gain":0,"player_choice":"Entered Light","damage_taken":14,"max_hp_gain":0,"max_hp_loss":0,"event_name":"Shining Light","floor":4,"gold_loss":0,"cards_upgraded":["Strike_G","Survivor"]},{"damage_healed":0,"gold_gain":175,"player_choice":"AGREE","damage_taken":0,"max_hp_gain":0,"max_hp_loss":0,"event_name":"Liars Game","floor":5,"gold_loss":0,"cards_obtained":["Doubt"]},{"damage_healed":0,"gold_gain":0,"player_choice":"2 cards matched","damage_taken":0,"max_hp_gain":0,"max_hp_loss":0,"event_name":"Match and Keep!","floor":10,"gold_loss":0,"cards_obtained":["Neutralize","Jack Of All Trades"]},{"cards_removed":["Doubt"],"damage_healed":0,"gold_gain":0,"player_choice":"Card Removal","damage_taken":7,"max_hp_gain":0,"max_hp_loss":0,"event_name":"Golden Wing","floor":11,"gold_loss":0},{"damage_healed":0,"gold_gain":0,"player_choice":"Fought Bandits","damage_taken":0,"max_hp_gain":0,"max_hp_loss":0,"event_name":"Masked Bandits","floor":21,"gold_loss":0},{"damage_healed":0,"gold_gain":0,"player_choice":"Smashed Altar","damage_taken":0,"max_hp_gain":0,"max_hp_loss":0,"event_name":"Forgotten Altar","floor":28,"gold_loss":0,"cards_obtained":["Decay"]}],"is_beta":false,"boss_relics":[{"not_picked":["Tiny House","Runic Pyramid"],"picked":"Philosopher\u0027s Stone"}],"items_purged_floors":[],"is_endless":false,"potions_floor_spawned":[3,12,13,14,16,22,29],"killed_by":"Centurion and Healer","ascension_level":10}