{"gold_per_floor":[110,121,140,140,65,92,92,92,168,120,137,137],"floor_reached":12,"playtime":436,"items_purged":[],"score":160,"play_id":"6ac7ad58-a227-4a31-b2d4-51d40f1c4e7b","local_time":"20190204234802","is_ascension_mode":true,"campfire_choices":[{"data":"Demon Form","floor":8,"key":"SMITH"}],"neow_cost":"CURSE","seed_source_timestamp":152875851260889,"circlet_count":0,"master_deck":["AscendersBane","Strike_R","Strike_R","Strike_R","Strike_R","Strike_R","Defend_R","Defend_R","Defend_R","Defend_R","Bash","Reaper","Clothesline+1","Rampage","Iron Wave","Demon Form+1","Flame Barrier","Corruption"],"relics":["Burning Blood","Centennial Puzzle","Mummified Hand"],"potions_floor_usage":[3,11,12],"damage_taken":[{"damage":7,"enemies":"Small Slimes","floor":1,"turns":4},{"damage":26,"enemies":"Jaw Worm","floor":2,"turns":4},{"damage":0,"enemies":"2 Louse","floor":3,"turns":3},{"damage":44,"enemies":"Lagavulin","floor":6,"turns":8},{"damage":41,"enemies":"Exordium Thugs","floor":10,"turns":5},{"damage":9,"enemies":"Blue Slaver","floor":11,"turns":3},{"damage":19,"enemies":"Gremlin Nob","floor":12,"turns":3}],"seed_played":"-8474642849974068802","potions_obtained":[{"floor":3,"key":"Fruit Juice"},{"floor":10,"key":"Energy Potion"},{"floor":11,"key":"Fire Potion"}],"is_trial":false,"path_per_floor":["M","M","M","?","?","E","?","R","T","M","M","E"],"character_chosen":"IRONCLAD","items_purchased":[],"campfire_rested":0,"item_purchase_floors":[],"current_hp_per_floor":[74,60,74,74,74,36,36,36,36,11,8,0],"gold":137,"neow_bonus":"THREE_RARE_CARDS","is_prod":false,"is_daily":false,"chose_seed":false,"campfire_upgraded":1,"win_rate":0,"timestamp":1549342082,"path_taken":["M","M","M","?","?","E","?","R","T","M","M","E"],"build_version":"2019-01-23","purchased_purges":0,"victory":false,"max_hp_per_floor":[75,75,80,80,80,80,80,80,80,80,80,80],"card_choices":[{"not_picked":["Bludgeon","Barricade"],"picked":"Reaper","floor":0},{"not_picked":["Perfected Strike","Twin Strike"],"picked":"Clothesline","floor":1},{"not_picked":["Pommel Strike","Perfected Strike"],"picked":"Rampage","floor":2},{"not_picked":["Headbutt","Armaments"],"picked":"Iron Wave","floor":3},{"not_picked":["Warcry","Wild Strike"],"picked":"Demon Form","floor":6},{"not_picked":["Wild Strike","Perfected Strike"],"picked":"Flame Barrier","floor":10},{"not_picked":["Spot Weakness","True Grit"],"picked":"Corruption","floor":11}],"player_experience":1127785,"relics_obtained":[{"floor":6,"key":"Centennial Puzzle"},{"floor":9,"key":"Mummified Hand"}],"event_choices":[{"damage_healed":0,"gold_gain":0,"player_choice":"Ignored","damage_taken":0,"max_hp_gain":0,"max_hp_loss":0,"event_name":"Liars Game","floor":4,"gold_loss":0},{"cards_removed":["Decay"],"damage_healed":0,"gold_gain":0,"player_choice":"Card Removal","damage_taken":0,"max_hp_gain":0,"max_hp_loss":0,"event_name":"The Cleric","floor":5,"gold_loss":75},{"damage_healed":0,"gold_gain":0,"player_choice":"Upgraded","damage_taken":0,"max_hp_gain":0,"max_hp_loss":0,"event_name":"Upgrade Shrine","floor":7,"gold_loss":0,"cards_upgraded":["Clothesline"]}],"is_beta":false,"boss_relics":[],"items_purged_floors":[],"is_endless":false,"potions_floor_spawned":[3,10,11],"killed_by":"Gremlin Nob","ascension_level":20}