{"gold_per_floor":[115,125,125,140,140,183,201,216,216,216,234,234,252,295,295,426,426],"floor_reached":17,"playtime":484,"items_purged":[],"score":254,"play_id":"def606be-2f72-4890-928f-996f31358589","local_time":"20181007171151","is_ascension_mode":true,"campfire_choices":[{"floor":10,"key":"REST"},{"floor":12,"key":"REST"},{"floor":15,"key":"REST"}],"neow_cost":"NONE","seed_source_timestamp":102357254059473,"circlet_count":0,"master_deck":["Defend_G","Defend_G+1","Defend_G","Defend_G","Strike_G","Strike_G+1","Strike_G","Strike_G","Survivor","Neutralize","AscendersBane","Dash","All Out Attack","Poisoned Stab","Escape Plan","All Out Attack+1","Poisoned Stab+1","Dash+1","PiercingWail","Flying Knee+1","After Image"],"relics":["Empty Cage","Golden Idol","Molten Egg 2","Girya","Gambling Chip","Busted Crown"],"potions_floor_usage":[6,14],"damage_taken":[{"damage":5,"enemies":"Cultist","floor":1,"turns":6},{"damage":1,"enemies":"Small Slimes","floor":2,"turns":5},{"damage":0,"enemies":"2 Louse","floor":4,"turns":3},{"damage":25,"enemies":"Gremlin Nob","floor":6,"turns":5},{"damage":6,"enemies":"Exordium Wildlife","floor":7,"turns":3},{"damage":8,"enemies":"Blue Slaver","floor":8,"turns":4},{"damage":0,"enemies":"Gremlin Gang","floor":11,"turns":2},{"damage":4,"enemies":"Red Slaver","floor":13,"turns":3},{"damage":14,"enemies":"3 Sentries","floor":14,"turns":4},{"damage":24,"enemies":"Hexaghost","floor":16,"turns":11}],"seed_played":"2127658156726873507","potions_obtained":[{"floor":1,"key":"Dexterity Potion"},{"floor":11,"key":"Poison Potion"},{"floor":13,"key":"FairyPotion"},{"floor":14,"key":"Poison Potion"},{"floor":16,"key":"Energy Potion"}],"is_trial":false,"path_per_floor":["M","M","?","M","?","E","M","M","T","R","M","R","M","E","R","B"],"character_chosen":"THE_SILENT","items_purchased":[],"campfire_rested":3,"item_purchase_floors":[],"current_hp_per_floor":[58,57,43,43,43,18,12,4,4,23,23,42,38,24,43,19,54],"gold":426,"neow_bonus":"BOSS_RELIC","is_prod":false,"is_daily":false,"chose_seed":false,"campfire_upgraded":0,"win_rate":0,"timestamp":1538925111,"path_taken":["M","?","?","M","?","E","M","M","T","R","M","R","M","E","R","BOSS"],"build_version":"2018-10-04v2","purchased_purges":0,"victory":false,"max_hp_per_floor":[70,70,70,70,65,65,65,65,65,65,65,65,65,65,65,65,65],"card_choices":[{"not_picked":["Outmaneuver","Sucker Punch"],"picked":"Dash","floor":1},{"not_picked":["Eviscerate","Acrobatics"],"picked":"All Out Attack","floor":2},{"not_picked":["Endless Agony","Distraction"],"picked":"Poisoned Stab","floor":4},{"not_picked":["Expertise","Cloak And Dagger"],"picked":"Escape Plan","floor":6},{"not_picked":["Acrobatics","Doppelganger"],"picked":"All Out Attack+1","floor":7},{"not_picked":["Footwork","PiercingWail"],"picked":"Poisoned Stab+1","floor":8},{"not_picked":["All Out Attack+1","Eviscerate+1"],"picked":"Dash+1","floor":11},{"not_picked":["Cloak And Dagger","Slice+1"],"picked":"PiercingWail","floor":13},{"not_picked":["Phantasmal Killer","Deflect"],"picked":"Flying Knee+1","floor":14},{"not_picked":["A Thousand Cuts","Unload+1"],"picked":"After Image","floor":16}],"player_experience":1067080,"relics_obtained":[{"floor":6,"key":"Molten Egg 2"},{"floor":9,"key":"Girya"},{"floor":14,"key":"Gambling Chip"}],"event_choices":[{"event_name":"Shining Light","player_choice":"Entered Light","floor":3,"damage_taken":0},{"event_name":"Golden Idol","player_choice":"Lose Max HP","floor":5,"damage_taken":0}],"is_beta":false,"boss_relics":[{"not_picked":["Runic Dome","Tiny House"],"picked":"Busted Crown"}],"items_purged_floors":[],"is_endless":false,"potions_floor_spawned":[1,11,13,14,16],"ascension_level":10}