{"gold_per_floor":[215,53,53,69,69,80,80,91,91,91,111,125,40,40,40,136,136,154,253,264,264,38,38,56,56,56,74,106,125,137,147,147,242,242,262,275,294,311,42,42,59,59,59,113,126,160,160,174,174,174],"floor_reached":50,"playtime":6652,"items_purged":["Strike_B"],"score":591,"play_id":"3f7baba0-fc8f-4d3d-a895-214963372d8f","local_time":"20190219010822","is_ascension_mode":true,"campfire_choices":[{"data":"Coolheaded","floor":7,"key":"SMITH"},{"floor":10,"key":"REST"},{"floor":15,"key":"RECALL"},{"floor":23,"key":"REST"},{"data":"Defragment","floor":25,"key":"SMITH"},{"floor":32,"key":"REST"},{"floor":40,"key":"REST"},{"floor":42,"key":"REST"},{"floor":47,"key":"REST"},{"floor":49,"key":"REST"}],"neow_cost":"NONE","seed_source_timestamp":326019711111900,"circlet_count":0,"master_deck":["Strike_B","Strike_B+1","Strike_B","Defend_B+1","Defend_B","Defend_B","Defend_B","Zap","Dualcast","Beam Cell","Chrysalis+1","Chill","Coolheaded+1","Electrodynamics","Defragment+1","Self Repair","Cold Snap","Fission","Capacitor+1","Compile Driver","White Noise","Reinforced Body","Loop","Conserve Battery","Hologram","FTL","Echo Form","Skim","Conserve Battery","Coolheaded+1","Conserve Battery","Hologram","Barrage+1","Parasite","Ball Lightning+1"],"relics":["Cracked Core","Philosopher\u0027s Stone","Spirit Poop","PreservedInsect","Strawberry","Thread and Needle","Fusion Hammer","Lee\u0027s Waffle","Kunai","Nunchaku","Oddly Smooth Stone"],"potions_floor_usage":[16,18,28,33,33,41,41,44,48,50],"damage_taken":[{"damage":7,"enemies":"Small Slimes","floor":1,"turns":4},{"damage":9,"enemies":"2 Louse","floor":4,"turns":3},{"damage":2,"enemies":"Cultist","floor":6,"turns":4},{"damage":9,"enemies":"Blue Slaver","floor":8,"turns":4},{"damage":8,"enemies":"Looter","floor":11,"turns":3},{"damage":1,"enemies":"3 Louse","floor":12,"turns":3},{"damage":0,"enemies":"Slime Boss","floor":16,"turns":6},{"damage":9,"enemies":"Chosen","floor":18,"turns":5},{"damage":33,"enemies":"2 Thieves","floor":20,"turns":4},{"damage":15,"enemies":"Snecko","floor":24,"turns":7},{"damage":15,"enemies":"Chosen and Byrds","floor":27,"turns":7},{"damage":32,"enemies":"Slavers","floor":28,"turns":5},{"damage":8,"enemies":"Snake Plant","floor":29,"turns":4},{"damage":1,"enemies":"3 Cultists","floor":30,"turns":3},{"damage":11,"enemies":"Snecko","floor":31,"turns":10},{"damage":17,"enemies":"Collector","floor":33,"turns":10},{"damage":0,"enemies":"Orb Walker","floor":35,"turns":4},{"damage":0,"enemies":"3 Darklings","floor":36,"turns":4},{"damage":31,"enemies":"Transient","floor":37,"turns":5},{"damage":54,"enemies":"Writhing Mass","floor":38,"turns":10},{"damage":12,"enemies":"Spire Growth","floor":41,"turns":6},{"damage":23,"enemies":"2 Orb Walkers","floor":44,"turns":7},{"damage":16,"enemies":"Sphere and 2 Shapes","floor":45,"turns":7},{"damage":40,"enemies":"Reptomancer","floor":46,"turns":9},{"damage":37,"enemies":"Writhing Mass","floor":48,"turns":7},{"damage":75,"enemies":"Awakened One","floor":50,"turns":16}],"seed_played":"543974603201830486","potions_obtained":[{"floor":6,"key":"Fire Potion"},{"floor":12,"key":"FocusPotion"},{"floor":27,"key":"Fire Potion"},{"floor":30,"key":"Strength Potion"},{"floor":31,"key":"Strength Potion"},{"floor":35,"key":"Poison Potion"},{"floor":36,"key":"FocusPotion"},{"floor":38,"key":"Regen Potion"},{"floor":46,"key":"Regen Potion"},{"floor":48,"key":"EssenceOfSteel"}],"is_trial":false,"path_per_floor":["M","$","?","M","?","M","R","M","T","R","M","M","$","?","R","B",null,"M","?","M","?","$","R","M","R","T","M","E","M","M","M","R","B",null,"M","M","M","M","$","R","M","R","T","?","M","E","R","M","R","B"],"character_chosen":"DEFECT","items_purchased":["Chrysalis","Self Repair","Cold Snap","PreservedInsect","White Noise","Lee\u0027s Waffle"],"campfire_rested":7,"item_purchase_floors":[2,13,13,22,22,39],"current_hp_per_floor":[68,68,53,44,44,42,42,33,33,55,47,46,46,64,64,71,75,66,66,40,40,40,61,53,53,60,52,20,19,18,14,37,27,79,79,79,55,8,86,86,86,86,86,63,61,28,53,37,62,0],"gold":174,"neow_bonus":"HUNDRED_GOLD","is_prod":false,"is_daily":false,"chose_seed":false,"campfire_upgraded":2,"win_rate":0,"timestamp":1550556502,"path_taken":["M","$","?","M","?","?","R","M","T","R","M","M","$","?","R","BOSS","M","?","M","?","$","R","M","R","T","M","E","M","M","M","R","BOSS","M","M","M","M","$","R","?","R","T","?","M","E","R","M","R","BOSS"],"build_version":"2019-01-23","purchased_purges":1,"victory":false,"max_hp_per_floor":[75,75,75,75,75,75,75,75,75,75,75,75,75,75,75,75,75,75,75,75,72,72,72,72,72,79,79,79,79,79,79,79,79,79,79,79,79,79,86,86,86,86,86,86,86,86,86,86,86,86],"card_choices":[{"not_picked":["Stack","Turbo"],"picked":"Beam Cell","floor":1},{"not_picked":["Compile Driver","Hello World"],"picked":"Chill","floor":4},{"not_picked":["Compile Driver","Auto Shields"],"picked":"Coolheaded","floor":6},{"not_picked":["Turbo","Static Discharge","Redo"],"picked":"SKIP","floor":8},{"not_picked":["Compile Driver","Sweeping Beam"],"picked":"Electrodynamics","floor":11},{"not_picked":["Cold Snap","Go for the Eyes"],"picked":"Defragment","floor":12},{"not_picked":["Hyperbeam","Reboot"],"picked":"Fission","floor":16},{"not_picked":["Reprogram","Beam Cell"],"picked":"Capacitor+1","floor":18},{"not_picked":["Heatsinks+1","Gash"],"picked":"Compile Driver","floor":20},{"not_picked":["Stack","Redo","Melter"],"picked":"SKIP","floor":24},{"not_picked":["Blizzard","Storm"],"picked":"Reinforced Body","floor":27},{"not_picked":["Double Energy","Storm"],"picked":"Loop","floor":28},{"not_picked":["Scrape","Hologram"],"picked":"Conserve Battery","floor":29},{"not_picked":["Gash","Stack+1"],"picked":"Hologram","floor":30},{"not_picked":["Hologram","Stack"],"picked":"FTL","floor":31},{"not_picked":["Meteor Strike","Biased Cognition"],"picked":"Echo Form","floor":33},{"not_picked":["Steam+1","Rebound"],"picked":"Skim","floor":35},{"not_picked":["Rebound+1","Gash+1"],"picked":"Conserve Battery","floor":36},{"not_picked":["Storm","Conserve Battery"],"picked":"Coolheaded+1","floor":37},{"not_picked":["Compile Driver","Static Discharge"],"picked":"Conserve Battery","floor":38},{"not_picked":["Sweeping Beam","Steam","Rebound"],"picked":"SKIP","floor":41},{"not_picked":["Heatsinks+1","Beam Cell"],"picked":"Hologram","floor":44},{"not_picked":["Meteor Strike","Gash+1","Turbo"],"picked":"SKIP","floor":45},{"not_picked":["Scrape","Lockon"],"picked":"Barrage+1","floor":46},{"not_picked":["Tempest","Cold Snap"],"picked":"Ball Lightning+1","floor":48}],"player_experience":259845,"relics_obtained":[{"floor":26,"key":"Strawberry"},{"floor":28,"key":"Thread and Needle"},{"floor":43,"key":"Kunai"},{"floor":44,"key":"Nunchaku"},{"floor":46,"key":"Oddly Smooth Stone"}],"event_choices":[{"damage_healed":0,"gold_gain":0,"player_choice":"Entered Light","damage_taken":15,"max_hp_gain":0,"max_hp_loss":0,"event_name":"Shining Light","floor":3,"gold_loss":0,"cards_upgraded":["Defend_B","Strike_B"]},{"damage_healed":0,"gold_gain":0,"player_choice":"Upgraded","damage_taken":0,"max_hp_gain":0,"max_hp_loss":0,"event_name":"Upgrade Shrine","floor":5,"gold_loss":0,"cards_upgraded":["Chrysalis"]},{"damage_healed":18,"gold_gain":0,"player_choice":"Healed and dodged fight","damage_taken":0,"max_hp_gain":0,"max_hp_loss":0,"event_name":"Mushrooms","floor":14,"gold_loss":0,"cards_obtained":["Parasite"]},{"damage_healed":0,"gold_gain":99,"player_choice":"Stole From Cult","damage_taken":0,"max_hp_gain":0,"max_hp_loss":0,"event_name":"Nest","floor":19,"gold_loss":0},{"cards_removed":["Parasite"],"damage_healed":0,"gold_gain":0,"player_choice":"Offered Curse","damage_taken":0,"relics_obtained":["Spirit Poop"],"max_hp_gain":0,"max_hp_loss":0,"event_name":"Bonfire Elementals","floor":21,"gold_loss":0},{"damage_healed":0,"gold_gain":0,"player_choice":"Fight","damage_taken":0,"max_hp_gain":0,"max_hp_loss":0,"event_name":"Mysterious Sphere","floor":44,"gold_loss":0}],"is_beta":false,"boss_relics":[{"not_picked":["Empty Cage","Calling Bell"],"picked":"Philosopher\u0027s Stone"},{"not_picked":["Astrolabe","Tiny House"],"picked":"Fusion Hammer"}],"items_purged_floors":[39],"is_endless":false,"potions_floor_spawned":[6,12,27,30,31,35,36,38,46,48],"killed_by":"Awakened One","ascension_level":1}