{"gold_per_floor":[110,110,60,77,77,111,111,111,135,150,173,173,173,212,212,212],"floor_reached":16,"playtime":311,"items_purged":[],"score":200,"play_id":"9c80fb10-8a5f-4328-a337-32e58280f6cb","local_time":"20181022194723","is_ascension_mode":true,"campfire_choices":[{"data":"Zap","floor":8,"key":"SMITH"},{"data":"Cold Snap","floor":12,"key":"SMITH"},{"floor":15,"key":"REST"}],"neow_cost":"NONE","seed_source_timestamp":1006306340935592,"circlet_count":0,"master_deck":["Strike_B","Strike_B","Strike_B+1","Strike_B","Defend_B","Defend_B+1","Defend_B","Defend_B","Zap+1","Dualcast","AscendersBane","Chill","Sunder","Tempest+1","Cold Snap+1","Double Energy+1","Glacier+1","Conserve Battery+1"],"relics":["Cracked Core","NeowsBlessing","Pear","FaceOfCleric","Toxic Egg 2","Golden Idol","Dream Catcher","Omamori"],"potions_floor_usage":[14],"damage_taken":[{"damage":0,"enemies":"Small Slimes","floor":1,"turns":1},{"damage":0,"enemies":"Jaw Worm","floor":4,"turns":1},{"damage":0,"enemies":"3 Sentries","floor":6,"turns":2},{"damage":0,"enemies":"2 Louse","floor":10,"turns":2},{"damage":4,"enemies":"Looter","floor":11,"turns":3},{"damage":14,"enemies":"Gremlin Nob","floor":14,"turns":3},{"damage":79,"enemies":"Hexaghost","floor":16,"turns":15}],"seed_played":"8306087460758139902","potions_obtained":[{"floor":1,"key":"Poison Potion"},{"floor":4,"key":"Swift Potion"},{"floor":10,"key":"Explosive Potion"},{"floor":11,"key":"LiquidBronze"}],"is_trial":false,"path_per_floor":["M","?","?","M","?","E","?","R","T","M","M","R","?","E","R"],"character_chosen":"DEFECT","items_purchased":[],"campfire_rested":1,"item_purchase_floors":[],"current_hp_per_floor":[68,78,78,78,78,79,79,79,79,80,77,77,61,48,72,0],"gold":212,"neow_bonus":"THREE_ENEMY_KILL","is_prod":false,"is_daily":false,"chose_seed":false,"campfire_upgraded":2,"win_rate":0,"timestamp":1540230443,"path_taken":["M","?","?","M","?","E","?","R","T","M","M","R","?","E","R","BOSS"],"build_version":"2018-10-18","purchased_purges":0,"victory":false,"max_hp_per_floor":[75,85,85,85,85,86,80,80,80,81,82,82,82,83,83,83],"card_choices":[{"not_picked":["Recycle","Self Repair"],"picked":"Chill","floor":1},{"not_picked":["Tempest","Darkness"],"picked":"Sunder","floor":4},{"not_picked":["Force Field","Compile Driver"],"picked":"Tempest","floor":6},{"not_picked":["Go for the Eyes","Static Discharge"],"picked":"Cold Snap","floor":10},{"not_picked":["Go for the Eyes","Coolheaded+1"],"picked":"Double Energy+1","floor":11},{"not_picked":["Buffer","Go for the Eyes"],"picked":"Glacier+1","floor":14},{"not_picked":["Reinforced Body+1","Undo+1"],"picked":"Conserve Battery+1","floor":15}],"player_experience":1102225,"relics_obtained":[{"floor":6,"key":"Toxic Egg 2"},{"floor":9,"key":"Dream Catcher"},{"floor":14,"key":"Omamori"}],"event_choices":[{"damage_healed":0,"gold_gain":0,"player_choice":"Box","damage_taken":0,"relics_obtained":["Pear"],"max_hp_gain":0,"max_hp_loss":0,"event_name":"Big Fish","floor":2,"gold_loss":0,"cards_obtained":["Regret"]},{"cards_removed":["Regret"],"damage_healed":0,"gold_gain":0,"player_choice":"Card Removal","damage_taken":0,"max_hp_gain":0,"max_hp_loss":0,"event_name":"The Cleric","floor":3,"gold_loss":50},{"damage_healed":0,"gold_gain":0,"player_choice":"Trade","damage_taken":0,"relics_obtained":["FaceOfCleric"],"max_hp_gain":0,"max_hp_loss":0,"event_name":"FaceTrader","floor":5,"gold_loss":0},{"damage_healed":0,"gold_gain":0,"player_choice":"Lose Max HP","damage_taken":0,"relics_obtained":["Golden Idol"],"max_hp_gain":0,"max_hp_loss":6,"event_name":"Golden Idol","floor":7,"gold_loss":0},{"damage_healed":0,"gold_gain":0,"player_choice":"Entered Light","damage_taken":16,"max_hp_gain":0,"max_hp_loss":0,"event_name":"Shining Light","floor":13,"gold_loss":0,"cards_upgraded":["Defend_B","Strike_B"]}],"is_beta":false,"boss_relics":[],"items_purged_floors":[],"is_endless":false,"potions_floor_spawned":[1,4,10,11],"killed_by":"Hexaghost","ascension_level":10}