{"gold_per_floor":[117,292,217,217,240,240,283,283,283,324,300,300,343,418,418,418],"floor_reached":16,"playtime":2817,"items_purged":["Doubt"],"score":222,"play_id":"5328df21-bfa3-407c-80a9-ebe55f564155","local_time":"20190124001055","is_ascension_mode":true,"campfire_choices":[{"data":"Endless Agony","floor":6,"key":"SMITH"},{"data":"Flechettes","floor":8,"key":"SMITH"},{"floor":12,"key":"REST"},{"floor":15,"key":"REST"}],"neow_cost":"NONE","seed_source_timestamp":1200035976031324,"circlet_count":0,"master_deck":["AscendersBane","Defend_G","Defend_G","Defend_G","Defend_G","Defend_G","Strike_G","Strike_G","Strike_G","Strike_G","Strike_G","Survivor","Neutralize","Endless Agony+1","Flechettes+1","Sucker Punch","Endless Agony","Backflip","Escape Plan","Concentrate"],"relics":["Ring of the Snake","NeowsBlessing","Golden Idol","Art of War","Smiling Mask","Dream Catcher","Bronze Scales"],"potions_floor_usage":[16,16],"damage_taken":[{"damage":0,"enemies":"2 Louse","floor":1,"turns":1},{"damage":0,"enemies":"Jaw Worm","floor":5,"turns":1},{"damage":0,"enemies":"Lagavulin","floor":7,"turns":1},{"damage":27,"enemies":"Gremlin Nob","floor":10,"turns":5},{"damage":34,"enemies":"Lagavulin","floor":13,"turns":7},{"damage":14,"enemies":"Slime Boss","floor":16,"turns":5}],"seed_played":"-3946964553708149044","potions_obtained":[{"floor":5,"key":"Explosive Potion"},{"floor":10,"key":"Ancient Potion"},{"floor":13,"key":"Block Potion"}],"is_trial":false,"path_per_floor":["M","?","$","?","M","R","E","R","T","E","$","R","E","?","R","B"],"character_chosen":"THE_SILENT","items_purchased":["Backflip"],"campfire_rested":2,"item_purchase_floors":[11],"current_hp_per_floor":[63,63,63,63,63,63,63,63,63,36,36,55,21,10,29,15],"gold":418,"neow_bonus":"THREE_ENEMY_KILL","is_prod":false,"is_daily":false,"chose_seed":false,"campfire_upgraded":2,"win_rate":0,"timestamp":1548285055,"path_taken":["M","?","$","?","M","R","E","R","T","E","$","R","E","?","R","BOSS"],"build_version":"2019-01-23","purchased_purges":1,"victory":false,"max_hp_per_floor":[70,70,70,65,65,65,65,65,65,65,65,65,65,65,65,65],"card_choices":[{"not_picked":["Slice","Flying Knee"],"picked":"Endless Agony","floor":1},{"not_picked":["Outmaneuver","Sucker Punch"],"picked":"Flechettes","floor":5},{"not_picked":["Riddle With Holes","Night Terror"],"picked":"Sucker Punch","floor":7},{"not_picked":["Dagger Spray","Quick Slash"],"picked":"Endless Agony","floor":10},{"not_picked":["Blade Dance","Acrobatics"],"picked":"Escape Plan","floor":12},{"not_picked":["Sucker Punch","Bane","Dagger Throw"],"picked":"SKIP","floor":13},{"not_picked":["Poisoned Stab","Outmaneuver"],"picked":"Concentrate","floor":15}],"player_experience":2028208,"relics_obtained":[{"floor":7,"key":"Art of War"},{"floor":9,"key":"Smiling Mask"},{"floor":10,"key":"Dream Catcher"},{"floor":13,"key":"Bronze Scales"}],"event_choices":[{"damage_healed":0,"gold_gain":175,"player_choice":"AGREE","damage_taken":0,"max_hp_gain":0,"max_hp_loss":0,"event_name":"Liars Game","floor":2,"gold_loss":0,"cards_obtained":["Doubt"]},{"damage_healed":0,"gold_gain":0,"player_choice":"Lose Max HP","damage_taken":0,"relics_obtained":["Golden Idol"],"max_hp_gain":0,"max_hp_loss":5,"event_name":"Golden Idol","floor":4,"gold_loss":0},{"damage_healed":0,"gold_gain":75,"player_choice":"Gather Gold","damage_taken":11,"max_hp_gain":0,"max_hp_loss":0,"event_name":"World of Goop","floor":14,"gold_loss":0}],"is_beta":false,"boss_relics":[],"items_purged_floors":[3],"is_endless":false,"potions_floor_spawned":[5,10,13],"killed_by":"Slime Boss","ascension_level":12}