{"gold_per_floor":[114,189,189,19,36,36,65,78,148,148,168,186,200,75,75,180,180,197,296,1,17,30,30,63,63,140,140,18,18,35,135,135,231,231,241,254,254,34,47,73,73,92,162,174,174,50,50,62,62,62],"floor_reached":51,"playtime":5133,"items_purged":["Strike_G","Strike_G","Strike_G","Shame"],"score":754,"play_id":"b62cf2b9-0cb2-4378-9085-0359f48d247d","local_time":"20190214134322","is_ascension_mode":true,"campfire_choices":[{"floor":6.0,"key":"REST"},{"data":"Accuracy","floor":10.0,"key":"SMITH"},{"floor":15.0,"key":"REST"},{"floor":23.0,"key":"REST"},{"data":"Accuracy","floor":25.0,"key":"SMITH"},{"data":"Infinite Blades","floor":27.0,"key":"SMITH"},{"floor":32.0,"key":"REST"},{"data":"Infinite Blades","floor":47,"key":"SMITH"},{"data":"Accuracy","floor":49,"key":"SMITH"}],"neow_cost":"NONE","seed_source_timestamp":0,"circlet_count":0,"master_deck":["Survivor","Neutralize+1","Infinite Blades+1","Backflip","Infinite Blades+1","All Out Attack","Deflect","Accuracy+1","Prepared","Dagger Throw","Accuracy+1","Quick Slash","Deflect","Heel Hook","Deflect","Blade Dance","Caltrops","Necronomicurse","Leg Sweep+1","After Image","Underhanded Strike","Flying Knee","Cloak And Dagger","After Image","Adrenaline","Burst","Poisoned Stab","Poisoned Stab","Blur+1","Parasite","Accuracy+1","Cloak And Dagger","Acrobatics","Infinite Blades","Clumsy","Prepared+1","Noxious Fumes","Accuracy+1"],"special_seed":0,"relics":["Ring of the Snake","Bag of Preparation","Paper Crane","Cursed Key","Bird Faced Urn","Smiling Mask","Question Card","Necronomicon","Pandora\u0027s Box","Gremlin Horn","Oddly Smooth Stone","Bottled Flame","Bottled Lightning"],"potions_floor_usage":[48,50,50],"damage_taken":[{"damage":1.0,"enemies":"Cultist","floor":1.0,"turns":4.0},{"damage":1.0,"enemies":"Small Slimes","floor":5.0,"turns":4.0},{"damage":18.0,"enemies":"Lagavulin","floor":7.0,"turns":9.0},{"damage":0.0,"enemies":"Jaw Worm","floor":8.0,"turns":4.0},{"damage":11.0,"enemies":"3 Louse","floor":11.0,"turns":3.0},{"damage":3.0,"enemies":"Exordium Thugs","floor":12.0,"turns":4.0},{"damage":6.0,"enemies":"Looter","floor":13.0,"turns":3.0},{"damage":21.0,"enemies":"The Guardian","floor":16.0,"turns":10.0},{"damage":12.0,"enemies":"Spheric Guardian","floor":18.0,"turns":4.0},{"damage":5.0,"enemies":"3 Byrds","floor":21.0,"turns":4.0},{"damage":20.0,"enemies":"Snecko","floor":22.0,"turns":5.0},{"damage":12.0,"enemies":"Book of Stabbing","floor":24.0,"turns":6.0},{"damage":10.0,"enemies":"Shelled Parasite and Fungi","floor":30.0,"turns":5.0},{"damage":27.0,"enemies":"Collector","floor":33.0,"turns":10.0},{"damage":9.0,"enemies":"3 Darklings","floor":35.0,"turns":5.0},{"damage":0.0,"enemies":"Orb Walker","floor":36.0,"turns":4.0},{"damage":1.0,"enemies":"Transient","floor":39.0,"turns":5.0},{"damage":5.0,"enemies":"Giant Head","floor":40.0,"turns":9.0},{"damage":3.0,"enemies":"Maw","floor":42.0,"turns":6.0},{"damage":14.0,"enemies":"Writhing Mass","floor":44.0,"turns":8.0},{"damage":6,"enemies":"Spire Growth","floor":48,"turns":5},{"damage":87,"enemies":"Time Eater","floor":50,"turns":12}],"seed_played":"-7528964159855767513","potions_obtained":[{"floor":0.0,"key":"GhostInAJar"},{"floor":0.0,"key":"Block Potion"},{"floor":0.0,"key":"SkillPotion"},{"floor":16.0,"key":"SteroidPotion"},{"floor":21.0,"key":"Poison Potion"},{"floor":30.0,"key":"Dexterity Potion"},{"floor":33.0,"key":"GhostInAJar"},{"floor":35.0,"key":"Weak Potion"},{"floor":40.0,"key":"GhostInAJar"},{"floor":42.0,"key":"Swift Potion"},{"floor":44.0,"key":"Swift Potion"}],"is_trial":false,"path_per_floor":["M","?","?","$","M","R","E","M","T","R","M","M","M","$","R","B",null,"M","?","$","M","M","R","E","R","T","R","$","?","M","?","R","B",null,"M","M","T","$","M","E","?","M","T","M","?","$","R","M","R","B",null],"character_chosen":"THE_SILENT","items_purchased":["Backflip","Infinite Blades","Quick Slash","Bird Faced Urn","Caltrops","Oddly Smooth Stone","Accuracy","Noxious Fumes"],"campfire_rested":4,"item_purchase_floors":[4,4,14,20,28,38,38,46],"current_hp_per_floor":[69,58,58,58,57,70,52,52,52,52,41,38,32,32,53,32,70,58,58,58,61,49,70,58,58,58,58,58,42,42,42,63,45,70,61,70,70,70,70,65,65,70,70,64,80,80,80,80,80,3],"gold":62,"neow_bonus":"THREE_SMALL_POTIONS","is_prod":false,"is_daily":false,"chose_seed":false,"campfire_upgraded":5,"win_rate":0,"timestamp":1550169802,"path_taken":["M","?","?","$","M","R","E","M","T","R","M","M","M","?","R","BOSS","M","?","$","M","M","R","E","R","T","R","$","?","M","?","R","BOSS","M","M","?","$","M","E","?","?","T","M","?","?","R","M","R","BOSS"],"build_version":"2019-01-23","purchased_purges":4,"victory":true,"max_hp_per_floor":[70,70,70,70,70,70,70,70,70,70,70,70,70,70,70,70,70,70,70,70,70,70,70,70,70,70,70,70,70,70,70,70,70,70,70,70,70,70,70,70,70,70,70,70,80,80,80,80,80,80],"card_choices":[{"not_picked":["Dagger Throw","Cloak And Dagger"],"picked":"Infinite Blades","floor":1.0},{"not_picked":["Tactician","Riddle With Holes"],"picked":"All Out Attack","floor":5.0},{"not_picked":["PiercingWail","Caltrops"],"picked":"Deflect","floor":7.0},{"not_picked":["Calculated Gamble","Finisher"],"picked":"Accuracy","floor":8.0},{"not_picked":["Dodge and Roll","Night Terror"],"picked":"Prepared","floor":11.0},{"not_picked":["Reflex","Flechettes"],"picked":"Dagger Throw","floor":12.0},{"not_picked":["Distraction","Dagger Throw"],"picked":"Accuracy","floor":13.0},{"not_picked":["Phantasmal Killer","Die Die Die"],"picked":"Glass Knife","floor":16.0},{"not_picked":["Skewer+1","Underhanded Strike"],"picked":"Deflect","floor":18.0},{"not_picked":["Endless Agony","Eviscerate"],"picked":"Heel Hook","floor":21.0},{"not_picked":["Well Laid Plans","Heel Hook+1"],"picked":"Deflect","floor":22.0},{"not_picked":["Dagger Spray+1","Crippling Poison"],"picked":"Blade Dance","floor":24.0},{"not_picked":["Quick Slash","Terror","Expertise+1"],"picked":"Leg Sweep+1","floor":30.0},{"not_picked":["Corpse Explosion","A Thousand Cuts","Doppelganger"],"picked":"After Image","floor":33.0},{"not_picked":["Dagger Spray","Quick Slash","Flying Knee+1"],"picked":"Poisoned Stab","floor":35.0},{"not_picked":["Eviscerate+1","Deadly Poison+1","Slice"],"picked":"Blur+1","floor":36.0},{"not_picked":["Noxious Fumes","Underhanded Strike+1","Crippling Poison+1"],"picked":"Cloak And Dagger","floor":39.0},{"not_picked":["Dagger Throw","Masterful Stab","Burst"],"picked":"Acrobatics","floor":40.0},{"not_picked":["Terror+1","Quick Slash+1","Calculated Gamble"],"picked":"Infinite Blades","floor":42.0},{"not_picked":["Dodge and Roll","Cloak And Dagger","Skewer"],"picked":"Prepared+1","floor":44.0},{"not_picked":["Dash+1","Dagger Throw+1","Caltrops+1"],"picked":"Accuracy+1","floor":48}],"player_experience":116108,"relics_obtained":[{"floor":7.0,"key":"Bag of Preparation"},{"floor":9.0,"key":"Paper Crane"},{"floor":24.0,"key":"Smiling Mask"},{"floor":26.0,"key":"Question Card"},{"floor":29.0,"key":"Necronomicon"},{"floor":37.0,"key":"Gremlin Horn"},{"floor":40.0,"key":"Bottled Flame"},{"floor":43.0,"key":"Bottled Lightning"}],"event_choices":[{"damage_healed":0.0,"max_hp_gain":0.0,"max_hp_loss":0.0,"gold_gain":75.0,"event_name":"World of Goop","player_choice":"Gather Gold","floor":2.0,"gold_loss":0.0,"damage_taken":11.0},{"damage_healed":0.0,"max_hp_gain":0.0,"max_hp_loss":0.0,"gold_gain":0.0,"event_name":"Living Wall","player_choice":"Grow","floor":3.0,"gold_loss":0.0,"damage_taken":0.0,"cards_upgraded":["Neutralize"]},{"damage_healed":0.0,"max_hp_gain":0.0,"max_hp_loss":0.0,"gold_gain":99.0,"event_name":"Nest","player_choice":"Stole From Cult","floor":19.0,"gold_loss":0.0,"damage_taken":0.0},{"damage_healed":0.0,"max_hp_gain":0.0,"max_hp_loss":0.0,"gold_gain":0.0,"event_name":"Cursed Tome","player_choice":"Obtained Book","floor":29.0,"gold_loss":0.0,"damage_taken":16.0},{"damage_healed":0.0,"max_hp_gain":0.0,"max_hp_loss":0.0,"gold_gain":100.0,"event_name":"Golden Shrine","player_choice":"Pray","floor":31.0,"gold_loss":0.0,"damage_taken":0.0},{"damage_healed":0.0,"max_hp_gain":0.0,"max_hp_loss":0.0,"gold_gain":0.0,"event_name":"SecretPortal","player_choice":"Ignored","floor":41.0,"gold_loss":0.0,"damage_taken":0.0},{"cards_removed":["Glass Knife"],"damage_healed":6.0,"max_hp_gain":10.0,"max_hp_loss":0.0,"gold_gain":0.0,"event_name":"Bonfire Elementals","player_choice":"Offered Rare","floor":45.0,"gold_loss":0.0,"damage_taken":0.0}],"is_beta":false,"boss_relics":[{"not_picked":["Runic Pyramid","Sozu"],"picked":"Cursed Key"},{"not_picked":["Black Star","Philosopher\u0027s Stone"],"picked":"Pandora\u0027s Box"}],"items_purged_floors":[4,14,28,46],"is_endless":false,"potions_floor_spawned":[5,16,21,30,33,35,40,42,44],"ascension_level":1}