{"gold_per_floor":[115,44,57,22,97,97,125,144,144,155,169,169,169],"floor_reached":13,"playtime":520,"items_purged":[],"score":171,"play_id":"ec0122de-cd01-4513-bcfa-c0872d3c75e2","local_time":"20181203021439","is_ascension_mode":true,"campfire_choices":[{"data":"Footwork","floor":6,"key":"SMITH"},{"data":"Bouncing Flask","floor":12,"key":"SMITH"}],"neow_cost":"NONE","seed_source_timestamp":1313320897479006,"circlet_count":0,"master_deck":["AscendersBane","Defend_G","Defend_G","Defend_G","Defend_G","Defend_G","Strike_G","Strike_G","Strike_G","Strike_G","Strike_G","Survivor","Neutralize","Poisoned Stab","Footwork+1","PiercingWail","Bouncing Flask+1","Bane","Well Laid Plans","Die Die Die"],"relics":["Ring of the Snake","NeowsBlessing","Paper Crane","Blue Candle","GremlinMask"],"potions_floor_usage":[],"damage_taken":[{"damage":0,"enemies":"2 Louse","floor":1,"turns":1},{"damage":0,"enemies":"Jaw Worm","floor":3,"turns":1},{"damage":0,"enemies":"3 Sentries","floor":7,"turns":2},{"damage":0,"enemies":"Cultist","floor":8,"turns":4},{"damage":8,"enemies":"Exordium Thugs","floor":10,"turns":5},{"damage":2,"enemies":"Blue Slaver","floor":11,"turns":4}],"seed_played":"9092922416787736391","potions_obtained":[{"floor":7,"key":"PowerPotion"},{"floor":8,"key":"GhostInAJar"}],"is_trial":false,"path_per_floor":["M","$","M","?","?","R","E","M","T","M","M","R","?"],"character_chosen":"THE_SILENT","items_purchased":["Footwork"],"campfire_rested":0,"item_purchase_floors":[2],"current_hp_per_floor":[63,63,63,70,59,59,59,59,59,51,49,49,49],"gold":169,"neow_bonus":"THREE_ENEMY_KILL","is_prod":false,"is_daily":false,"chose_seed":false,"campfire_upgraded":2,"win_rate":0,"timestamp":1543799679,"path_taken":["M","$","M","?","?","R","E","M","T","M","M","R","?"],"build_version":"2018-11-15","purchased_purges":0,"victory":false,"max_hp_per_floor":[70,70,70,70,70,70,70,70,70,70,70,70,70],"card_choices":[{"not_picked":["Reflex","Cloak And Dagger"],"picked":"Poisoned Stab","floor":1},{"not_picked":["Dagger Throw","Outmaneuver"],"picked":"PiercingWail","floor":3},{"not_picked":["Dagger Spray","Deadly Poison"],"picked":"Bouncing Flask","floor":7},{"not_picked":["Setup","Skewer"],"picked":"Bane","floor":8},{"not_picked":["Dagger Spray","Backstab"],"picked":"Well Laid Plans","floor":10},{"not_picked":["Reflex","Blade Dance"],"picked":"Die Die Die","floor":11}],"player_experience":1559087,"relics_obtained":[{"floor":7,"key":"Paper Crane"},{"floor":9,"key":"Blue Candle"}],"event_choices":[{"damage_healed":17,"gold_gain":0,"player_choice":"Healed","damage_taken":0,"max_hp_gain":0,"max_hp_loss":0,"event_name":"The Cleric","floor":4,"gold_loss":35},{"damage_healed":0,"gold_gain":75,"player_choice":"Gather Gold","damage_taken":11,"max_hp_gain":0,"max_hp_loss":0,"event_name":"World of Goop","floor":5,"gold_loss":0},{"damage_healed":0,"gold_gain":0,"player_choice":"Trade","damage_taken":0,"relics_obtained":["GremlinMask"],"max_hp_gain":0,"max_hp_loss":0,"event_name":"FaceTrader","floor":13,"gold_loss":0}],"is_beta":false,"boss_relics":[],"items_purged_floors":[],"is_endless":false,"potions_floor_spawned":[7,8],"ascension_level":11}