{"gold_per_floor":[18,18,18,18,18,18,43,55,67,79,101,21,36,36,36,110,110,129,129,0,0,0,0,12,22,22,22],"floor_reached":27,"playtime":737,"items_purged":[],"score":418,"play_id":"ff3ff04c-60f9-4007-91bc-ad1b34fb7f29","local_time":"20190214184214","is_ascension_mode":true,"campfire_choices":[{"floor":6,"key":"REST"},{"floor":8,"key":"REST"},{"floor":10,"key":"REST"},{"data":"Cleave","floor":15,"key":"SMITH"},{"data":"Uppercut","floor":23,"key":"SMITH"}],"neow_cost":"NO_GOLD","seed_source_timestamp":14855415451413245,"circlet_count":0,"master_deck":["AscendersBane","Strike_R+1","Strike_R+1","Strike_R+1","Strike_R+1","Strike_R+1","Defend_R+1","Defend_R+1","Bash","Shrug It Off+1","Uppercut+1","Cleave+1","Perfected Strike","Feed","Iron Wave","Shame"],"relics":["Burning Blood","Ice Cream","MawBank","Mango","Lizard Tail","Du-Vu Doll","The Courier"],"potions_floor_usage":[16,18,24],"damage_taken":[{"damage":7,"enemies":"Cultist","floor":1,"turns":4},{"damage":44,"enemies":"3 Sentries","floor":7,"turns":11},{"damage":12,"enemies":"Jaw Worm","floor":11,"turns":3},{"damage":0,"enemies":"Small Slimes","floor":13,"turns":3},{"damage":12,"enemies":"Slime Boss","floor":16,"turns":7},{"damage":37,"enemies":"Shell Parasite","floor":18,"turns":6},{"damage":22,"enemies":"2 Thieves","floor":24,"turns":3},{"damage":62,"enemies":"Sentry and Sphere","floor":25,"turns":8},{"damage":42,"enemies":"Cultist and Chosen","floor":27,"turns":4}],"seed_played":"7686784608334501478","potions_obtained":[{"floor":7,"key":"AttackPotion"},{"floor":13,"key":"PowerPotion"},{"floor":16,"key":"Strength Potion"},{"floor":18,"key":"AttackPotion"},{"floor":25,"key":"Swift Potion"}],"is_trial":false,"path_per_floor":["M","?","$","?","?","R","E","R","T","R","M","$","M","?","R","B",null,"M","?","?","$","?","R","M","M","T","M"],"character_chosen":"IRONCLAD","items_purchased":["Uppercut","Cleave"],"campfire_rested":3,"item_purchase_floors":[12,12],"current_hp_per_floor":[67,60,60,60,37,59,21,43,57,83,77,77,83,83,83,77,86,55,55,55,55,55,55,42,39,39,0],"gold":22,"neow_bonus":"ONE_RARE_RELIC","is_prod":false,"is_daily":false,"chose_seed":false,"campfire_upgraded":2,"win_rate":0,"timestamp":1550166134,"path_taken":["M","?","$","?","?","R","E","R","T","R","M","$","M","?","R","BOSS","M","?","?","$","?","R","M","M","T","M"],"build_version":"2019-01-23","purchased_purges":0,"victory":false,"max_hp_per_floor":[75,75,75,75,75,75,75,75,89,89,89,89,89,89,89,89,89,89,89,89,89,89,89,92,95,95,95],"card_choices":[{"not_picked":["Heavy Blade","Armaments"],"picked":"Shrug It Off","floor":1},{"not_picked":["Hemokinesis","Disarm","Dark Embrace"],"picked":"SKIP","floor":7},{"not_picked":["Anger","Dual Wield","Rupture"],"picked":"SKIP","floor":11},{"not_picked":["Perfected Strike","Clothesline","Flex"],"picked":"SKIP","floor":13},{"not_picked":["Brutality","Exhume"],"picked":"Feed","floor":16},{"not_picked":["Flex","Perfected Strike"],"picked":"Iron Wave","floor":18},{"not_picked":["Headbutt","Cleave","Heavy Blade+1"],"picked":"SKIP","floor":24},{"not_picked":["Power Through","Perfected Strike","Ghostly Armor"],"picked":"SKIP","floor":25}],"player_experience":396592,"relics_obtained":[{"floor":7,"key":"MawBank"},{"floor":9,"key":"Mango"},{"floor":26,"key":"The Courier"}],"event_choices":[{"cards_removed":["Defend_R"],"damage_healed":0,"gold_gain":0,"player_choice":"Card Removal","damage_taken":7,"max_hp_gain":0,"max_hp_loss":0,"event_name":"Golden Wing","floor":2,"gold_loss":0},{"damage_healed":0,"gold_gain":0,"player_choice":"Leave","damage_taken":0,"max_hp_gain":0,"max_hp_loss":0,"event_name":"The Cleric","floor":4,"gold_loss":0},{"damage_healed":0,"gold_gain":0,"player_choice":"Entered Light","damage_taken":23,"max_hp_gain":0,"max_hp_loss":0,"event_name":"Shining Light","floor":5,"gold_loss":0,"cards_upgraded":["Shrug It Off","Strike_R"]},{"damage_healed":0,"gold_gain":0,"cards_transformed":["Defend_R"],"player_choice":"Change","damage_taken":0,"max_hp_gain":0,"max_hp_loss":0,"event_name":"Living Wall","floor":14,"gold_loss":0,"cards_obtained":["Perfected Strike"]},{"damage_healed":0,"gold_gain":0,"player_choice":"Simplicity","damage_taken":0,"max_hp_gain":0,"max_hp_loss":0,"event_name":"Back to Basics","floor":19,"gold_loss":0,"cards_upgraded":["Strike_R","Strike_R","Strike_R","Strike_R","Defend_R","Defend_R"]},{"damage_healed":0,"gold_gain":0,"player_choice":"Paid Fearfully","damage_taken":0,"max_hp_gain":0,"max_hp_loss":0,"event_name":"Masked Bandits","floor":20,"gold_loss":129},{"damage_healed":0,"gold_gain":0,"player_choice":"Stole Relic","damage_taken":0,"relics_obtained":["Du-Vu Doll"],"max_hp_gain":0,"max_hp_loss":0,"event_name":"Addict","floor":22,"gold_loss":0,"cards_obtained":["Shame"]}],"is_beta":false,"boss_relics":[{"not_picked":["Eternal Feather","Mark of Pain"],"picked":"Lizard Tail"}],"items_purged_floors":[],"is_endless":false,"potions_floor_spawned":[7,13,16,18,25],"killed_by":"Cultist and Chosen","ascension_level":18}