{"gold_per_floor":[115,115,290,300,200,200,234,234,234,251,286,299,299,11,11,113,113,133,144,161,161,161],"floor_reached":22,"playtime":635,"items_purged":["Doubt"],"score":318,"play_id":"46278b99-ed32-4452-9537-f0c2822cb980","local_time":"20180831200026","is_ascension_mode":true,"campfire_choices":[{"data":"Dagger Throw","floor":6,"key":"SMITH"},{"data":"Terror","floor":8,"key":"SMITH"},{"data":"Dagger Throw","floor":13,"key":"SMITH"},{"data":"Caltrops","floor":15,"key":"SMITH"}],"neow_cost":"NONE","seed_source_timestamp":871874206865589,"circlet_count":0,"master_deck":["Defend_G","Defend_G","Defend_G","Defend_G","Defend_G","Strike_G","Strike_G","Strike_G","Strike_G","Survivor","Neutralize","Flying Knee","Backflip","Dagger Throw+1","Terror+1","Dagger Throw+1","PiercingWail","Escape Plan","Caltrops+1","Die Die Die","Footwork","Dodge and Roll","PiercingWail"],"relics":["Ring of the Snake","NeowsBlessing","Juzu Bracelet","Dream Catcher","Tingsha","Meat on the Bone","White Beast Statue"],"potions_floor_usage":[11,11,22,22],"damage_taken":[{"damage":0,"enemies":"2 Louse","floor":1,"turns":1},{"damage":0,"enemies":"Small Slimes","floor":4,"turns":2},{"damage":0,"enemies":"Gremlin Nob","floor":7,"turns":1},{"damage":0,"enemies":"Jaw Worm","floor":10,"turns":3},{"damage":12,"enemies":"3 Sentries","floor":11,"turns":8},{"damage":1,"enemies":"Looter","floor":12,"turns":3},{"damage":15,"enemies":"Hexaghost","floor":16,"turns":7},{"damage":18,"enemies":"Shell Parasite","floor":18,"turns":5},{"damage":32,"enemies":"2 Thieves","floor":19,"turns":5},{"damage":15,"enemies":"Cultist and Chosen","floor":20,"turns":7},{"damage":8,"enemies":"Shelled Parasite and Fungi","floor":22,"turns":5}],"seed_played":"3208570304710727315","potions_obtained":[{"floor":4,"key":"Explosive Potion"},{"floor":7,"key":"Explosive Potion"},{"floor":16,"key":"SteroidPotion"},{"floor":18,"key":"EssenceOfSteel"},{"floor":19,"key":"Weak Potion"}],"is_trial":false,"path_per_floor":["M","?","?","M","$","R","E","R","T","M","E","M","R","$","R","B",null,"M","M","M","?"],"character_chosen":"THE_SILENT","items_purchased":["Dagger Throw","Caltrops","Meat on the Bone"],"campfire_rested":0,"item_purchase_floors":[5,14,14],"current_hp_per_floor":[63,56,56,56,56,56,56,56,56,56,44,43,43,43,43,40,63,45,25,22,9,1],"gold":161,"neow_bonus":"THREE_ENEMY_KILL","is_prod":false,"is_daily":false,"chose_seed":false,"campfire_upgraded":4,"win_rate":0,"timestamp":1535738426,"path_taken":["M","?","?","M","$","R","E","R","T","M","E","M","R","$","R","BOSS","M","M","M","?","M"],"build_version":"2018-08-30","purchased_purges":1,"victory":false,"max_hp_per_floor":[70,70,70,70,70,70,70,70,70,70,70,70,70,70,70,70,70,70,70,70,75,75],"card_choices":[{"not_picked":["Prepared","PiercingWail"],"picked":"Flying Knee","floor":1},{"not_picked":["Prepared","Eviscerate"],"picked":"Backflip","floor":4},{"not_picked":["After Image","Choke"],"picked":"Terror","floor":7},{"not_picked":["Deflect","Bane"],"picked":"Dagger Throw","floor":10},{"not_picked":["Expertise","Infinite Blades"],"picked":"PiercingWail","floor":11},{"not_picked":["Outmaneuver","Caltrops"],"picked":"Escape Plan","floor":12},{"not_picked":["Grand Finale","Envenom"],"picked":"Die Die Die","floor":16},{"not_picked":["Poisoned Stab+1","PiercingWail"],"picked":"Footwork","floor":18},{"not_picked":["Choke+1","Cloak And Dagger"],"picked":"Dodge and Roll","floor":19},{"not_picked":["Deadly Poison+1","Setup"],"picked":"PiercingWail","floor":20}],"player_experience":946839,"relics_obtained":[{"floor":7,"key":"Juzu Bracelet"},{"floor":9,"key":"Dream Catcher"},{"floor":11,"key":"Tingsha"}],"event_choices":[{"event_name":"Golden Wing","player_choice":"Card Removal","floor":2,"damage_taken":0},{"event_name":"Liars Game","player_choice":"agreed","floor":3,"damage_taken":0},{"event_name":"Forgotten Altar","player_choice":"Shed Blood","floor":21,"damage_taken":0}],"is_beta":false,"boss_relics":[{"not_picked":["Velvet Choker","Runic Dome"],"picked":"White Beast Statue"}],"items_purged_floors":[5],"is_endless":false,"potions_floor_spawned":[4,7,16,18,19,20],"killed_by":"Shelled Parasite and Fungi","ascension_level":9}