{"gold_per_floor":[115,115,115,127,107,107,118,128,152,152,177,19,19,39,39,141,141,141,141,141,141,141,141,141],"floor_reached":24,"playtime":832,"items_purged":["Regret"],"score":320,"play_id":"bdd371ad-74df-4c69-a37d-d9b77efb7488","local_time":"20181002184135","is_ascension_mode":true,"campfire_choices":[{"data":"Zap","floor":6.0,"key":"SMITH"},{"floor":13.0,"key":"DIG"},{"floor":15.0,"key":"DIG"},{"floor":23,"key":"DIG"}],"neow_cost":"","seed_source_timestamp":61467938157393,"circlet_count":0,"master_deck":["Strike_B","Strike_B","Strike_B","Strike_B","Defend_B","Defend_B","Defend_B","Defend_B","Zap+1","Dualcast","Defragment","Zap","Undo","Double Energy","Core Surge","Conserve Battery","Defragment","Tempest","Reboot","Leap+1","Sweeping Beam+1","FTL"],"special_seed":0,"relics":["Cracked Core","Pen Nib","Bag of Marbles","Shovel","Ancient Tea Set","Unceasing Top","Ectoplasm","Dream Catcher"],"potions_floor_usage":[],"damage_taken":[{"damage":13.0,"enemies":"Small Slimes","floor":1.0,"turns":3.0},{"damage":1.0,"enemies":"Cultist","floor":4.0,"turns":3.0},{"damage":12.0,"enemies":"Jaw Worm","floor":7.0,"turns":2.0},{"damage":3.0,"enemies":"3 Louse","floor":8.0,"turns":4.0},{"damage":3.0,"enemies":"3 Sentries","floor":11.0,"turns":3.0},{"damage":3.0,"enemies":"Lots of Slimes","floor":14.0,"turns":5.0},{"damage":35.0,"enemies":"Slime Boss","floor":16.0,"turns":10.0},{"damage":1.0,"enemies":"3 Byrds","floor":18.0,"turns":3.0},{"damage":12.0,"enemies":"Colosseum Slavers","floor":19.0,"turns":3.0},{"damage":6.0,"enemies":"Spheric Guardian","floor":21.0,"turns":3.0},{"damage":22,"enemies":"3 Cultists","floor":22,"turns":5},{"damage":0,"enemies":"Gremlin Leader","floor":24,"turns":2}],"seed_played":"3003747209409394284","potions_obtained":[{"floor":1.0,"key":"Poison Potion"},{"floor":4.0,"key":"AttackPotion"},{"floor":5.0,"key":"FearPotion"},{"floor":7.0,"key":"EssenceOfSteel"},{"floor":14.0,"key":"Poison Potion"},{"floor":16.0,"key":"Strength Potion"},{"floor":18.0,"key":"Strength Potion"}],"is_trial":false,"path_per_floor":["M","?","?","M","?","R","M","M","T","?","E","$","R","M","R","B",null,"M","?","?","M","M","R"],"character_chosen":"DEFECT","items_purchased":["Defragment","Dexterity Potion"],"campfire_rested":0,"item_purchase_floors":[12,12],"current_hp_per_floor":[55,55,85,84,84,84,72,69,69,69,66,66,66,63,63,28,71,70,58,58,52,30,30,30],"gold":141,"neow_bonus":"","is_prod":false,"is_daily":false,"chose_seed":false,"campfire_upgraded":1,"win_rate":0,"timestamp":1538498495,"path_taken":["M","?","?","?","?","R","M","M","T","?","E","$","R","M","R","BOSS","M","?","?","M","M","R","E"],"build_version":"2018-09-27","purchased_purges":1,"victory":false,"max_hp_per_floor":[75,75,85,85,85,85,85,85,85,85,85,85,85,85,85,85,85,85,85,85,85,85,85,85],"card_choices":[{"not_picked":["Reprogram","Static Discharge"],"picked":"Defragment","floor":1.0},{"not_picked":["Compile Driver","Coolheaded"],"picked":"Undo","floor":4.0},{"not_picked":["Coolheaded","Streamline"],"picked":"Double Energy","floor":7.0},{"not_picked":["Tempest","Compile Driver"],"picked":"Core Surge","floor":8.0},{"not_picked":["Stack","Meteor Strike"],"picked":"Conserve Battery","floor":11.0},{"not_picked":["Barrage","Recycle"],"picked":"Tempest","floor":14.0},{"not_picked":["Biased Cognition","Rainbow"],"picked":"Reboot","floor":16.0},{"not_picked":["Stack","Self Repair"],"picked":"Leap+1","floor":18.0},{"not_picked":["Turbo","Hologram+1"],"picked":"Sweeping Beam+1","floor":21.0},{"not_picked":["Ball Lightning","Go for the Eyes+1"],"picked":"FTL","floor":22}],"player_experience":1023091,"relics_obtained":[{"floor":9.0,"key":"Pen Nib"},{"floor":11.0,"key":"Shovel"},{"floor":13.0,"key":"Ancient Tea Set"},{"floor":15.0,"key":"Unceasing Top"},{"floor":23,"key":"Dream Catcher"}],"event_choices":[{"event_name":"Match and Keep!","player_choice":"2 cards matched","floor":2.0,"damage_taken":0.0},{"event_name":"Bonfire Elementals","player_choice":"RARE","floor":3.0,"damage_taken":0.0},{"event_name":"The Woman in Blue","player_choice":"Bought 1 Potion","floor":5.0,"damage_taken":0.0},{"event_name":"Big Fish","player_choice":"Box","floor":10.0,"damage_taken":0.0},{"event_name":"Colosseum","player_choice":"Fight","floor":19.0,"damage_taken":0.0},{"event_name":"Colosseum","player_choice":"Fled From Nobs","floor":19.0,"damage_taken":0.0},{"event_name":"Ghosts","player_choice":"Ignored","floor":20.0,"damage_taken":0.0}],"is_beta":false,"boss_relics":[{"not_picked":["Runic Dome","White Beast Statue"],"picked":"Ectoplasm"}],"items_purged_floors":[12],"is_endless":false,"potions_floor_spawned":[1,4,7,14,16,18],"killed_by":"Gremlin Leader","ascension_level":9}