{"gold_per_floor":[112,112,112,112,72,72,84,118,143,68,97,97,123,136,136,234,234,220,220],"floor_reached":19,"playtime":571,"items_purged":["Regret"],"score":300,"play_id":"6343d799-31af-4a6f-bfa8-9f3e4387e180","local_time":"20181108150327","is_ascension_mode":true,"campfire_choices":[{"data":"Redo","floor":6.0,"key":"SMITH"},{"floor":12.0,"key":"REST"},{"data":"1","floor":15.0,"key":"LIFT"}],"neow_cost":"CURSE","seed_source_timestamp":76478944108768,"circlet_count":0,"master_deck":["AscendersBane","Strike_B","Strike_B","Strike_B","Strike_B","Defend_B","Defend_B","Defend_B","Defend_B","Zap","Dualcast","Redo+1","Defragment","Loop","Glacier","Auto Shields","Reboot","Coolheaded+1"],"special_seed":0,"relics":["Cracked Core","Happy Flower","Singing Bowl","Vajra","Omamori","Ancient Tea Set","Girya","Runic Pyramid"],"potions_floor_usage":[16,19],"damage_taken":[{"damage":8.0,"enemies":"Small Slimes","floor":1.0,"turns":3.0},{"damage":7.0,"enemies":"Jaw Worm","floor":7.0,"turns":3.0},{"damage":16.0,"enemies":"Lagavulin","floor":8.0,"turns":5.0},{"damage":20.0,"enemies":"3 Sentries","floor":11.0,"turns":6.0},{"damage":20.0,"enemies":"Lagavulin","floor":13.0,"turns":6.0},{"damage":0.0,"enemies":"Cultist","floor":14.0,"turns":3.0},{"damage":3,"enemies":"The Guardian","floor":16,"turns":14},{"damage":24,"enemies":"2 Thieves","floor":18,"turns":4},{"damage":13,"enemies":"Shell Parasite","floor":19,"turns":4}],"seed_played":"1451526944567108949","potions_obtained":[{"floor":5.0,"key":"EntropicBrew"},{"floor":5.0,"key":"EssenceOfSteel"},{"floor":5.0,"key":"PowerPotion"},{"floor":11.0,"key":"Explosive Potion"},{"floor":13.0,"key":"LiquidBronze"},{"floor":16,"key":"FairyPotion"},{"floor":18,"key":"PowerPotion"}],"is_trial":false,"path_per_floor":["M","?","T","?","?","R","M","E","T","$","E","R","E","M","R","B",null,"M","M"],"character_chosen":"DEFECT","items_purchased":[],"campfire_rested":1,"item_purchase_floors":[],"current_hp_per_floor":[74,74,74,74,74,74,69,53,53,53,33,60,40,40,40,37,78,54,41],"gold":220,"neow_bonus":"TWENTY_PERCENT_HP_BONUS","is_prod":false,"is_daily":false,"chose_seed":false,"campfire_upgraded":1,"win_rate":0,"timestamp":1541685807,"path_taken":["M","?","?","?","?","R","?","E","T","$","E","R","E","M","R","BOSS","M","M"],"build_version":"2018-11-01","purchased_purges":1,"victory":false,"max_hp_per_floor":[89,89,89,89,89,89,91,91,91,91,91,91,91,91,91,91,91,91,91],"card_choices":[{"not_picked":["Go for the Eyes","Blizzard"],"picked":"Redo","floor":1.0},{"not_picked":["Compile Driver","Stack","Redo"],"picked":"Singing Bowl","floor":7.0},{"not_picked":["Undo","Gash"],"picked":"Defragment","floor":8.0},{"not_picked":["Turbo","Redo"],"picked":"Loop","floor":11.0},{"not_picked":["Melter","Coolheaded"],"picked":"Glacier","floor":13.0},{"not_picked":["Barrage","FTL"],"picked":"Auto Shields","floor":14.0},{"not_picked":["Creative AI","Biased Cognition"],"picked":"Reboot","floor":16},{"not_picked":["Stack+1","Compile Driver+1"],"picked":"Coolheaded+1","floor":18}],"player_experience":1144274,"relics_obtained":[{"floor":3.0,"key":"Singing Bowl"},{"floor":8.0,"key":"Vajra"},{"floor":9.0,"key":"Omamori"},{"floor":11.0,"key":"Ancient Tea Set"},{"floor":13.0,"key":"Girya"}],"event_choices":[{"damage_healed":0.0,"max_hp_gain":0.0,"max_hp_loss":0.0,"gold_gain":0.0,"event_name":"Big Fish","player_choice":"Box","floor":2.0,"gold_loss":0.0,"damage_taken":0.0,"relics_obtained":["Happy Flower"],"cards_obtained":["Regret"]},{"cards_removed":["Regret"],"damage_healed":0.0,"max_hp_gain":0.0,"max_hp_loss":0.0,"gold_gain":0.0,"event_name":"Living Wall","player_choice":"Forget","floor":4.0,"gold_loss":0.0,"damage_taken":0.0},{"damage_healed":0.0,"max_hp_gain":0.0,"max_hp_loss":0.0,"gold_gain":0.0,"event_name":"The Woman in Blue","player_choice":"Bought 3 Potions","floor":5.0,"gold_loss":0.0,"damage_taken":0.0}],"is_beta":false,"boss_relics":[{"not_picked":["Snecko Eye","Runic Dome"],"picked":"Runic Pyramid"}],"items_purged_floors":[10],"is_endless":false,"potions_floor_spawned":[11,13,16,18],"killed_by":"Shell Parasite","ascension_level":10}