{"gold_per_floor":[117,64,78,78,78,78,97,110,110,39,73,84,102,82,82,181,181,151,151,171,92,92,92],"floor_reached":23,"playtime":799,"items_purged":[],"score":290,"play_id":"1e971809-4d1d-42bc-88f9-856658d46884","local_time":"20181024191905","is_ascension_mode":true,"campfire_choices":[{"data":"Dodge and Roll","floor":6,"key":"SMITH"},{"floor":15,"key":"REST"}],"neow_cost":"NONE","seed_source_timestamp":0,"circlet_count":0,"master_deck":["Defend_G+1","Defend_G+1","Defend_G+1","Defend_G+1","Defend_G+1","Strike_G+1","Strike_G+1","Strike_G+1","Strike_G+1","Survivor","Neutralize","AscendersBane","PiercingWail","Sucker Punch","Dagger Throw","Dodge and Roll+1","Blur","Slice","Quick Slash","All Out Attack","Concentrate","Bullet Time","Terror","Footwork","Unload","Decay","Writhe","Decay","Quick Slash+1","Riddle With Holes+1","Leg Sweep"],"special_seed":0,"relics":["Ring of the Snake","Pear","Smiling Mask","Tingsha","Calling Bell","Blood Vial","Ornamental Fan","Incense Burner","GremlinMask"],"potions_floor_usage":[12,12,16,16],"damage_taken":[{"damage":12,"enemies":"Small Slimes","floor":1,"turns":6},{"damage":0,"enemies":"Jaw Worm","floor":3,"turns":4},{"damage":0,"enemies":"Cultist","floor":7,"turns":5},{"damage":1,"enemies":"Blue Slaver","floor":8,"turns":5},{"damage":30,"enemies":"Gremlin Nob","floor":11,"turns":6},{"damage":0,"enemies":"Lots of Slimes","floor":12,"turns":3},{"damage":0,"enemies":"2 Fungi Beasts","floor":13,"turns":2},{"damage":13,"enemies":"Exordium Thugs","floor":14,"turns":4},{"damage":6,"enemies":"Hexaghost","floor":16,"turns":13},{"damage":20,"enemies":"2 Thieves","floor":18,"turns":5},{"damage":41,"enemies":"Spheric Guardian","floor":20,"turns":6},{"damage":0,"enemies":"Gremlin Leader","floor":23,"turns":1}],"seed_played":"6767405112070579818","potions_obtained":[{"floor":7,"key":"SneckoOil"},{"floor":11,"key":"EntropicBrew"},{"floor":16,"key":"Dexterity Potion"}],"is_trial":false,"path_per_floor":["M","$","M","?","?","R","M","M","T","$","E","M","M","M","R","B",null,"M","?","M","$","?"],"character_chosen":"THE_SILENT","items_purchased":["Dagger Throw","All Out Attack","Leg Sweep"],"campfire_rested":1,"item_purchase_floors":[2,10,21],"current_hp_per_floor":[51,51,51,58,58,58,58,57,57,57,27,27,27,14,38,32,68,50,50,11,11,11,13],"gold":92,"neow_bonus":"THREE_CARDS","is_prod":false,"is_daily":false,"chose_seed":false,"campfire_upgraded":1,"win_rate":0,"timestamp":1540401545,"path_taken":["M","$","M","?","?","R","M","M","T","$","E","?","M","M","R","BOSS","M","?","M","$","?","E"],"build_version":"2018-10-18","purchased_purges":0,"victory":false,"max_hp_per_floor":[70,70,70,80,80,80,80,80,80,80,80,80,80,80,80,80,80,80,80,80,80,80,80],"card_choices":[{"not_picked":["Outmaneuver","Masterful Stab"],"picked":"PiercingWail","floor":0.0},{"not_picked":["Flying Knee","Outmaneuver"],"picked":"Sucker Punch","floor":1},{"not_picked":["Sucker Punch","Bane"],"picked":"Dodge and Roll","floor":3},{"not_picked":["Acrobatics","Cloak And Dagger"],"picked":"Slice","floor":7},{"not_picked":["Blur","Prepared"],"picked":"Quick Slash","floor":8},{"not_picked":["Cloak And Dagger","Slice"],"picked":"Concentrate","floor":11},{"not_picked":["Slice","Bane"],"picked":"Bullet Time","floor":12},{"not_picked":["Dagger Throw","Reflex"],"picked":"Terror","floor":13},{"not_picked":["Masterful Stab","Accuracy"],"picked":"Footwork","floor":14},{"not_picked":["Envenom","Glass Knife"],"picked":"Unload","floor":16},{"not_picked":["Acrobatics","Poisoned Stab+1"],"picked":"Quick Slash+1","floor":18},{"not_picked":["Bane+1","Deadly Poison"],"picked":"Riddle With Holes+1","floor":20}],"player_experience":1103579,"relics_obtained":[{"floor":9,"key":"Smiling Mask"},{"floor":11,"key":"Tingsha"},{"floor":17,"key":"Blood Vial"},{"floor":17,"key":"Ornamental Fan"},{"floor":17,"key":"Incense Burner"}],"event_choices":[{"damage_healed":0,"gold_gain":0,"player_choice":"Success","damage_taken":3,"relics_obtained":["Pear"],"max_hp_gain":0,"max_hp_loss":0,"event_name":"Scrap Ooze","floor":4,"gold_loss":0},{"damage_healed":0,"gold_gain":0,"cards_transformed":["Strike_G"],"player_choice":"Transformed","damage_taken":0,"max_hp_gain":0,"max_hp_loss":0,"event_name":"Transmorgrifier","floor":5,"gold_loss":0,"cards_obtained":["Blur"]},{"damage_healed":0,"gold_gain":0,"player_choice":"Trade","damage_taken":0,"relics_obtained":["GremlinMask"],"max_hp_gain":0,"max_hp_loss":0,"event_name":"FaceTrader","floor":19,"gold_loss":0},{"damage_healed":0,"gold_gain":0,"player_choice":"Simplicity","damage_taken":0,"max_hp_gain":0,"max_hp_loss":0,"event_name":"Back to Basics","floor":22,"gold_loss":0,"cards_upgraded":["Defend_G","Defend_G","Defend_G","Defend_G","Defend_G","Strike_G","Strike_G","Strike_G","Strike_G"]}],"is_beta":false,"boss_relics":[{"not_picked":["Empty Cage","Orrery"],"picked":"Calling Bell"}],"items_purged_floors":[],"is_endless":false,"potions_floor_spawned":[7,11,14,16],"killed_by":"Gremlin Leader","ascension_level":10}