{"gold_per_floor":[113,129,129,54,64,64,84,159,159,193,193,211,211,225,225,225],"floor_reached":16,"playtime":1029,"items_purged":["Strike_R"],"score":102,"play_id":"733e6634-fa2a-4afc-a752-d10434828db3","local_time":"20190220214847","is_ascension_mode":false,"campfire_choices":[{"data":"Shrug It Off","floor":6,"key":"SMITH"},{"floor":11,"key":"REST"},{"data":"Double Tap","floor":13,"key":"SMITH"},{"data":"Uppercut","floor":15,"key":"SMITH"}],"neow_cost":"NONE","seed_source_timestamp":8749557651660,"circlet_count":0,"master_deck":["Strike_R","Strike_R","Strike_R","Strike_R","Defend_R","Defend_R","Defend_R","Defend_R","Bash","Pommel Strike","Shrug It Off+1","Uppercut+1","Double Tap+1","Shrug It Off","Shrug It Off"],"relics":["Burning Blood","NeowsBlessing","Bottled Lightning","Darkstone Periapt"],"potions_floor_usage":[10,16],"damage_taken":[{"damage":0,"enemies":"Cultist","floor":1,"turns":1},{"damage":0,"enemies":"Jaw Worm","floor":2,"turns":1},{"damage":0,"enemies":"2 Louse","floor":5,"turns":1},{"damage":11,"enemies":"Looter","floor":7,"turns":4},{"damage":44,"enemies":"Lagavulin","floor":10,"turns":6},{"damage":18,"enemies":"Exordium Thugs","floor":12,"turns":5},{"damage":4,"enemies":"2 Fungi Beasts","floor":14,"turns":4},{"damage":48,"enemies":"Hexaghost","floor":16,"turns":14}],"seed_played":"-4036875746991831222","potions_obtained":[{"floor":1,"key":"Fire Potion"},{"floor":10,"key":"SpeedPotion"}],"is_trial":false,"path_per_floor":["M","M","?","$","M","R","M","?","T","E","R","M","R","M","R","B"],"character_chosen":"IRONCLAD","items_purchased":[],"campfire_rested":1,"item_purchase_floors":[],"current_hp_per_floor":[80,80,85,85,85,85,80,69,69,31,56,44,44,46,46,0],"gold":225,"neow_bonus":"THREE_ENEMY_KILL","is_prod":false,"is_daily":false,"chose_seed":false,"campfire_upgraded":3,"win_rate":0.0,"timestamp":1550724527,"path_taken":["M","?","?","$","M","R","M","?","T","E","R","M","R","M","R","BOSS"],"build_version":"2019-01-23","purchased_purges":1,"victory":false,"max_hp_per_floor":[80,80,85,85,85,85,85,85,85,85,85,85,85,85,85,85],"card_choices":[{"not_picked":["Rage","Thunderclap","Perfected Strike"],"picked":"SKIP","floor":1},{"not_picked":["Second Wind","Power Through"],"picked":"Pommel Strike","floor":2},{"not_picked":["Flex","Body Slam"],"picked":"Shrug It Off","floor":5},{"not_picked":["Sever Soul","Dual Wield"],"picked":"Uppercut","floor":7},{"not_picked":["Uppercut","Headbutt"],"picked":"Double Tap","floor":10},{"not_picked":["Hemokinesis","Pommel Strike"],"picked":"Shrug It Off","floor":12},{"not_picked":["Battle Trance","Thunderclap"],"picked":"Shrug It Off","floor":14}],"player_experience":44188,"relics_obtained":[{"floor":9,"key":"Bottled Lightning"},{"floor":10,"key":"Darkstone Periapt"}],"event_choices":[{"damage_healed":0,"gold_gain":0,"player_choice":"Donut","damage_taken":0,"max_hp_gain":5,"max_hp_loss":0,"event_name":"Big Fish","floor":3,"gold_loss":0},{"damage_healed":0,"gold_gain":75,"player_choice":"Gather Gold","damage_taken":11,"max_hp_gain":0,"max_hp_loss":0,"event_name":"World of Goop","floor":8,"gold_loss":0}],"is_beta":false,"boss_relics":[],"items_purged_floors":[4],"is_endless":false,"potions_floor_spawned":[1,10],"killed_by":"Hexaghost","ascension_level":0}