{"gold_per_floor":[19,35,50,50,50,82,82,99,168,168,188,223,96,112,112,209,209,149,180,180,196,213,246,266,279,306,338,348,383,383,401,401,505,505,518,535,535,435,435,447,447,99,171,188,217,235,335,354,354,354],"floor_reached":51,"playtime":8512,"items_purged":["Defend_B","Strike_B","Strike_B"],"score":826,"play_id":"a2dd16b1-d9a3-4dba-a543-1e8c310b9326","local_time":"20190220072450","is_ascension_mode":false,"campfire_choices":[{"data":"Consume","floor":7,"key":"SMITH"},{"data":"Sweeping Beam","floor":10,"key":"SMITH"},{"data":"Leap","floor":15,"key":"SMITH"},{"data":"Defragment","floor":30,"key":"SMITH"},{"data":"Echo Form","floor":32,"key":"SMITH"},{"data":"Loop","floor":41,"key":"SMITH"},{"data":"Defragment","floor":49,"key":"SMITH"}],"neow_cost":"NO_GOLD","seed_source_timestamp":40604061101010,"circlet_count":0,"master_deck":["Defend_B","Defend_B","Zap","Blizzard","Sweeping Beam+1","Leap","BootSequence","Consume+1","Coolheaded","Cold Snap","Leap+1","BootSequence","Coolheaded","Amplify","Self Repair","Static Discharge+1","Reboot+1","Glacier+1","Defragment+1","Ball Lightning","Ball Lightning+1","Reinforced Body+1","Echo Form+1","Loop+1","Fusion+1","Madness+1","Madness+1","White Noise+1","Apotheosis+1","Defragment+1","Conserve Battery+1","Hologram+1"],"relics":["Cracked Core","Incense Burner","Mercury Hourglass","Juzu Bracelet","Black Star","Red Mask","FossilizedHelix","Toxic Egg 2","Oddly Smooth Stone","Orichalcum","Meat on the Bone","Shuriken","Strawberry","Coffee Dripper","Letter Opener","Boot","Bottled Lightning"],"potions_floor_usage":[12,21,22,23,23,29,33,50,50],"damage_taken":[{"damage":0,"enemies":"Small Slimes","floor":1,"turns":3},{"damage":1,"enemies":"Jaw Worm","floor":2,"turns":3},{"damage":0,"enemies":"2 Louse","floor":3,"turns":3},{"damage":12,"enemies":"3 Sentries","floor":6,"turns":7},{"damage":0,"enemies":"Exordium Wildlife","floor":8,"turns":4},{"damage":0,"enemies":"Blue Slaver","floor":11,"turns":4},{"damage":17,"enemies":"Lagavulin","floor":12,"turns":8},{"damage":0,"enemies":"Looter","floor":14,"turns":3},{"damage":8,"enemies":"Slime Boss","floor":16,"turns":11},{"damage":6,"enemies":"2 Thieves","floor":18,"turns":4},{"damage":10,"enemies":"Masked Bandits","floor":19,"turns":4},{"damage":5,"enemies":"Shell Parasite","floor":21,"turns":10},{"damage":14,"enemies":"Snecko","floor":22,"turns":6},{"damage":11,"enemies":"Slavers","floor":23,"turns":6},{"damage":9,"enemies":"Centurion and Healer","floor":24,"turns":9},{"damage":14,"enemies":"Cultist and Chosen","floor":25,"turns":7},{"damage":21,"enemies":"Book of Stabbing","floor":27,"turns":7},{"damage":0,"enemies":"Shelled Parasite and Fungi","floor":28,"turns":14},{"damage":16,"enemies":"Gremlin Leader","floor":29,"turns":7},{"damage":0,"enemies":"Snecko","floor":31,"turns":7},{"damage":0,"enemies":"Automaton","floor":33,"turns":11},{"damage":0,"enemies":"Orb Walker","floor":35,"turns":5},{"damage":14,"enemies":"3 Shapes","floor":36,"turns":5},{"damage":7,"enemies":"Spire Growth","floor":40,"turns":4},{"damage":0,"enemies":"Sphere and 2 Shapes","floor":44,"turns":8},{"damage":0,"enemies":"Giant Head","floor":45,"turns":10},{"damage":11,"enemies":"Jaw Worm Horde","floor":46,"turns":5},{"damage":0,"enemies":"Maw","floor":48,"turns":9},{"damage":27,"enemies":"Awakened One","floor":50,"turns":13}],"seed_played":"8424377493968927800","potions_obtained":[{"floor":2,"key":"Energy Potion"},{"floor":11,"key":"AttackPotion"},{"floor":12,"key":"Swift Potion"},{"floor":19,"key":"FocusPotion"},{"floor":21,"key":"Energy Potion"},{"floor":24,"key":"SteroidPotion"},{"floor":27,"key":"EssenceOfSteel"},{"floor":28,"key":"SkillPotion"},{"floor":31,"key":"FocusPotion"},{"floor":35,"key":"Strength Potion"},{"floor":48,"key":"Fruit Juice"}],"is_trial":false,"path_per_floor":["M","M","M","?","?","E","R","M","T","R","M","E","$","M","R","B",null,"M","?","?","M","M","E","M","M","T","E","M","E","R","M","R","B",null,"M","M","?","$","?","M","R","$","T","M","E","M","?","M","R","B",null],"character_chosen":"DEFECT","items_purchased":["Coolheaded","Apotheosis+1","Defragment"],"campfire_rested":0,"item_purchase_floors":[13,42,42],"current_hp_per_floor":[75,74,74,74,79,67,67,67,67,67,67,50,50,50,50,42,80,74,71,71,73,66,62,60,53,53,39,58,56,56,70,70,70,87,87,87,76,76,76,69,69,69,69,69,87,76,76,86,86,74],"gold":354,"neow_bonus":"TRANSFORM_TWO_CARDS","is_prod":false,"is_daily":false,"chose_seed":false,"campfire_upgraded":7,"win_rate":0.0,"timestamp":1550672690,"path_taken":["M","M","M","?","?","E","R","M","T","R","M","E","$","M","R","BOSS","M","?","?","M","M","E","M","M","T","E","M","E","R","M","R","BOSS","M","M","?","$","?","M","R","$","T","M","E","M","?","M","R","BOSS"],"build_version":"2019-01-23","purchased_purges":3,"victory":true,"max_hp_per_floor":[75,75,75,75,80,80,80,80,80,80,80,80,80,80,80,80,80,80,80,80,80,80,80,80,80,80,80,80,87,87,87,87,87,87,87,87,87,87,87,87,87,87,87,87,87,87,87,87,87,92],"card_choices":[{"not_picked":["Streamline","Gash"],"picked":"Leap","floor":1},{"not_picked":["Redo","Hologram"],"picked":"BootSequence","floor":2},{"not_picked":["Leap","Auto Shields"],"picked":"Consume","floor":3},{"not_picked":["Machine Learning","Steam"],"picked":"Coolheaded","floor":6},{"not_picked":["Blizzard","Streamline"],"picked":"Cold Snap","floor":8},{"not_picked":["Darkness","Steam"],"picked":"Leap","floor":11},{"not_picked":["Stack","Streamline"],"picked":"BootSequence","floor":12},{"not_picked":["Stack","Gash","Hello World"],"picked":"SKIP","floor":14},{"not_picked":["Thunder Strike","Multi-Cast"],"picked":"Amplify","floor":16},{"not_picked":["Ball Lightning","Force Field+1"],"picked":"Self Repair","floor":18},{"not_picked":["Scrape+1","Coolheaded","Go for the Eyes"],"picked":"SKIP","floor":21},{"not_picked":["Go for the Eyes","Barrage+1"],"picked":"Static Discharge+1","floor":22},{"not_picked":["Go for the Eyes","Multi-Cast"],"picked":"Reboot","floor":23},{"not_picked":["Stack+1","Rebound"],"picked":"Glacier+1","floor":24},{"not_picked":["Conserve Battery+1","Barrage"],"picked":"Defragment","floor":25},{"not_picked":["BootSequence+1","Stack+1"],"picked":"Ball Lightning","floor":27},{"not_picked":["Doom and Gloom+1","Compile Driver"],"picked":"Ball Lightning+1","floor":28},{"not_picked":["Gash","Barrage"],"picked":"Reinforced Body+1","floor":29},{"not_picked":["Steam+1","Sweeping Beam+1"],"picked":"Echo Form","floor":31},{"not_picked":["Stack+1","Sweeping Beam"],"picked":"Loop","floor":35},{"not_picked":["Scrape+1","Beam Cell+1"],"picked":"Fusion+1","floor":36},{"not_picked":["Force Field+1","Steam Power+1"],"picked":"White Noise+1","floor":40},{"not_picked":["Rip and Tear+1","Fusion+1","Stack+1"],"picked":"SKIP","floor":44},{"not_picked":["Ball Lightning+1","Rip and Tear+1"],"picked":"Conserve Battery+1","floor":45},{"not_picked":["Leap+1","Redo+1","Rip and Tear+1"],"picked":"SKIP","floor":46},{"not_picked":["All For One","Go for the Eyes+1"],"picked":"Hologram+1","floor":48}],"player_experience":10957,"relics_obtained":[{"floor":6,"key":"Incense Burner"},{"floor":9,"key":"Mercury Hourglass"},{"floor":12,"key":"Juzu Bracelet"},{"floor":19,"key":"Red Mask"},{"floor":23,"key":"FossilizedHelix"},{"floor":23,"key":"Toxic Egg 2"},{"floor":26,"key":"Oddly Smooth Stone"},{"floor":27,"key":"Orichalcum"},{"floor":27,"key":"Meat on the Bone"},{"floor":29,"key":"Shuriken"},{"floor":29,"key":"Strawberry"},{"floor":43,"key":"Letter Opener"},{"floor":45,"key":"Boot"},{"floor":45,"key":"Bottled Lightning"}],"event_choices":[{"damage_healed":0,"gold_gain":0,"player_choice":"Ignored","damage_taken":0,"max_hp_gain":0,"max_hp_loss":0,"event_name":"Liars Game","floor":4,"gold_loss":0},{"damage_healed":0,"gold_gain":0,"player_choice":"Donut","damage_taken":0,"max_hp_gain":5,"max_hp_loss":0,"event_name":"Big Fish","floor":5,"gold_loss":0},{"damage_healed":0,"gold_gain":0,"player_choice":"Fought Bandits","damage_taken":0,"max_hp_gain":0,"max_hp_loss":0,"event_name":"Masked Bandits","floor":19,"gold_loss":0},{"cards_removed":["Defend_B"],"damage_healed":0,"gold_gain":0,"player_choice":"Elegance","damage_taken":0,"max_hp_gain":0,"max_hp_loss":0,"event_name":"Back to Basics","floor":20,"gold_loss":0},{"damage_healed":0,"gold_gain":0,"player_choice":"Embrace Madness","damage_taken":11,"max_hp_gain":0,"max_hp_loss":0,"event_name":"Winding Halls","floor":37,"gold_loss":0,"cards_obtained":["Madness","Madness"]},{"cards_removed":["Dualcast"],"damage_healed":0,"gold_gain":0,"player_choice":"Removed Skill","damage_taken":0,"max_hp_gain":0,"max_hp_loss":0,"event_name":"Falling","floor":39,"gold_loss":0},{"damage_healed":0,"gold_gain":100,"player_choice":"Pray","damage_taken":0,"max_hp_gain":0,"max_hp_loss":0,"event_name":"Golden Shrine","floor":47,"gold_loss":0}],"is_beta":false,"boss_relics":[{"not_picked":["Cursed Key","Astrolabe"],"picked":"Black Star"},{"not_picked":["Runic Pyramid","Runic Dome"],"picked":"Coffee Dripper"}],"items_purged_floors":[13,38,42],"is_endless":false,"potions_floor_spawned":[2,11,12,19,21,24,27,28,31,35,44,48],"ascension_level":0}