{"gold_per_floor":[112,127,202,202,202,202,236,247,247,45,45,76,90,125,125,202,202,202],"floor_reached":18,"playtime":507,"items_purged":[],"score":406,"play_id":"bb160c9d-7ddb-430d-9517-36ae493ad9fa","local_time":"20181108172543","is_ascension_mode":true,"campfire_choices":[{"data":"Rip and Tear","floor":6.0,"key":"SMITH"},{"data":"Zap","floor":11.0,"key":"SMITH"},{"floor":15.0,"key":"REST"}],"neow_cost":"NONE","seed_source_timestamp":0,"circlet_count":0,"master_deck":["AscendersBane","Strike_B","Strike_B","Strike_B","Defend_B","Defend_B","Defend_B","Defend_B","Zap+1","Dualcast","Rip and Tear+1","Cold Snap","All For One","Sweeping Beam","Echo Form","Ball Lightning","Coolheaded","Leap","Stack","Creative AI"],"special_seed":0,"relics":["FrozenCore","NeowsBlessing","Matryoshka","Anchor","Juzu Bracelet","Letter Opener","Orichalcum"],"potions_floor_usage":[],"damage_taken":[{"damage":0.0,"enemies":"2 Louse","floor":1.0,"turns":1.0},{"damage":0.0,"enemies":"Small Slimes","floor":2.0,"turns":1.0},{"damage":0.0,"enemies":"Gremlin Nob","floor":7.0,"turns":1.0},{"damage":0.0,"enemies":"Cultist","floor":8.0,"turns":2.0},{"damage":21.0,"enemies":"Lagavulin","floor":12.0,"turns":6.0},{"damage":9.0,"enemies":"Exordium Wildlife","floor":13.0,"turns":3.0},{"damage":5.0,"enemies":"3 Sentries","floor":14.0,"turns":5.0},{"damage":38.0,"enemies":"Hexaghost","floor":16.0,"turns":10.0},{"damage":0,"enemies":"2 Thieves","floor":18,"turns":1}],"seed_played":"-9055303771821320047","potions_obtained":[{"floor":1.0,"key":"SkillPotion"},{"floor":8.0,"key":"Dexterity Potion"},{"floor":13.0,"key":"SkillPotion"},{"floor":14.0,"key":"Regen Potion"}],"is_trial":false,"path_per_floor":["M","M","?","$","?","R","E","M","T","$","R","E","M","E","R","B",null,"M"],"character_chosen":"DEFECT","items_purchased":["Echo Form","Ball Lightning"],"campfire_rested":1,"item_purchase_floors":[10,10],"current_hp_per_floor":[64,64,53,53,46,46,46,46,46,46,46,25,16,11,32,9,56,56],"gold":202,"neow_bonus":"THREE_ENEMY_KILL","is_prod":false,"is_daily":false,"chose_seed":false,"campfire_upgraded":2,"win_rate":0,"timestamp":1541715943,"path_taken":["M","M","?","$","?","R","E","M","T","$","R","E","M","E","R","BOSS","M"],"build_version":"2018-11-07","purchased_purges":0,"victory":false,"max_hp_per_floor":[71,71,71,71,71,71,71,71,71,71,71,71,71,71,71,71,71,71],"card_choices":[{"not_picked":["Steam","Fusion"],"picked":"Rip and Tear","floor":1.0},{"not_picked":["Chill","Self Repair"],"picked":"Cold Snap","floor":2.0},{"not_picked":["Doom and Gloom","Hologram"],"picked":"All For One","floor":7.0},{"not_picked":["White Noise","Rebound"],"picked":"Sweeping Beam","floor":8.0},{"not_picked":["Leap","White Noise"],"picked":"Coolheaded","floor":12.0},{"not_picked":["Coolheaded","Sweeping Beam"],"picked":"Leap","floor":13.0},{"not_picked":["Gash","Redo"],"picked":"Stack","floor":14.0},{"not_picked":["Thunder Strike","Fission"],"picked":"Creative AI","floor":16.0}],"player_experience":1166681,"relics_obtained":[{"floor":7.0,"key":"Matryoshka"},{"floor":9.0,"key":"Anchor"},{"floor":9.0,"key":"Juzu Bracelet"},{"floor":12.0,"key":"Letter Opener"},{"floor":14.0,"key":"Orichalcum"}],"event_choices":[{"damage_healed":0.0,"max_hp_gain":0.0,"max_hp_loss":0.0,"gold_gain":75.0,"event_name":"World of Goop","player_choice":"Gather Gold","floor":3.0,"gold_loss":0.0,"damage_taken":11.0},{"cards_removed":["Strike_B"],"damage_healed":0.0,"max_hp_gain":0.0,"max_hp_loss":0.0,"gold_gain":0.0,"event_name":"Golden Wing","player_choice":"Card Removal","floor":5.0,"gold_loss":0.0,"damage_taken":7.0}],"is_beta":true,"boss_relics":[{"not_picked":["Lizard Tail","White Beast Statue"],"picked":"FrozenCore"}],"items_purged_floors":[],"is_endless":false,"potions_floor_spawned":[1,8,13,14],"killed_by":"2 Thieves","ascension_level":20}