{"gold_per_floor":[109,109,127,1,1,1,29,42,42,42,61,76,76,76,76,154,154,172,31,31,31,31,31,50,77,100,113,129,129,141,89,89,164,164,179,192,292,122,139,167,167,167,167,167,30,30,30,43,43,43],"floor_reached":51,"playtime":6386,"items_purged":["Strike_R","Strike_R","Strike_R"],"score":1102,"play_id":"73813eb1-f562-4d45-a0eb-12f71ab2664f","local_time":"20190213003451","is_ascension_mode":true,"campfire_choices":[{"data":"Armaments","floor":6.0,"key":"SMITH"},{"data":"Metallicize","floor":13.0,"key":"SMITH"},{"data":"Offering","floor":15.0,"key":"SMITH"},{"data":"Reaper","floor":23.0,"key":"SMITH"},{"data":"Disarm","floor":29.0,"key":"SMITH"},{"data":"Anger","floor":32.0,"key":"SMITH"},{"data":"Metallicize","floor":41,"key":"SMITH"},{"data":"Bash","floor":42,"key":"SMITH"},{"data":"Clothesline","floor":44,"key":"SMITH"},{"floor":49,"key":"REST"}],"neow_cost":"NONE","seed_source_timestamp":0,"circlet_count":0,"master_deck":["AscendersBane","Defend_R","Defend_R","Defend_R","Bash+1","Disarm+1","Iron Wave","Armaments+1","Offering+1","Rage","Cleave","Anger+1","Metallicize+1","Reaper+1","Whirlwind","Shrug It Off","Clothesline+1","Metallicize+1","Pommel Strike","Finesse","Trip","Discovery","Brutality"],"special_seed":0,"relics":["Burning Blood","Mummified Hand","Torii","Vajra","Busted Crown","CultistMask","Thread and Needle","Bag of Preparation","Runic Dome","WingedGreaves","Lantern","Nunchaku"],"potions_floor_usage":[40,50,50],"damage_taken":[{"damage":6.0,"enemies":"2 Louse","floor":1.0,"turns":3.0},{"damage":3.0,"enemies":"Cultist","floor":3.0,"turns":4.0},{"damage":21.0,"enemies":"Lagavulin","floor":7.0,"turns":13.0},{"damage":0.0,"enemies":"Small Slimes","floor":8.0,"turns":5.0},{"damage":9.0,"enemies":"3 Louse","floor":11.0,"turns":3.0},{"damage":22.0,"enemies":"Exordium Thugs","floor":12.0,"turns":6.0},{"damage":41.0,"enemies":"Slime Boss","floor":16.0,"turns":14.0},{"damage":16.0,"enemies":"Spheric Guardian","floor":18.0,"turns":4.0},{"damage":7.0,"enemies":"Shell Parasite","floor":24.0,"turns":5.0},{"damage":6.0,"enemies":"Slavers","floor":25.0,"turns":1.0},{"damage":6.0,"enemies":"Snake Plant","floor":27.0,"turns":5.0},{"damage":3.0,"enemies":"Shelled Parasite and Fungi","floor":28.0,"turns":7.0},{"damage":6.0,"enemies":"3 Cultists","floor":30.0,"turns":4.0},{"damage":104.0,"enemies":"Automaton","floor":33.0,"turns":14.0},{"damage":6.0,"enemies":"Orb Walker","floor":35.0,"turns":4.0},{"damage":6.0,"enemies":"3 Darklings","floor":36.0,"turns":2.0},{"damage":6.0,"enemies":"Mind Bloom Boss Battle","floor":37.0,"turns":8.0},{"damage":14.0,"enemies":"Spire Growth","floor":39.0,"turns":5.0},{"damage":41,"enemies":"Nemesis","floor":40,"turns":9},{"damage":7,"enemies":"Jaw Worm Horde","floor":48,"turns":2},{"damage":69,"enemies":"Donu and Deca","floor":50,"turns":11}],"seed_played":"-8298008456706523088","potions_obtained":[{"floor":1.0,"key":"SteroidPotion"},{"floor":8.0,"key":"Ancient Potion"},{"floor":16.0,"key":"Weak Potion"},{"floor":24.0,"key":"Energy Potion"},{"floor":25.0,"key":"Fire Potion"},{"floor":27.0,"key":"Regen Potion"},{"floor":35.0,"key":"PowerPotion"},{"floor":48,"key":"Block Potion"}],"is_trial":false,"path_per_floor":["M","?","M","$","?","R","E","M","T","?","M","M","R","?","R","B",null,"M","$","?","$","?","R","M","E","T","M","M","R","M","$","R","B",null,"M","M","?","$","M","E","R","R","T","R","$","?","?","M","R","B",null],"character_chosen":"IRONCLAD","items_purchased":["Armaments","Whirlwind","Shrug It Off","Clothesline","Pommel Strike","Finesse"],"campfire_rested":1,"item_purchase_floors":[4,19,31,38,45,45],"current_hp_per_floor":[72,72,75,75,75,75,60,66,66,66,63,47,47,52,52,17,68,63,63,63,63,47,47,55,55,55,59,73,73,90,90,90,13,71,80,80,89,89,87,61,61,61,61,61,61,56,56,79,90,57],"gold":43,"neow_bonus":"REMOVE_CARD","is_prod":false,"is_daily":false,"chose_seed":false,"campfire_upgraded":9,"win_rate":0,"timestamp":1549985691,"path_taken":["M","?","?","$","?","R","E","M","T","?","?","M","R","?","R","BOSS","M","$","?","?","?","R","M","E","T","M","M","R","?","$","R","BOSS","M","M","?","$","M","E","R","R","T","R","$","?","?","M","R","BOSS"],"build_version":"2019-01-23","purchased_purges":3,"victory":true,"max_hp_per_floor":[80,80,80,80,80,80,80,80,80,80,80,80,80,85,85,85,85,85,85,85,85,90,90,90,90,90,90,90,90,90,90,90,90,90,90,90,90,90,90,90,90,90,90,90,90,90,90,90,90,90],"card_choices":[{"not_picked":["Combust","Wild Strike"],"picked":"Disarm","floor":1.0},{"not_picked":["Burning Pact","Anger"],"picked":"Iron Wave","floor":3.0},{"not_picked":["Heavy Blade","Flex"],"picked":"Offering","floor":7.0},{"not_picked":["Anger","Thunderclap"],"picked":"Rage","floor":8.0},{"not_picked":["Corruption","Twin Strike"],"picked":"Anger","floor":11.0},{"not_picked":["Rage","Seeing Red"],"picked":"Metallicize","floor":12.0},{"not_picked":["Double Tap","Exhume"],"picked":"Reaper","floor":16.0},{"not_picked":["Headbutt"],"picked":"SKIP","floor":18.0},{"not_picked":["Dropkick+1"],"picked":"SKIP","floor":24.0},{"not_picked":["Wild Strike"],"picked":"SKIP","floor":25.0},{"not_picked":["Anger"],"picked":"SKIP","floor":27.0},{"not_picked":["Headbutt+1"],"picked":"SKIP","floor":28.0},{"not_picked":["Corruption"],"picked":"SKIP","floor":30.0},{"not_picked":["Havoc"],"picked":"SKIP","floor":35.0},{"not_picked":["Perfected Strike"],"picked":"SKIP","floor":36.0},{"not_picked":[],"picked":"Metallicize","floor":39.0},{"not_picked":["Heavy Blade"],"picked":"SKIP","floor":40},{"not_picked":[],"picked":"Trip","floor":46},{"not_picked":[],"picked":"Discovery","floor":46},{"not_picked":["Cleave"],"picked":"SKIP","floor":48}],"player_experience":551370,"relics_obtained":[{"floor":7.0,"key":"Torii"},{"floor":9.0,"key":"Vajra"},{"floor":25.0,"key":"Thread and Needle"},{"floor":26.0,"key":"Bag of Preparation"},{"floor":37.0,"key":"WingedGreaves"},{"floor":40,"key":"Lantern"},{"floor":43,"key":"Nunchaku"}],"event_choices":[{"damage_healed":0.0,"max_hp_gain":0.0,"max_hp_loss":0.0,"gold_gain":0.0,"event_name":"WeMeetAgain","player_choice":"Gave Potion","floor":2.0,"gold_loss":0.0,"damage_taken":0.0,"relics_obtained":["Mummified Hand"]},{"damage_healed":0.0,"max_hp_gain":0.0,"max_hp_loss":0.0,"gold_gain":0.0,"event_name":"The Cleric","player_choice":"Leave","floor":5.0,"gold_loss":0.0,"damage_taken":0.0},{"damage_healed":0.0,"max_hp_gain":0.0,"max_hp_loss":0.0,"gold_gain":0.0,"cards_transformed":["Strike_R"],"event_name":"Transmorgrifier","player_choice":"Transformed","floor":10.0,"gold_loss":0.0,"damage_taken":0.0,"cards_obtained":["Cleave"]},{"damage_healed":0.0,"max_hp_gain":5.0,"max_hp_loss":0.0,"gold_gain":0.0,"event_name":"Big Fish","player_choice":"Donut","floor":14.0,"gold_loss":0.0,"damage_taken":0.0},{"damage_healed":0.0,"max_hp_gain":0.0,"max_hp_loss":0.0,"gold_gain":0.0,"event_name":"FaceTrader","player_choice":"Trade","floor":20.0,"gold_loss":0.0,"damage_taken":0.0,"relics_obtained":["CultistMask"]},{"damage_healed":0.0,"max_hp_gain":5.0,"max_hp_loss":0.0,"gold_gain":0.0,"event_name":"Forgotten Altar","player_choice":"Shed Blood","floor":22.0,"gold_loss":0.0,"damage_taken":21.0},{"damage_healed":0.0,"max_hp_gain":0.0,"max_hp_loss":0.0,"gold_gain":0.0,"event_name":"MindBloom","player_choice":"Fight","floor":37.0,"gold_loss":0.0,"damage_taken":0.0},{"damage_healed":0,"gold_gain":0,"player_choice":"Memory 2","damage_taken":5,"max_hp_gain":0,"max_hp_loss":0,"event_name":"SensoryStone","floor":46,"gold_loss":0},{"damage_healed":0,"gold_gain":0,"cards_transformed":["Defend_R"],"player_choice":"Transformed","damage_taken":0,"max_hp_gain":0,"max_hp_loss":0,"event_name":"Transmorgrifier","floor":47,"gold_loss":0,"cards_obtained":["Brutality"]}],"is_beta":false,"boss_relics":[{"not_picked":["Runic Cube","Lizard Tail"],"picked":"Busted Crown"},{"not_picked":["Calling Bell","Mark of Pain"],"picked":"Runic Dome"}],"items_purged_floors":[4,19,38],"is_endless":false,"potions_floor_spawned":[1,8,16,24,25,27,35,36,48],"ascension_level":13}