{"gold_per_floor":[109,28,28,42,42,42,61,82,82,96,96,132,57,77,77,200,200,225,225,238,63,0,0,0,0,0,12,12,12,29,43,43,142,142,154,154,154],"floor_reached":38,"playtime":3325,"items_purged":["Defend_R","Defend_R"],"score":774,"play_id":"47ecba6a-3848-42bf-a9f8-bec43bd482e6","local_time":"20190113154749","is_ascension_mode":true,"campfire_choices":[{"data":"Barricade","floor":6.0,"key":"SMITH"},{"data":"Second Wind","floor":15.0,"key":"SMITH"},{"floor":23.0,"key":"REST"},{"floor":25.0,"key":"REST"},{"data":"Power Through","floor":28.0,"key":"SMITH"},{"floor":32.0,"key":"REST"}],"neow_cost":"PERCENT_DAMAGE","seed_source_timestamp":12076901884697183,"circlet_count":0,"master_deck":["Strike_R","Strike_R","Defend_R","Defend_R","Bash","Barricade+1","Second Wind+1","Evolve","Power Through+1","Wild Strike","Rampage","Parasite","Seeing Red","Feed","Body Slam+1","Wild Strike","Feel No Pain","Shame","Shrug It Off+1","Flex+1"],"special_seed":0,"relics":["Black Blood","Bloody Idol","WingedGreaves","Incense Burner","Empty Cage","Centennial Puzzle","Paper Frog"],"potions_floor_usage":[37],"damage_taken":[{"damage":2.0,"enemies":"Jaw Worm","floor":1.0,"turns":3.0},{"damage":3.0,"enemies":"2 Louse","floor":4.0,"turns":3.0},{"damage":6.0,"enemies":"Cultist","floor":7.0,"turns":4.0},{"damage":19.0,"enemies":"Large Slime","floor":8.0,"turns":9.0},{"damage":2.0,"enemies":"2 Fungi Beasts","floor":10.0,"turns":7.0},{"damage":20.0,"enemies":"3 Sentries","floor":12.0,"turns":9.0},{"damage":7.0,"enemies":"Exordium Wildlife","floor":14.0,"turns":5.0},{"damage":0.0,"enemies":"Slime Boss","floor":16.0,"turns":16.0},{"damage":44.0,"enemies":"Chosen","floor":18.0,"turns":9.0},{"damage":24.0,"enemies":"Spheric Guardian","floor":20.0,"turns":6.0},{"damage":14.0,"enemies":"Chosen and Byrds","floor":27.0,"turns":9.0},{"damage":42.0,"enemies":"3 Cultists","floor":30.0,"turns":7.0},{"damage":15.0,"enemies":"Snecko","floor":31.0,"turns":7.0},{"damage":27.0,"enemies":"Automaton","floor":33.0,"turns":13.0},{"damage":3.0,"enemies":"Orb Walker","floor":35.0,"turns":2.0},{"damage":66,"enemies":"Time Eater","floor":37,"turns":17}],"seed_played":"8866621900391639474","potions_obtained":[{"floor":1.0,"key":"AttackPotion"},{"floor":7.0,"key":"Dexterity Potion"},{"floor":8.0,"key":"Explosive Potion"},{"floor":18.0,"key":"Dexterity Potion"},{"floor":27.0,"key":"Dexterity Potion"},{"floor":33.0,"key":"SkillPotion"}],"is_trial":false,"path_per_floor":["M","$","?","M","?","R","M","M","T","M","?","E","$","M","R","B",null,"M","?","M","$","?","R","?","R","T","M","R","?","M","M","R","B",null,"M","?","B",null],"character_chosen":"IRONCLAD","items_purchased":["Evolve","Feel No Pain"],"campfire_rested":3,"item_purchase_floors":[2,21],"current_hp_per_floor":[60,60,40,43,43,43,43,30,30,34,54,40,40,39,39,45,71,36,36,18,18,18,42,42,66,66,66,66,66,35,34,60,47,81,92,92,36],"gold":154,"neow_bonus":"THREE_RARE_CARDS","is_prod":false,"is_daily":false,"chose_seed":false,"campfire_upgraded":3,"win_rate":0,"timestamp":1547390869,"path_taken":["M","$","?","M","?","R","M","M","T","?","?","E","$","M","R","BOSS","M","?","M","$","?","R","?","R","T","M","R","?","M","?","R","BOSS","M","?","BOSS"],"build_version":"2019-01-10","purchased_purges":2,"victory":true,"max_hp_per_floor":[80,80,80,80,80,80,80,80,80,80,80,80,80,80,80,80,80,83,83,83,83,83,83,83,83,83,86,86,86,86,89,89,92,92,92,92,92],"card_choices":[{"not_picked":["Demon Form","Juggernaut"],"picked":"Barricade","floor":0.0},{"not_picked":["Pummel","Shrug It Off"],"picked":"Second Wind","floor":1.0},{"not_picked":["Heavy Blade","Disarm","Havoc"],"picked":"SKIP","floor":4.0},{"not_picked":["Thunderclap","Uppercut"],"picked":"Power Through","floor":7.0},{"not_picked":["Sword Boomerang","Armaments"],"picked":"Wild Strike","floor":8.0},{"not_picked":["Blood for Blood","Headbutt"],"picked":"Rampage","floor":10.0},{"not_picked":["Clash","Flame Barrier"],"picked":"Seeing Red","floor":12.0},{"not_picked":["Anger","Sword Boomerang","Heavy Blade"],"picked":"SKIP","floor":14.0},{"not_picked":["Offering","Bludgeon"],"picked":"Feed","floor":16.0},{"not_picked":["Fire Breathing","True Grit+1"],"picked":"Body Slam+1","floor":18.0},{"not_picked":["Thunderclap","Warcry"],"picked":"Wild Strike","floor":20.0},{"not_picked":["Iron Wave","Clash+1","Blood for Blood"],"picked":"SKIP","floor":27.0},{"not_picked":["Thunderclap","Rampage+1"],"picked":"Shrug It Off+1","floor":30.0},{"not_picked":["Havoc+1","Reaper","Cleave"],"picked":"SKIP","floor":31.0},{"not_picked":["True Grit+1","Cleave"],"picked":"Flex+1","floor":35.0}],"player_experience":230027,"relics_obtained":[{"floor":9.0,"key":"WingedGreaves"},{"floor":12.0,"key":"Incense Burner"},{"floor":26.0,"key":"Centennial Puzzle"}],"event_choices":[{"damage_healed":0.0,"max_hp_gain":0.0,"max_hp_loss":0.0,"gold_gain":0.0,"event_name":"Golden Idol","player_choice":"Take Damage","floor":3.0,"gold_loss":0.0,"damage_taken":20.0,"relics_obtained":["Golden Idol"]},{"cards_removed":["Strike_R"],"damage_healed":0.0,"max_hp_gain":0.0,"max_hp_loss":0.0,"gold_gain":0.0,"event_name":"Bonfire Elementals","player_choice":"Offered Basic","floor":5.0,"gold_loss":0.0,"damage_taken":0.0},{"damage_healed":20.0,"max_hp_gain":0.0,"max_hp_loss":0.0,"gold_gain":0.0,"event_name":"Mushrooms","player_choice":"Healed and dodged fight","floor":11.0,"gold_loss":0.0,"damage_taken":0.0,"cards_obtained":["Parasite"]},{"damage_healed":0.0,"max_hp_gain":0.0,"max_hp_loss":0.0,"gold_gain":0.0,"event_name":"Vampires","player_choice":"Ignored","floor":19.0,"gold_loss":0.0,"damage_taken":0.0},{"damage_healed":0.0,"max_hp_gain":0.0,"max_hp_loss":0.0,"gold_gain":0.0,"event_name":"Masked Bandits","player_choice":"Paid Fearfully","floor":22.0,"gold_loss":63.0,"damage_taken":0.0},{"damage_healed":0.0,"max_hp_gain":0.0,"max_hp_loss":0.0,"gold_gain":0.0,"event_name":"Forgotten Altar","player_choice":"Gave Idol","floor":24.0,"relics_lost":["Golden Idol"],"gold_loss":0.0,"damage_taken":0.0,"relics_obtained":["Bloody Idol"]},{"damage_healed":0.0,"max_hp_gain":0.0,"max_hp_loss":0.0,"gold_gain":0.0,"event_name":"Addict","player_choice":"Stole Relic","floor":29.0,"gold_loss":0.0,"damage_taken":0.0,"relics_obtained":["Paper Frog"],"cards_obtained":["Shame"]},{"damage_healed":0.0,"max_hp_gain":0.0,"max_hp_loss":0.0,"gold_gain":0.0,"event_name":"SecretPortal","player_choice":"Took Portal","floor":36.0,"gold_loss":0.0,"damage_taken":0.0}],"is_beta":false,"boss_relics":[{"not_picked":["Velvet Choker","Fusion Hammer"],"picked":"Empty Cage"},{"not_picked":["Tiny House","Pandora\u0027s Box"],"picked":"Black Blood"}],"items_purged_floors":[13,21],"is_endless":false,"potions_floor_spawned":[1,7,8,18,27,33],"ascension_level":5}