{"path_per_floor":["M","$","?","?","M","E","R","E","T","E","M","E","M","M","R"],"character_chosen":"IRONCLAD","items_purchased":["Sword Boomerang"],"gold_per_floor":[112,13,13,13,28,57,57,87,87,119,130,162,180,191,191,191],"floor_reached":16,"campfire_rested":1,"playtime":980,"item_purchase_floors":[2],"current_hp_per_floor":[71,71,71,76,78,75,75,61,61,49,51,47,41,43,80,0],"items_purged":["Normality"],"gold":191,"score":169,"play_id":"0327d5f5-5b9f-4c2e-813f-e6f77f51b6fe","local_time":"20180603152800","is_prod":false,"is_daily":false,"chose_seed":false,"is_ascension_mode":true,"campfire_upgraded":1,"win_rate":0,"timestamp":1528032480,"campfire_choices":[{"data":"Perfected Strike","floor":7,"key":"SMITH"},{"floor":15,"key":"REST"}],"path_taken":["M","$","?","?","M","E","R","E","T","E","?","E","M","M","R","BOSS"],"build_version":"2018-05-31","seed_source_timestamp":40155433717979,"purchased_purges":1,"victory":false,"master_deck":["Strike_R","Strike_R","Strike_R","Defend_R","Defend_R","Defend_R","Bash","Ghostly Armor","Offering","Flex","Shrug It Off","Perfected Strike+1","Sword Boomerang","Dropkick","Whirlwind","Armaments+1","Flex+1"],"max_hp_per_floor":[80,80,80,80,80,80,80,80,80,80,80,80,80,80,80,80],"relics":["Burning Blood","Regal Pillow","Matryoshka","Gremlin Horn","Toxic Egg 2","Blue Candle","Question Card"],"card_choices":[{"not_picked":["True Grit","Headbutt"],"picked":"Flex","floor":1},{"not_picked":["Twin Strike","Juggernaut"],"picked":"Shrug It Off","floor":5},{"not_picked":["Uppercut","Seeing Red"],"picked":"Perfected Strike","floor":6},{"not_picked":["Reckless Charge","Shockwave"],"picked":"Sword Boomerang","floor":8},{"not_picked":["Barricade","Body Slam"],"picked":"Dropkick","floor":10},{"not_picked":["Sentinel+1","Anger","Searing Blow"],"picked":"SKIP","floor":11},{"not_picked":["Cleave","Combust"],"picked":"Whirlwind","floor":12},{"not_picked":["Pummel","Anger","Cleave"],"picked":"Armaments+1","floor":13},{"not_picked":["Juggernaut","Heavy Blade","Iron Wave"],"picked":"Flex+1","floor":14}],"player_experience":553889,"potions_floor_usage":[6,12,16],"damage_taken":[{"damage":7,"enemies":"Jaw Worm","floor":1,"turns":6},{"damage":4,"enemies":"Cultist","floor":5,"turns":2},{"damage":9,"enemies":"3 Sentries","floor":6,"turns":13},{"damage":20,"enemies":"Gremlin Nob","floor":8,"turns":3},{"damage":18,"enemies":"3 Sentries","floor":10,"turns":8},{"damage":4,"enemies":"Small Slimes","floor":11,"turns":3},{"damage":10,"enemies":"Lagavulin","floor":12,"turns":5},{"damage":12,"enemies":"Blue Slaver","floor":13,"turns":3},{"damage":4,"enemies":"Looter","floor":14,"turns":2},{"damage":85,"enemies":"Hexaghost","floor":16,"turns":11}],"relics_obtained":[{"floor":6,"key":"Regal Pillow"},{"floor":8,"key":"Matryoshka"},{"floor":9,"key":"Gremlin Horn"},{"floor":9,"key":"Toxic Egg 2"},{"floor":10,"key":"Blue Candle"},{"floor":12,"key":"Question Card"}],"event_choices":[{"event_name":"Purifier","player_choice":"One Purge","floor":3,"damage_taken":0},{"event_name":"Bonfire Elementals","player_choice":"COMMON","floor":4,"damage_taken":0}],"boss_relics":[],"items_purged_floors":[2],"potions_floor_spawned":[1,6,10,13],"seed_played":"-6875444161623486761","killed_by":"Hexaghost","ascension_level":6,"potions_obtained":[{"floor":1,"key":"Dexterity Potion"},{"floor":6,"key":"Block Potion"},{"floor":10,"key":"EssenceOfSteel"},{"floor":13,"key":"Regen Potion"}],"is_trial":false}