{"gold_per_floor":[119,294,294,310,321,321,347,347,347,347,360,204,48,80,80,177,177,196,11,11,11,31,31,57,57,81,92,92,110,110,123,123,227,227,237,96,106,106,106,106,117,117],"floor_reached":42,"playtime":3865,"items_purged":["Doubt","Chrysalis+1"],"score":558,"play_id":"d7280402-5108-4d1a-8678-c05862ce0801","local_time":"20190113143050","is_ascension_mode":true,"campfire_choices":[{"data":"Defend_R","floor":6.0,"key":"SMITH"},{"data":"Strike_R","floor":8.0,"key":"SMITH"},{"floor":10.0,"key":"REST"},{"floor":15.0,"key":"REST"},{"data":"Chrysalis","floor":23.0,"key":"SMITH"},{"floor":25.0,"key":"REST"},{"floor":32.0,"key":"REST"},{"floor":40.0,"key":"REST"}],"neow_cost":"NONE","seed_source_timestamp":12072256181014902,"circlet_count":0,"master_deck":["Bash","Rampage","Second Wind","Dark Embrace","Iron Wave","Reckless Charge","Shrug It Off","Rage","Juggernaut","Armaments","Flex","Metallicize","Iron Wave+1","Burning Pact","Evolve+1","Feel No Pain","Feel No Pain"],"special_seed":0,"relics":["Velvet Choker","Pear","Dodecahedron","Oddly Smooth Stone","Kunai","Pandora\u0027s Box","Blue Candle","PreservedInsect","Runic Cube"],"potions_floor_usage":[42],"damage_taken":[{"damage":0.0,"enemies":"Small Slimes","floor":1.0,"turns":3.0},{"damage":2.0,"enemies":"Jaw Worm","floor":4.0,"turns":3.0},{"damage":6.0,"enemies":"Cultist","floor":5.0,"turns":3.0},{"damage":42.0,"enemies":"Lagavulin","floor":7.0,"turns":8.0},{"damage":6.0,"enemies":"Looter","floor":11.0,"turns":3.0},{"damage":48.0,"enemies":"3 Sentries","floor":14.0,"turns":9.0},{"damage":46.0,"enemies":"The Guardian","floor":16.0,"turns":15.0},{"damage":15.0,"enemies":"Spheric Guardian","floor":18.0,"turns":4.0},{"damage":3.0,"enemies":"Chosen","floor":22.0,"turns":5.0},{"damage":18.0,"enemies":"Gremlin Leader","floor":24.0,"turns":7.0},{"damage":24.0,"enemies":"Snake Plant","floor":27.0,"turns":5.0},{"damage":25.0,"enemies":"Colosseum Slavers","floor":28.0,"turns":5.0},{"damage":0.0,"enemies":"Chosen and Byrds","floor":29.0,"turns":7.0},{"damage":14.0,"enemies":"Shelled Parasite and Fungi","floor":31.0,"turns":9.0},{"damage":29.0,"enemies":"Champ","floor":33.0,"turns":11.0},{"damage":3.0,"enemies":"3 Shapes","floor":35.0,"turns":8.0},{"damage":34.0,"enemies":"3 Darklings","floor":37.0,"turns":7.0},{"damage":0.0,"enemies":"Jaw Worm Horde","floor":39.0,"turns":1.0},{"damage":0.0,"enemies":"Sphere and 2 Shapes","floor":41.0,"turns":5.0},{"damage":67,"enemies":"Transient","floor":42,"turns":4}],"seed_played":"7140530540624937640","potions_obtained":[{"floor":7.0,"key":"SteroidPotion"},{"floor":16.0,"key":"SkillPotion"},{"floor":22.0,"key":"SpeedPotion"},{"floor":29.0,"key":"BloodPotion"},{"floor":31.0,"key":"EssenceOfSteel"},{"floor":33.0,"key":"SmokeBomb"},{"floor":37.0,"key":"FearPotion"}],"is_trial":false,"path_per_floor":["M","?","?","M","M","R","E","R","T","R","M","$","$","E","R","B",null,"M","$","?","$","M","R","E","R","T","M","?","M","?","M","R","B",null,"M","$","M","$","M","R","M","M"],"character_chosen":"IRONCLAD","items_purchased":["Rampage","Oddly Smooth Stone","Chrysalis","Feel No Pain"],"campfire_rested":5,"item_purchase_floors":[12,13,19,36],"current_hp_per_floor":[80,80,85,83,77,77,45,45,45,73,67,67,67,19,47,1,72,57,57,57,57,54,54,36,64,64,40,15,15,15,10,38,9,74,71,71,37,37,37,65,65,0],"gold":117,"neow_bonus":"BOSS_RELIC","is_prod":false,"is_daily":false,"chose_seed":false,"campfire_upgraded":3,"win_rate":0,"timestamp":1547386250,"path_taken":["M","?","?","M","M","R","E","R","T","R","M","?","$","E","R","BOSS","M","$","?","?","M","R","E","R","T","?","?","M","?","M","R","BOSS","M","$","M","$","M","R","M","M"],"build_version":"2019-01-10","purchased_purges":2,"victory":false,"max_hp_per_floor":[80,80,85,85,85,85,95,95,95,95,95,95,95,95,95,95,95,95,95,95,95,95,95,95,95,95,95,95,95,95,95,95,95,95,95,95,95,95,95,95,95,95],"card_choices":[{"not_picked":["Armaments","Anger","Havoc"],"picked":"SKIP","floor":1.0},{"not_picked":["Sever Soul","Thunderclap","Seeing Red"],"picked":"SKIP","floor":4.0},{"not_picked":["Corruption","Searing Blow","Shockwave"],"picked":"SKIP","floor":5.0},{"not_picked":["Flex","Corruption","Wild Strike"],"picked":"SKIP","floor":7.0},{"not_picked":["Armaments","Bludgeon","Flex"],"picked":"SKIP","floor":11.0},{"not_picked":["Thunderclap","True Grit"],"picked":"Second Wind","floor":14.0},{"not_picked":["Juggernaut","Berserk"],"picked":"Dark Embrace","floor":16.0},{"not_picked":["Twin Strike","Armaments+1"],"picked":"Iron Wave+1","floor":18.0},{"not_picked":["Cleave","Heavy Blade+1"],"picked":"Burning Pact","floor":22.0},{"not_picked":["Dropkick+1","Iron Wave","Clothesline"],"picked":"SKIP","floor":24.0},{"not_picked":["Clash","Twin Strike","Limit Break"],"picked":"SKIP","floor":27.0},{"not_picked":["Wild Strike","Bloodletting","Intimidate"],"picked":"SKIP","floor":29.0},{"not_picked":["Wild Strike","Anger","Flex"],"picked":"SKIP","floor":31.0},{"not_picked":["Warcry+1","Havoc"],"picked":"Evolve+1","floor":35.0},{"not_picked":["Ghostly Armor","Headbutt","Armaments"],"picked":"SKIP","floor":37.0},{"not_picked":["Cleave","Headbutt"],"picked":"Feel No Pain","floor":41.0}],"player_experience":226162,"relics_obtained":[{"floor":7.0,"key":"Pear"},{"floor":9.0,"key":"Dodecahedron"},{"floor":14.0,"key":"Kunai"},{"floor":24.0,"key":"Blue Candle"},{"floor":26.0,"key":"PreservedInsect"}],"event_choices":[{"damage_healed":0.0,"max_hp_gain":0.0,"max_hp_loss":0.0,"gold_gain":175.0,"event_name":"Liars Game","player_choice":"AGREE","floor":2.0,"gold_loss":0.0,"damage_taken":0.0,"cards_obtained":["Doubt"]},{"damage_healed":0.0,"max_hp_gain":5.0,"max_hp_loss":0.0,"gold_gain":0.0,"event_name":"Big Fish","player_choice":"Donut","floor":3.0,"gold_loss":0.0,"damage_taken":0.0},{"cards_removed":["Warcry"],"damage_healed":0.0,"max_hp_gain":0.0,"max_hp_loss":0.0,"gold_gain":0.0,"event_name":"Back to Basics","player_choice":"Elegance","floor":20.0,"gold_loss":0.0,"damage_taken":0.0},{"damage_healed":0.0,"max_hp_gain":0.0,"max_hp_loss":0.0,"gold_gain":0.0,"event_name":"Colosseum","player_choice":"Fight","floor":28.0,"gold_loss":0.0,"damage_taken":0.0},{"damage_healed":0.0,"max_hp_gain":0.0,"max_hp_loss":0.0,"gold_gain":0.0,"event_name":"Colosseum","player_choice":"Fled From Nobs","floor":28.0,"gold_loss":0.0,"damage_taken":0.0},{"damage_healed":0.0,"max_hp_gain":0.0,"max_hp_loss":0.0,"gold_gain":0.0,"event_name":"Vampires","player_choice":"Ignored","floor":30.0,"gold_loss":0.0,"damage_taken":0.0}],"is_beta":false,"boss_relics":[{"not_picked":["Runic Pyramid","Cursed Key"],"picked":"Pandora\u0027s Box"},{"not_picked":["Mark of Pain","Snecko Eye"],"picked":"Runic Cube"}],"items_purged_floors":[12,36],"is_endless":false,"potions_floor_spawned":[7,16,22,29,31,33,37,39],"killed_by":"Transient","ascension_level":5}