{"gold_per_floor":[118,118,293,293,308,335,346,346,370,419,175,175,175,204,204,299,299,310,310,310,324,324],"floor_reached":22,"playtime":640,"items_purged":[],"score":323,"play_id":"86c7cf40-4584-47e6-98ac-7f238ffa867e","local_time":"20181108145048","is_ascension_mode":true,"campfire_choices":[{"data":"Zap","floor":8.0,"key":"SMITH"},{"data":"Streamline","floor":13.0,"key":"SMITH"},{"data":"Consume","floor":15.0,"key":"SMITH"}],"neow_cost":"NONE","seed_source_timestamp":0,"circlet_count":0,"master_deck":["AscendersBane","Zap+1","Dualcast","Genetic Algorithm+1","Streamline+1","Sweeping Beam","Consume+1","Good Instincts","Pain","Coolheaded","Reboot","Hologram","Go for the Eyes","Genetic Algorithm","Cold Snap","Heatsinks","Hello World","Recycle","FTL","Cold Snap","Writhe","Gash+1"],"special_seed":0,"relics":["Cracked Core","NeowsBlessing","PreservedInsect","Anchor","Regal Pillow","Oddly Smooth Stone","WarpedTongs","Dodecahedron","Pandora\u0027s Box","The Courier","MutagenicStrength"],"potions_floor_usage":[],"damage_taken":[{"damage":0.0,"enemies":"Jaw Worm","floor":1.0,"turns":1.0},{"damage":0.0,"enemies":"Small Slimes","floor":5.0,"turns":1.0},{"damage":0.0,"enemies":"Gremlin Nob","floor":6.0,"turns":1.0},{"damage":0.0,"enemies":"2 Louse","floor":7.0,"turns":3.0},{"damage":9.0,"enemies":"3 Sentries","floor":14.0,"turns":5.0},{"damage":31.0,"enemies":"The Guardian","floor":16.0,"turns":14.0},{"damage":20.0,"enemies":"3 Byrds","floor":18.0,"turns":5.0},{"damage":5.0,"enemies":"Chosen","floor":21.0,"turns":6.0},{"damage":0,"enemies":"3 Cultists","floor":22,"turns":1}],"seed_played":"-667907986537940673","potions_obtained":[{"floor":5.0,"key":"SkillPotion"},{"floor":6.0,"key":"SteroidPotion"}],"is_trial":false,"path_per_floor":["M","?","?","?","M","E","M","R","T","T","$","?","R","E","R","B",null,"M","?","?","M","M"],"character_chosen":"DEFECT","items_purchased":["Oddly Smooth Stone","Good Instincts"],"campfire_rested":0,"item_purchase_floors":[11,11],"current_hp_per_floor":[68,68,68,61,61,61,61,61,61,61,61,61,61,52,52,21,62,42,42,42,37,37],"gold":324,"neow_bonus":"THREE_ENEMY_KILL","is_prod":false,"is_daily":false,"chose_seed":false,"campfire_upgraded":3,"win_rate":0,"timestamp":1541685048,"path_taken":["M","?","?","?","M","E","M","R","T","?","?","?","R","E","R","BOSS","M","?","?","?","M"],"build_version":"2018-11-01","purchased_purges":0,"victory":false,"max_hp_per_floor":[75,75,75,75,75,75,75,75,75,75,75,75,75,75,75,75,75,75,75,75,75,75],"card_choices":[{"not_picked":["Compile Driver","Doom and Gloom"],"picked":"Genetic Algorithm","floor":1.0},{"not_picked":["Reprogram","Turbo"],"picked":"Streamline","floor":5.0},{"not_picked":["Streamline","Redo"],"picked":"Sweeping Beam","floor":6.0},{"not_picked":["Fusion","Compile Driver"],"picked":"Consume","floor":7.0},{"not_picked":["Rebound","Turbo"],"picked":"Coolheaded","floor":14.0},{"not_picked":["Seek","Biased Cognition"],"picked":"Reboot","floor":16.0},{"not_picked":["Beam Cell","Aggregate"],"picked":"Cold Snap","floor":18.0},{"not_picked":["Force Field+1","Streamline+1"],"picked":"Gash+1","floor":21.0}],"player_experience":1143634,"relics_obtained":[{"floor":6.0,"key":"PreservedInsect"},{"floor":9.0,"key":"Anchor"},{"floor":10.0,"key":"Regal Pillow"},{"floor":14.0,"key":"Dodecahedron"}],"event_choices":[{"damage_healed":0.0,"max_hp_gain":0.0,"max_hp_loss":0.0,"gold_gain":0.0,"event_name":"Living Wall","player_choice":"Grow","floor":2.0,"gold_loss":0.0,"damage_taken":0.0,"cards_upgraded":["Genetic Algorithm"]},{"damage_healed":0.0,"max_hp_gain":0.0,"max_hp_loss":0.0,"gold_gain":175.0,"event_name":"Liars Game","player_choice":"AGREE","floor":3.0,"gold_loss":0.0,"damage_taken":0.0,"cards_obtained":["Doubt"]},{"cards_removed":["Doubt"],"damage_healed":0.0,"max_hp_gain":0.0,"max_hp_loss":0.0,"gold_gain":0.0,"event_name":"Golden Wing","player_choice":"Card Removal","floor":4.0,"gold_loss":0.0,"damage_taken":7.0},{"damage_healed":0.0,"max_hp_gain":0.0,"max_hp_loss":0.0,"gold_gain":0.0,"event_name":"Accursed Blacksmith","player_choice":"Rummage","floor":12.0,"gold_loss":0.0,"damage_taken":0.0,"relics_obtained":["WarpedTongs"],"cards_obtained":["Pain"]},{"damage_healed":0.0,"max_hp_gain":0.0,"max_hp_loss":0.0,"gold_gain":0.0,"event_name":"The Mausoleum","player_choice":"Opened","floor":19.0,"gold_loss":0.0,"damage_taken":0.0,"relics_obtained":["The Courier"],"cards_obtained":["Writhe"]},{"damage_healed":0.0,"max_hp_gain":0.0,"max_hp_loss":0.0,"gold_gain":0.0,"event_name":"Drug Dealer","player_choice":"Inject Mutagens","floor":20.0,"gold_loss":0.0,"damage_taken":0.0,"relics_obtained":["MutagenicStrength"]}],"is_beta":false,"boss_relics":[{"not_picked":["Philosopher\u0027s Stone","Velvet Choker"],"picked":"Pandora\u0027s Box"}],"items_purged_floors":[],"is_endless":false,"potions_floor_spawned":[5,6],"killed_by":"3 Cultists","ascension_level":10}