{"gold_per_floor":[118,134,148,162,178,178,178,178,258,284,299,299,299,101,101,196,196,209,28,28,28,47,47,62,62,62,74,88,88],"floor_reached":29,"playtime":2043,"items_purged":["Strike_R"],"score":272,"play_id":"7d794f4e-0974-4b18-b095-7c9a93bb54fd","local_time":"20190214012521","is_ascension_mode":true,"campfire_choices":[{"floor":6,"key":"RECALL"},{"data":"Shrug It Off","floor":8,"key":"SMITH"},{"data":"Whirlwind","floor":12,"key":"SMITH"},{"data":"Shrug It Off","floor":15,"key":"SMITH"},{"data":"True Grit","floor":23,"key":"SMITH"},{"floor":25,"key":"REST"}],"neow_cost":"NONE","seed_source_timestamp":210590853607300,"circlet_count":0,"master_deck":["Strike_R","Strike_R","Defend_R","Defend_R","Defend_R","Defend_R","Bash","Pommel Strike","Shrug It Off+1","Shrug It Off+1","Whirlwind+1","Heavy Blade","Inflame","Heavy Blade","Clumsy","Infernal Blade","Cleave","Fiend Fire","True Grit+1","Infernal Blade","Disarm","Reaper","Armaments+1","Intimidate","Uppercut","Metallicize+1"],"relics":["Burning Blood","StoneCalendar","Runic Pyramid","Dream Catcher","Matryoshka"],"potions_floor_usage":[10,10,16,16,28,29],"damage_taken":[{"damage":1,"enemies":"Cultist","floor":1,"turns":4},{"damage":4,"enemies":"Small Slimes","floor":2,"turns":3},{"damage":1,"enemies":"2 Louse","floor":3,"turns":4},{"damage":3,"enemies":"Exordium Thugs","floor":4,"turns":7},{"damage":3,"enemies":"Blue Slaver","floor":5,"turns":6},{"damage":20,"enemies":"Lagavulin","floor":10,"turns":7},{"damage":5,"enemies":"Red Slaver","floor":11,"turns":4},{"damage":13,"enemies":"The Guardian","floor":16,"turns":10},{"damage":1,"enemies":"3 Byrds","floor":18,"turns":4},{"damage":15,"enemies":"Shell Parasite","floor":22,"turns":5},{"damage":29,"enemies":"Shelled Parasite and Fungi","floor":24,"turns":5},{"damage":59,"enemies":"3 Cultists","floor":27,"turns":6},{"damage":22,"enemies":"Cultist and Chosen","floor":28,"turns":7},{"damage":13,"enemies":"Book of Stabbing","floor":29,"turns":1}],"seed_played":"-1577518246663080724","potions_obtained":[{"floor":2,"key":"FearPotion"},{"floor":3,"key":"Fire Potion"},{"floor":5,"key":"Dexterity Potion"},{"floor":11,"key":"GamblersBrew"},{"floor":24,"key":"Poison Potion"},{"floor":27,"key":"Block Potion"}],"is_trial":false,"path_per_floor":["M","M","M","M","M","R","?","R","T","E","M","R","?","$","R","B",null,"M","$","?","?","M","R","M","R","T","M","M","E"],"character_chosen":"IRONCLAD","items_purchased":["Cleave","EssenceOfSteel","Dream Catcher","Infernal Blade"],"campfire_rested":1,"item_purchase_floors":[14,14,19,19],"current_hp_per_floor":[80,80,80,80,80,80,80,80,80,66,67,67,67,67,67,60,80,80,80,80,80,71,71,53,77,77,24,9,0],"gold":88,"neow_bonus":"REMOVE_CARD","is_prod":false,"is_daily":false,"chose_seed":false,"campfire_upgraded":4,"win_rate":0,"timestamp":1550125521,"path_taken":["M","M","M","?","?","R","?","R","T","E","M","R","?","$","R","BOSS","M","$","?","?","M","R","M","R","T","M","M","E"],"build_version":"2019-01-23","purchased_purges":1,"victory":false,"max_hp_per_floor":[80,80,80,80,80,80,80,80,80,80,80,80,80,80,80,80,80,80,80,80,80,80,80,80,80,80,80,80,80],"card_choices":[{"not_picked":["True Grit","Wild Strike"],"picked":"Pommel Strike","floor":1},{"not_picked":["Rampage","Cleave"],"picked":"Shrug It Off","floor":2},{"not_picked":["Dual Wield","Headbutt"],"picked":"Shrug It Off","floor":3},{"not_picked":["Reckless Charge","Clash"],"picked":"Whirlwind","floor":4},{"not_picked":["Clothesline","Havoc"],"picked":"Heavy Blade","floor":5},{"not_picked":["Impervious","Body Slam"],"picked":"Inflame","floor":10},{"not_picked":["Hemokinesis","Evolve"],"picked":"Heavy Blade","floor":11},{"not_picked":["Brutality","Exhume"],"picked":"Fiend Fire","floor":16},{"not_picked":["Thunderclap+1","Iron Wave+1"],"picked":"True Grit","floor":18},{"not_picked":["Warcry","Reckless Charge"],"picked":"Armaments+1","floor":22},{"not_picked":["Armaments","Havoc"],"picked":"Intimidate","floor":24},{"not_picked":["Wild Strike+1","Disarm"],"picked":"Uppercut","floor":25},{"not_picked":["Clash","Bloodletting","Sentinel+1"],"picked":"SKIP","floor":27},{"not_picked":["Carnage","Clothesline"],"picked":"Metallicize+1","floor":28}],"player_experience":110042,"relics_obtained":[{"floor":10,"key":"StoneCalendar"},{"floor":26,"key":"Matryoshka"}],"event_choices":[{"damage_healed":0,"gold_gain":0,"player_choice":"Ignored","damage_taken":0,"max_hp_gain":0,"max_hp_loss":0,"event_name":"Liars Game","floor":7,"gold_loss":0},{"damage_healed":0,"gold_gain":0,"player_choice":"2 cards matched","damage_taken":0,"max_hp_gain":0,"max_hp_loss":0,"event_name":"Match and Keep!","floor":13,"gold_loss":0,"cards_obtained":["Clumsy","Infernal Blade"]},{"damage_healed":0,"gold_gain":0,"player_choice":"Read","damage_taken":0,"max_hp_gain":0,"max_hp_loss":0,"event_name":"The Library","floor":20,"gold_loss":0,"cards_obtained":["Disarm"]},{"damage_healed":0,"gold_gain":0,"cards_transformed":["Strike_R"],"player_choice":"Transformed","damage_taken":0,"max_hp_gain":0,"max_hp_loss":0,"event_name":"Transmorgrifier","floor":21,"gold_loss":0,"cards_obtained":["Reaper"]}],"is_beta":false,"boss_relics":[{"not_picked":["Calling Bell","Ectoplasm"],"picked":"Runic Pyramid"}],"items_purged_floors":[14],"is_endless":false,"potions_floor_spawned":[2,3,5,11,24,27],"killed_by":"Book of Stabbing","ascension_level":4}