{"gold_per_floor":[118,43,54,74,86,86,119,119,119,133,152,152],"floor_reached":12,"playtime":793,"items_purged":["Strike_R"],"score":115,"play_id":"e138b5ae-4a6a-453f-b77e-d5b446c2be9f","local_time":"20190117213413","is_ascension_mode":true,"campfire_choices":[{"data":"Rampage","floor":6,"key":"SMITH"}],"neow_cost":"NONE","seed_source_timestamp":12446479237464282,"circlet_count":0,"master_deck":["Strike_R","Strike_R","Strike_R+1","Strike_R+1","Defend_R","Defend_R","Defend_R","Defend_R","Bash","Offering","Rampage+1","Shrug It Off","Havoc+1"],"relics":["Burning Blood","Unceasing Top","Toxic Egg 2"],"potions_floor_usage":[7,12],"damage_taken":[{"damage":0,"enemies":"2 Louse","floor":1,"turns":3},{"damage":9,"enemies":"Jaw Worm","floor":3,"turns":4},{"damage":6,"enemies":"Cultist","floor":4,"turns":4},{"damage":31,"enemies":"Exordium Wildlife","floor":5,"turns":6},{"damage":18,"enemies":"3 Sentries","floor":7,"turns":13},{"damage":0,"enemies":"Blue Slaver","floor":10,"turns":5},{"damage":18,"enemies":"Gremlin Gang","floor":11,"turns":5},{"damage":24,"enemies":"Exordium Thugs","floor":12,"turns":3}],"seed_played":"4980334749124615698","potions_obtained":[{"floor":5,"key":"PowerPotion"},{"floor":10,"key":"FearPotion"},{"floor":11,"key":"Regen Potion"}],"is_trial":false,"path_per_floor":["M","$","M","M","M","R","E","?","T","M","M","M"],"character_chosen":"IRONCLAD","items_purchased":[],"campfire_rested":0,"item_purchase_floors":[],"current_hp_per_floor":[78,78,75,75,50,50,38,22,22,28,16,0],"gold":152,"neow_bonus":"ONE_RANDOM_RARE_CARD","is_prod":false,"is_daily":false,"chose_seed":false,"campfire_upgraded":1,"win_rate":0,"timestamp":1547757253,"path_taken":["M","$","M","M","M","R","E","?","T","M","M","M"],"build_version":"2019-01-10","purchased_purges":1,"victory":false,"max_hp_per_floor":[80,80,80,80,80,80,80,80,80,80,80,80],"card_choices":[{"not_picked":["Pommel Strike","Sword Boomerang","Heavy Blade"],"picked":"SKIP","floor":1},{"not_picked":["Perfected Strike","Warcry","Disarm"],"picked":"SKIP","floor":3},{"not_picked":["Pommel Strike","Impervious","Sword Boomerang"],"picked":"SKIP","floor":4},{"not_picked":["Sword Boomerang","Clothesline"],"picked":"Rampage","floor":5},{"not_picked":["Disarm","Spot Weakness"],"picked":"Shrug It Off","floor":7},{"not_picked":["Bloodletting+1","Warcry+1"],"picked":"Havoc+1","floor":10},{"not_picked":["Wild Strike","Armaments+1","True Grit+1"],"picked":"SKIP","floor":11}],"player_experience":255333,"relics_obtained":[{"floor":7,"key":"Unceasing Top"},{"floor":9,"key":"Toxic Egg 2"}],"event_choices":[{"damage_healed":0,"gold_gain":0,"player_choice":"Entered Light","damage_taken":16,"max_hp_gain":0,"max_hp_loss":0,"event_name":"Shining Light","floor":8,"gold_loss":0,"cards_upgraded":["Strike_R","Strike_R"]}],"is_beta":false,"boss_relics":[],"items_purged_floors":[2],"is_endless":false,"potions_floor_spawned":[5,10,11],"killed_by":"Exordium Thugs","ascension_level":8}