{"gold_per_floor":[113,133,133,149,149,189,189,228,228,268,268,12,25,38,38,166,166,184,30,45,45,60,60],"floor_reached":23,"playtime":1021,"items_purged":[],"score":306,"play_id":"b38f6f21-0c02-4133-abe4-15688144d7bc","local_time":"20180816000632","is_ascension_mode":true,"campfire_choices":[{"data":"Spot Weakness","floor":7.0,"key":"SMITH"},{"floor":11,"key":"REST"},{"floor":15,"key":"REST"}],"neow_cost":"NONE","seed_source_timestamp":96660077295774,"circlet_count":0,"master_deck":["Strike_R","Strike_R","Strike_R","Strike_R","Defend_R","Defend_R","Defend_R","Defend_R","Bash","Havoc","Pommel Strike","Spot Weakness+1","Perfected Strike","Heavy Blade","Shrug It Off","Whirlwind","True Grit","Thinking Ahead","Body Slam","Burning Pact","Limit Break","Havoc+1","Bloodletting+1","Havoc+1"],"special_seed":0,"relics":["Burning Blood","Golden Idol","Blood Vial","Strawberry","Bottled Flame","Bird Faced Urn","Dead Branch","Snecko Eye","Bag of Preparation"],"potions_floor_usage":[10,16,20,22,22,22,22,23],"damage_taken":[{"damage":0.0,"enemies":"Small Slimes","floor":1.0,"turns":5.0},{"damage":8.0,"enemies":"Jaw Worm","floor":2.0,"turns":4.0},{"damage":6.0,"enemies":"Cultist","floor":4.0,"turns":3.0},{"damage":47.0,"enemies":"Lagavulin","floor":6.0,"turns":7.0},{"damage":30.0,"enemies":"3 Sentries","floor":8.0,"turns":8.0},{"damage":25,"enemies":"Lagavulin","floor":10,"turns":5},{"damage":19,"enemies":"Exordium Thugs","floor":13,"turns":4},{"damage":0,"enemies":"Lots of Slimes","floor":14,"turns":1},{"damage":33,"enemies":"Slime Boss","floor":16,"turns":6},{"damage":6,"enemies":"3 Byrds","floor":18,"turns":4},{"damage":3,"enemies":"Chosen","floor":20,"turns":3},{"damage":19,"enemies":"Centurion and Healer","floor":22,"turns":5},{"damage":65,"enemies":"Gremlin Leader","floor":23,"turns":5}],"seed_played":"926267515218267591","potions_obtained":[{"floor":2.0,"key":"EssenceOfSteel"},{"floor":4.0,"key":"SpeedPotion"},{"floor":8.0,"key":"BloodPotion"},{"floor":13,"key":"SpeedPotion"},{"floor":16,"key":"Fire Potion"},{"floor":18,"key":"LiquidBronze"},{"floor":20,"key":"EntropicBrew"}],"is_trial":false,"path_per_floor":["M","M","?","M","T","E","R","E","T","E","R","$","M","M","R","B",null,"M","$","M","$","M"],"character_chosen":"IRONCLAD","items_purchased":["True Grit","Thinking Ahead","Strength Potion","Bag of Preparation"],"campfire_rested":2,"item_purchase_floors":[12,12,12,19],"current_hp_per_floor":[78,76,74,74,74,40,40,18,18,9,33,33,22,30,54,29,68,70,70,75,75,70,7],"gold":60,"neow_bonus":"TRANSFORM_CARD","is_prod":false,"is_daily":false,"chose_seed":false,"campfire_upgraded":1,"win_rate":0,"timestamp":1534370792,"path_taken":["M","M","?","M","?","E","R","E","T","E","R","$","M","?","R","BOSS","M","?","M","?","M","E"],"build_version":"2018-08-09","purchased_purges":0,"victory":false,"max_hp_per_floor":[80,80,74,74,74,81,81,81,81,81,81,81,81,81,81,81,81,81,81,81,81,81,81],"card_choices":[{"not_picked":["Warcry","Clothesline"],"picked":"Pommel Strike","floor":1.0},{"not_picked":["Perfected Strike","Bloodletting"],"picked":"Spot Weakness","floor":2.0},{"not_picked":["Combust","Entrench"],"picked":"Perfected Strike","floor":4.0},{"not_picked":["Clothesline","Blood for Blood"],"picked":"Heavy Blade","floor":6.0},{"not_picked":["Iron Wave","Combust"],"picked":"Shrug It Off","floor":8.0},{"not_picked":["Carnage","Flex"],"picked":"Whirlwind","floor":10},{"not_picked":["Clothesline","Carnage"],"picked":"Body Slam","floor":13},{"not_picked":["Anger","Heavy Blade"],"picked":"Burning Pact","floor":14},{"not_picked":["Demon Form","Juggernaut"],"picked":"Limit Break","floor":16},{"not_picked":["Clash","Carnage"],"picked":"Havoc+1","floor":18},{"not_picked":["Perfected Strike","Warcry"],"picked":"Bloodletting+1","floor":20},{"not_picked":["Wild Strike","Bludgeon"],"picked":"Havoc+1","floor":22}],"player_experience":886227,"relics_obtained":[{"floor":5.0,"key":"Blood Vial"},{"floor":6.0,"key":"Strawberry"},{"floor":8.0,"key":"Bottled Flame"},{"floor":9.0,"key":"Bird Faced Urn"},{"floor":10,"key":"Dead Branch"}],"event_choices":[{"event_name":"Golden Idol","player_choice":"Lose Max HP","floor":3.0,"damage_taken":0.0}],"is_beta":false,"boss_relics":[{"not_picked":["Runic Pyramid","Runic Cube"],"picked":"Snecko Eye"}],"items_purged_floors":[],"is_endless":false,"potions_floor_spawned":[2,4,8,13,16,18,20],"killed_by":"Gremlin Leader","ascension_level":9}