{"gold_per_floor":[113,127,127,137,108,143,160,191,191,191,209,239,259,43,43,116,116,131,150,250,250,261,261,287,298,345,364,390,402,292,326,326,397,397,417,429,444,27,46,46,72,72,150,100,135,45,45,45,45,45,45],"floor_reached":51,"playtime":3256,"items_purged":["Slice","Writhe"],"score":1599,"play_id":"4d1b9c02-9bcd-4f83-82c8-ba809805a53a","local_time":"20190218195645","is_ascension_mode":true,"campfire_choices":[{"data":"Crippling Poison","floor":10.0,"key":"SMITH"},{"data":"Malaise","floor":15.0,"key":"SMITH"},{"data":"Neutralize","floor":23.0,"key":"SMITH"},{"data":"A Thousand Cuts","floor":32.0,"key":"SMITH"},{"data":"Footwork","floor":40.0,"key":"SMITH"},{"floor":47.0,"key":"REST"},{"floor":49.0,"key":"RECALL"}],"neow_cost":"NONE","seed_source_timestamp":7531425340765,"circlet_count":0,"master_deck":["AscendersBane","Defend_G","Defend_G","Defend_G","Defend_G","Defend_G","Survivor","Neutralize+1","Slice","Backstab","Bouncing Flask","PiercingWail+1","Malaise+1","Crippling Poison+1","Deadly Poison","Well Laid Plans","Corpse Explosion","PiercingWail","Escape Plan","Well Laid Plans","Blade Dance","A Thousand Cuts+1","Cloak And Dagger","Backflip","Noxious Fumes","Acrobatics","Night Terror+1","Backstab+1","Catalyst+1","Backflip","Terror","Footwork+1","Catalyst","Caltrops","Blur","Escape Plan","Backflip","PiercingWail+1","After Image","Endless Agony+1"],"special_seed":0,"relics":["Ring of the Snake","NeowsBlessing","Meat on the Bone","Lantern","Mercury Hourglass","Blue Candle","ClockworkSouvenir","WristBlade","Incense Burner","The Courier","Ancient Tea Set","Art of War","Prayer Wheel","Smiling Mask","Astrolabe","Pantograph","Toxic Egg 2","Mummified Hand","Molten Egg 2"],"potions_floor_usage":[51],"damage_taken":[{"damage":0.0,"enemies":"Small Slimes","floor":1.0,"turns":1.0},{"damage":0.0,"enemies":"Cultist","floor":2.0,"turns":1.0},{"damage":0.0,"enemies":"Jaw Worm","floor":4.0,"turns":1.0},{"damage":12.0,"enemies":"Gremlin Nob","floor":6.0,"turns":4.0},{"damage":3.0,"enemies":"3 Louse","floor":7.0,"turns":3.0},{"damage":17.0,"enemies":"Lagavulin","floor":8.0,"turns":9.0},{"damage":4.0,"enemies":"Exordium Thugs","floor":11.0,"turns":4.0},{"damage":23.0,"enemies":"Gremlin Nob","floor":12.0,"turns":4.0},{"damage":4.0,"enemies":"Looter","floor":13.0,"turns":3.0},{"damage":12.0,"enemies":"Hexaghost","floor":16.0,"turns":10.0},{"damage":19.0,"enemies":"2 Thieves","floor":18.0,"turns":3.0},{"damage":10.0,"enemies":"Chosen","floor":19.0,"turns":4.0},{"damage":22.0,"enemies":"Colosseum Slavers","floor":20.0,"turns":4.0},{"damage":25.0,"enemies":"Colosseum Nobs","floor":20.0,"turns":5.0},{"damage":6.0,"enemies":"Centurion and Healer","floor":22.0,"turns":6.0},{"damage":1.0,"enemies":"Gremlin Leader","floor":24.0,"turns":7.0},{"damage":7.0,"enemies":"3 Cultists","floor":25.0,"turns":3.0},{"damage":0.0,"enemies":"Cultist and Chosen","floor":27.0,"turns":5.0},{"damage":0.0,"enemies":"Slavers","floor":28.0,"turns":4.0},{"damage":10.0,"enemies":"Snake Plant","floor":29.0,"turns":6.0},{"damage":8.0,"enemies":"Book of Stabbing","floor":31.0,"turns":7.0},{"damage":37.0,"enemies":"Automaton","floor":33.0,"turns":9.0},{"damage":0.0,"enemies":"3 Darklings","floor":35.0,"turns":2.0},{"damage":1.0,"enemies":"Orb Walker","floor":36.0,"turns":2.0},{"damage":33.0,"enemies":"Maw","floor":37.0,"turns":7.0},{"damage":0.0,"enemies":"Sphere and 2 Shapes","floor":39.0,"turns":6.0},{"damage":10.0,"enemies":"Nemesis","floor":41.0,"turns":5.0},{"damage":47.0,"enemies":"Reptomancer","floor":45.0,"turns":9.0},{"damage":46.0,"enemies":"Awakened One","floor":50.0,"turns":28.0},{"damage":59,"enemies":"Donu and Deca","floor":51,"turns":7}],"seed_played":"-3793441746569073321","potions_obtained":[{"floor":2.0,"key":"SneckoOil"},{"floor":4.0,"key":"GhostInAJar"},{"floor":11.0,"key":"LiquidBronze"},{"floor":13.0,"key":"PowerPotion"},{"floor":18.0,"key":"GhostInAJar"},{"floor":22.0,"key":"SteroidPotion"},{"floor":24.0,"key":"Block Potion"},{"floor":28.0,"key":"Explosive Potion"},{"floor":29.0,"key":"EntropicBrew"},{"floor":31.0,"key":"Regen Potion"},{"floor":33.0,"key":"SpeedPotion"}],"is_trial":false,"path_per_floor":["M","M","?","M","$","E","M","E","T","R","M","E","M","$","R","B",null,"M","M","?","?","M","R","E","M","T","M","E","M","?","E","R","B",null,"M","M","M","$","M","R","E","?","T","$","E","$","R","T","R","B","B"],"character_chosen":"THE_SILENT","items_purchased":["Slice","ClockworkSouvenir","Caltrops","Blur","Pantograph","Escape Plan","EntropicBrew"],"campfire_rested":1,"item_purchase_floors":[5,14,38,38,38,38,46],"current_hp_per_floor":[59,59,59,59,59,47,44,39,39,39,35,24,32,32,32,32,58,39,41,18,31,37,37,36,41,41,41,41,43,43,35,35,25,56,56,55,34,34,34,34,36,49,49,49,14,14,33,33,33,24,0],"gold":45,"neow_bonus":"THREE_ENEMY_KILL","is_prod":false,"is_daily":false,"chose_seed":false,"campfire_upgraded":5,"win_rate":0,"timestamp":1550537805,"path_taken":["M","M","?","?","$","E","M","E","T","R","M","E","M","$","R","BOSS","M","?","?","?","M","R","E","?","T","M","E","M","?","E","R","BOSS","M","M","M","$","?","R","E","?","T","$","E","$","R","?","R","BOSS","BOSS"],"build_version":"2019-01-23","purchased_purges":2,"victory":false,"max_hp_per_floor":[66,66,66,66,66,66,66,66,66,66,66,66,66,66,66,66,66,66,66,66,66,66,66,66,66,66,66,66,66,66,66,66,66,66,66,66,66,66,66,66,66,66,66,66,66,66,66,66,66,66,66],"card_choices":[{"not_picked":["Sucker Punch","Dodge and Roll"],"picked":"Slice","floor":1.0},{"not_picked":["Deadly Poison","Poisoned Stab"],"picked":"Backstab","floor":2.0},{"not_picked":["Slice","Underhanded Strike"],"picked":"Bouncing Flask","floor":4.0},{"not_picked":["Reflex","Sucker Punch"],"picked":"PiercingWail","floor":6.0},{"not_picked":["Prepared","Accuracy"],"picked":"Malaise","floor":7.0},{"not_picked":["Caltrops","Bouncing Flask"],"picked":"Crippling Poison","floor":8.0},{"not_picked":["Slice","Prepared"],"picked":"Deadly Poison","floor":11.0},{"not_picked":["Masterful Stab","Slice","Choke"],"picked":"SKIP","floor":12.0},{"not_picked":["Blade Dance","PiercingWail"],"picked":"Well Laid Plans","floor":13.0},{"not_picked":["Phantasmal Killer","A Thousand Cuts"],"picked":"Corpse Explosion","floor":16.0},{"not_picked":["Dagger Spray","Sucker Punch","Prepared"],"picked":"SKIP","floor":18.0},{"not_picked":["Flechettes","Bane+1"],"picked":"PiercingWail","floor":19.0},{"not_picked":["Prepared","Heel Hook"],"picked":"Escape Plan","floor":20.0},{"not_picked":["Masterful Stab","PiercingWail"],"picked":"Well Laid Plans","floor":22.0},{"not_picked":["Prepared","Deadly Poison"],"picked":"Blade Dance","floor":24.0},{"not_picked":["Masterful Stab","Dagger Spray"],"picked":"A Thousand Cuts","floor":25.0},{"not_picked":["Distraction","Deadly Poison"],"picked":"Cloak And Dagger","floor":27.0},{"not_picked":["Bouncing Flask","Skewer","Slice"],"picked":"SKIP","floor":28.0},{"not_picked":["PiercingWail","Blade Dance"],"picked":"Backflip","floor":29.0},{"not_picked":["Terror","Blade Dance"],"picked":"Noxious Fumes","floor":29.0},{"not_picked":["Dodge and Roll","Flying Knee"],"picked":"Acrobatics","floor":31.0},{"not_picked":["Heel Hook","Tactician+1"],"picked":"Backflip","floor":35.0},{"not_picked":["Deflect","Slice","Reflex"],"picked":"SKIP","floor":35.0},{"not_picked":["Setup","Dagger Throw"],"picked":"Terror","floor":36.0},{"not_picked":["Tactician","Outmaneuver+1"],"picked":"Footwork","floor":36.0},{"not_picked":["Reflex","PiercingWail"],"picked":"Catalyst","floor":37.0},{"not_picked":["Prepared","Acrobatics","Venomology"],"picked":"SKIP","floor":37.0},{"not_picked":["Riddle With Holes","Dagger Spray"],"picked":"Backflip","floor":39.0},{"not_picked":["Escape Plan","Sucker Punch+1"],"picked":"PiercingWail+1","floor":39.0},{"not_picked":["Acrobatics","Terror"],"picked":"After Image","floor":41.0},{"not_picked":["PiercingWail+1","Glass Knife"],"picked":"Endless Agony+1","floor":45.0}],"player_experience":1229241,"relics_obtained":[{"floor":6.0,"key":"Meat on the Bone"},{"floor":8.0,"key":"Lantern"},{"floor":9.0,"key":"Mercury Hourglass"},{"floor":12.0,"key":"Blue Candle"},{"floor":20.0,"key":"Incense Burner"},{"floor":20.0,"key":"The Courier"},{"floor":24.0,"key":"Ancient Tea Set"},{"floor":26.0,"key":"Art of War"},{"floor":28.0,"key":"Prayer Wheel"},{"floor":31.0,"key":"Smiling Mask"},{"floor":41.0,"key":"Toxic Egg 2"},{"floor":45.0,"key":"Mummified Hand"},{"floor":48.0,"key":"Molten Egg 2"}],"event_choices":[{"cards_removed":["Strike_G"],"damage_healed":0.0,"max_hp_gain":0.0,"max_hp_loss":0.0,"gold_gain":0.0,"event_name":"Purifier","player_choice":"Purged","floor":3.0,"gold_loss":0.0,"damage_taken":0.0},{"damage_healed":0.0,"max_hp_gain":0.0,"max_hp_loss":0.0,"gold_gain":0.0,"event_name":"Colosseum","player_choice":"Fight","floor":20.0,"gold_loss":0.0,"damage_taken":0.0},{"damage_healed":0.0,"max_hp_gain":0.0,"max_hp_loss":0.0,"gold_gain":0.0,"event_name":"Colosseum","player_choice":"Fought Nobs","floor":20.0,"gold_loss":0.0,"damage_taken":0.0},{"damage_healed":13.0,"max_hp_gain":0.0,"max_hp_loss":0.0,"gold_gain":0.0,"event_name":"The Library","player_choice":"Heal","floor":21.0,"gold_loss":0.0,"damage_taken":0.0},{"cards_removed":["Strike_G"],"damage_healed":0.0,"max_hp_gain":0.0,"max_hp_loss":0.0,"gold_gain":0.0,"event_name":"Designer","player_choice":"Upgrade and Remove","floor":30.0,"gold_loss":110.0,"damage_taken":0.0,"cards_upgraded":["PiercingWail"]},{"damage_healed":13.0,"max_hp_gain":0.0,"max_hp_loss":0.0,"gold_gain":0.0,"event_name":"Winding Halls","player_choice":"Writhe","floor":42.0,"gold_loss":0.0,"damage_taken":0.0,"cards_obtained":["Writhe"]}],"is_beta":false,"boss_relics":[{"not_picked":["White Beast Statue","Orrery"],"picked":"WristBlade"},{"not_picked":["Lizard Tail","Philosopher\u0027s Stone"],"picked":"Astrolabe"}],"items_purged_floors":[38,44],"is_endless":false,"potions_floor_spawned":[2,4,11,13,16,18,22,24,28,29,31,33,36],"killed_by":"Donu and Deca","ascension_level":20}