{"path_per_floor":["M","M","?","M","M","E","R","E","T","$","M","R","M","M","R","B",null,"M","M","$","M","$","E","R","M","T","R","E","?","?","M","R","B",null,"M","?","$","M","M","R","M"],"character_chosen":"IRONCLAD","items_purchased":["Shuriken","Block Potion","Flash of Steel","Dropkick","Gambling Chip","Toolbox","SkillPotion"],"gold_per_floor":[119,139,139,157,177,212,212,247,300,3,22,22,41,54,54,159,159,179,195,33,52,52,85,85,102,126,126,156,156,156,173,173,274,304,322,622,26,38,57,57,71,71],"floor_reached":42,"campfire_rested":2,"playtime":1523,"current_hp_per_floor":[72,72,72,72,68,55,55,41,41,41,47,47,53,59,59,51,67,59,32,32,38,38,19,65,59,59,69,60,60,60,65,72,39,69,62,62,62,68,19,71,73,73],"items_purged":[],"gold":71,"score":615,"play_id":"3793c2bf-0457-4131-b3f0-1a9205cd4f18","local_time":"20180517163942","is_prod":false,"is_daily":false,"chose_seed":false,"is_ascension_mode":true,"campfire_upgraded":5,"timestamp":1526567982,"path_taken":["M","M","?","M","M","E","R","E","T","$","M","R","M","?","R","BOSS","M","M","$","M","$","E","R","M","T","R","E","?","?","?","R","BOSS","M","?","$","M","M","R","M","E"],"build_version":"2018-05-10","seed_source_timestamp":0,"purchased_purges":0,"victory":false,"master_deck":["Strike_R+1","Strike_R+1","Strike_R+1","Strike_R+1","Strike_R+1","Defend_R+1","Defend_R+1","Defend_R+1","Defend_R+1","Bash+1","Bludgeon+1","Clash","Battle Trance+1","Thunderclap+1","Shrug It Off+1","Dropkick","Whirlwind+1","Brutality","Pommel Strike+1","Anger+1","Impervious","Carnage+1","Anger+1","Flash of Steel+1","Dropkick+1","Metallicize+1","Berserk","Power Through+1","Wild Strike+1","Offering","Dual Wield+1","Reaper+1","Seeing Red+1","Rage","Headbutt+1","Evolve+1"],"max_hp_per_floor":[72,72,72,72,72,72,72,72,72,72,72,72,72,72,72,72,72,72,72,72,72,72,72,72,72,72,72,72,72,72,72,72,72,77,77,77,77,77,77,77,77,77],"relics":["Burning Blood","Ice Cream","Molten Egg 2","Regal Pillow","Shuriken","Eternal Feather","Lantern","Whetstone","Gremlin Horn","Tiny House","Gambling Chip","Toolbox"],"card_choices":[{"not_picked":["Feed","Dark Embrace"],"picked":"Bludgeon","floor":0.0},{"not_picked":["Heavy Blade","Rampage"],"picked":"Clash","floor":1.0},{"not_picked":["Havoc","Corruption"],"picked":"Battle Trance","floor":2.0},{"not_picked":["True Grit","Body Slam"],"picked":"Thunderclap","floor":4.0},{"not_picked":["Armaments","True Grit"],"picked":"Shrug It Off","floor":5.0},{"not_picked":["Anger","Reckless Charge"],"picked":"Dropkick","floor":6.0},{"not_picked":["Reckless Charge","Flame Barrier"],"picked":"Whirlwind","floor":8.0},{"not_picked":["Battle Trance","Evolve"],"picked":"Brutality","floor":11.0},{"not_picked":["Havoc","Armaments"],"picked":"Pommel Strike","floor":13.0},{"not_picked":["Havoc","Burning Pact"],"picked":"Anger","floor":14.0},{"not_picked":["Berserk","Double Tap"],"picked":"Impervious","floor":16.0},{"not_picked":["Evolve","Thunderclap"],"picked":"Carnage","floor":18.0},{"not_picked":["Thunderclap","Corruption"],"picked":"Anger","floor":19.0},{"not_picked":["Uppercut","Flex"],"picked":"Metallicize","floor":21.0},{"not_picked":["Sentinel","Whirlwind"],"picked":"Berserk","floor":23.0},{"not_picked":["Shockwave","Pommel Strike"],"picked":"Power Through","floor":25.0},{"not_picked":["Clash","Perfected Strike"],"picked":"Wild Strike","floor":28.0},{"not_picked":["Reckless Charge","Bloodletting"],"picked":"Dual Wield","floor":31.0},{"not_picked":["Fiend Fire","Barricade"],"picked":"Reaper","floor":33.0},{"not_picked":["Fire Breathing","Iron Wave"],"picked":"Seeing Red","floor":35.0},{"not_picked":["Pommel Strike","Anger"],"picked":"Rage","floor":38.0},{"not_picked":["Searing Blow","Body Slam"],"picked":"Headbutt","floor":39.0},{"not_picked":["Headbutt","Havoc"],"picked":"Evolve","floor":41.0}],"player_experience":484920,"potions_floor_usage":[],"damage_taken":[{"damage":0.0,"enemies":"Small Slimes","floor":1.0,"turns":3.0},{"damage":2.0,"enemies":"Jaw Worm","floor":2.0,"turns":3.0},{"damage":1.0,"enemies":"Cultist","floor":4.0,"turns":3.0},{"damage":10.0,"enemies":"Exordium Wildlife","floor":5.0,"turns":3.0},{"damage":19.0,"enemies":"3 Sentries","floor":6.0,"turns":5.0},{"damage":20.0,"enemies":"Lagavulin","floor":8.0,"turns":5.0},{"damage":0.0,"enemies":"2 Fungi Beasts","floor":11.0,"turns":1.0},{"damage":0.0,"enemies":"Large Slime","floor":13.0,"turns":3.0},{"damage":0.0,"enemies":"3 Louse","floor":14.0,"turns":1.0},{"damage":14.0,"enemies":"Hexaghost","floor":16.0,"turns":7.0},{"damage":14.0,"enemies":"Spheric Guardian","floor":18.0,"turns":4.0},{"damage":33.0,"enemies":"2 Thieves","floor":19.0,"turns":3.0},{"damage":0.0,"enemies":"Snecko","floor":21.0,"turns":2.0},{"damage":25.0,"enemies":"Gremlin Leader","floor":23.0,"turns":3.0},{"damage":12.0,"enemies":"Snake Plant","floor":25.0,"turns":3.0},{"damage":15.0,"enemies":"Book of Stabbing","floor":28.0,"turns":3.0},{"damage":1.0,"enemies":"Cultist and Chosen","floor":31.0,"turns":2.0},{"damage":39.0,"enemies":"Champ","floor":33.0,"turns":8.0},{"damage":13.0,"enemies":"Orb Walker","floor":35.0,"turns":3.0},{"damage":0.0,"enemies":"3 Shapes","floor":38.0,"turns":2.0},{"damage":55.0,"enemies":"Maw","floor":39.0,"turns":7.0},{"damage":4.0,"enemies":"Sphere and 2 Shapes","floor":41.0,"turns":3.0},{"damage":0,"enemies":"Giant Head","floor":42,"turns":1}],"event_choices":[{"event_name":"Living Wall","player_choice":"Grow","floor":3.0,"damage_taken":0.0},{"event_name":"The Library","player_choice":"Read","floor":29.0,"damage_taken":0.0},{"event_name":"Back to Basics","player_choice":"Simplicity","floor":30.0,"damage_taken":0.0},{"event_name":"Wheel of Change","player_choice":"Gold","floor":36.0,"damage_taken":0.0}],"boss_relics":[],"potions_floor_spawned":[2,4,5,13,16,18,21,23,39],"seed_played":"-6682885936031573904","killed_by":"Giant Head","ascension_level":5,"is_trial":false}