{"gold_per_floor":[112,112,127,127,150,188,188,221,221,246,246,265,286,213,213,302,302,316,241,340,358,358,358,402,402,402,420,420],"floor_reached":28,"playtime":740,"items_purged":[],"score":422,"play_id":"c97053cc-fbc1-41dd-897a-623297ea3b6d","local_time":"20190218111145","is_ascension_mode":true,"campfire_choices":[{"data":"Inflame","floor":7,"key":"SMITH"},{"floor":11,"key":"REST"},{"data":"Bash","floor":15,"key":"SMITH"},{"floor":23,"key":"REST"},{"floor":25,"key":"REST"}],"neow_cost":"NONE","seed_source_timestamp":110995164281202,"circlet_count":0,"master_deck":["AscendersBane","Strike_R","Strike_R","Strike_R","Defend_R","Defend_R","Defend_R","Defend_R","Bash+1","Disarm+1","Anger","Warcry","Inflame+1","Sword Boomerang","Second Wind","Warcry","Demon Form","Blood for Blood","Flame Barrier","Demon Form","Whirlwind"],"relics":["Burning Blood","NeowsBlessing","Golden Idol","Unceasing Top","Bottled Flame","Dead Branch","Fusion Hammer","Art of War","Pantograph"],"potions_floor_usage":[6,8,8,16,16],"damage_taken":[{"damage":0,"enemies":"Small Slimes","floor":1,"turns":1},{"damage":0,"enemies":"Cultist","floor":3,"turns":1},{"damage":0,"enemies":"Jaw Worm","floor":5,"turns":1},{"damage":16,"enemies":"Gremlin Nob","floor":6,"turns":3},{"damage":19,"enemies":"Lagavulin","floor":8,"turns":7},{"damage":19,"enemies":"Large Slime","floor":10,"turns":6},{"damage":7,"enemies":"Blue Slaver","floor":12,"turns":4},{"damage":6,"enemies":"Looter","floor":13,"turns":3},{"damage":26,"enemies":"Hexaghost","floor":16,"turns":8},{"damage":36,"enemies":"2 Thieves","floor":18,"turns":4},{"damage":16,"enemies":"Chosen","floor":21,"turns":4},{"damage":22,"enemies":"Book of Stabbing","floor":24,"turns":6},{"damage":21,"enemies":"Snake Plant","floor":27,"turns":5},{"damage":29,"enemies":"Cultist and Chosen","floor":28,"turns":4}],"seed_played":"2820903210440896642","potions_obtained":[{"floor":1,"key":"SteroidPotion"},{"floor":3,"key":"SpeedPotion"},{"floor":6,"key":"AttackPotion"},{"floor":10,"key":"Swift Potion"},{"floor":18,"key":"GamblersBrew"}],"is_trial":false,"path_per_floor":["M","?","M","?","M","E","R","E","T","M","R","M","M","$","R","B",null,"M","?","?","M","?","R","E","R","T","M","M"],"character_chosen":"IRONCLAD","items_purchased":["Regen Potion"],"campfire_rested":3,"item_purchase_floors":[14],"current_hp_per_floor":[74,74,75,57,63,53,53,40,40,27,49,48,48,48,48,43,67,37,37,37,27,27,49,33,55,55,40,11],"gold":420,"neow_bonus":"THREE_ENEMY_KILL","is_prod":false,"is_daily":false,"chose_seed":false,"campfire_upgraded":2,"win_rate":0,"timestamp":1550484705,"path_taken":["M","?","?","?","M","E","R","E","T","M","R","M","M","$","R","BOSS","M","?","?","M","?","R","E","R","T","?","M"],"build_version":"2019-01-23","purchased_purges":0,"victory":false,"max_hp_per_floor":[75,75,75,75,75,75,75,75,75,75,75,75,75,75,75,75,75,75,75,75,75,75,75,75,75,75,75,75],"card_choices":[{"not_picked":["Infernal Blade","Whirlwind"],"picked":"Disarm","floor":1},{"not_picked":["Iron Wave","Burning Pact"],"picked":"Anger","floor":3},{"not_picked":["Body Slam","Iron Wave"],"picked":"Warcry","floor":5},{"not_picked":["Impervious","Heavy Blade"],"picked":"Inflame","floor":6},{"not_picked":["Flex","Sentinel"],"picked":"Sword Boomerang","floor":8},{"not_picked":["Heavy Blade","Perfected Strike"],"picked":"Second Wind","floor":10},{"not_picked":["Twin Strike","Thunderclap"],"picked":"Warcry","floor":12},{"not_picked":["Headbutt","Clash","Anger"],"picked":"SKIP","floor":13},{"not_picked":["Reaper","Brutality"],"picked":"Demon Form","floor":16},{"not_picked":["Anger","Body Slam"],"picked":"Blood for Blood","floor":18},{"not_picked":["Dropkick","Clash"],"picked":"Flame Barrier","floor":21},{"not_picked":["Reckless Charge+1","Headbutt"],"picked":"Demon Form","floor":24},{"not_picked":["Iron Wave","Carnage"],"picked":"Whirlwind","floor":27}],"player_experience":2288691,"relics_obtained":[{"floor":6,"key":"Unceasing Top"},{"floor":8,"key":"Bottled Flame"},{"floor":9,"key":"Dead Branch"},{"floor":24,"key":"Art of War"},{"floor":26,"key":"Pantograph"}],"event_choices":[{"damage_healed":0,"gold_gain":0,"player_choice":"Upgraded","damage_taken":0,"max_hp_gain":0,"max_hp_loss":0,"event_name":"Upgrade Shrine","floor":2,"gold_loss":0,"cards_upgraded":["Disarm"]},{"damage_healed":0,"gold_gain":0,"player_choice":"Take Damage","damage_taken":18,"relics_obtained":["Golden Idol"],"max_hp_gain":0,"max_hp_loss":0,"event_name":"Golden Idol","floor":4,"gold_loss":0},{"cards_removed":["Strike_R"],"damage_healed":0,"gold_gain":0,"player_choice":"Gave Gold","damage_taken":0,"max_hp_gain":0,"max_hp_loss":0,"event_name":"Beggar","floor":19,"gold_loss":75},{"damage_healed":0,"gold_gain":99,"player_choice":"Stole From Cult","damage_taken":0,"max_hp_gain":0,"max_hp_loss":0,"event_name":"Nest","floor":20,"gold_loss":0},{"cards_removed":["Strike_R"],"damage_healed":0,"gold_gain":0,"player_choice":"Purged","damage_taken":0,"max_hp_gain":0,"max_hp_loss":0,"event_name":"Purifier","floor":22,"gold_loss":0}],"is_beta":false,"boss_relics":[{"not_picked":["Coffee Dripper","Runic Dome"],"picked":"Fusion Hammer"}],"items_purged_floors":[],"is_endless":false,"potions_floor_spawned":[1,3,6,10,18],"killed_by":"Cultist and Chosen","ascension_level":14}