{"gold_per_floor":[117,117,42,7,17,42,59,59,59,94,114,176,192,202,202,202],"floor_reached":16,"playtime":446,"items_purged":["Regret"],"score":221,"play_id":"4a62605e-77c0-45ad-8f69-4889bdf55595","local_time":"20181022175241","is_ascension_mode":true,"campfire_choices":[{"floor":8,"key":"REST"},{"floor":15,"key":"REST"}],"neow_cost":"NONE","seed_source_timestamp":999269736700953,"circlet_count":0,"master_deck":["Defend_G","Defend_G","Defend_G","Defend_G","Defend_G","Strike_G","Strike_G","Strike_G","Strike_G","Strike_G","Survivor","Neutralize","AscendersBane","Dramatic Entrance","All Out Attack","Flying Knee","Leg Sweep","Bullet Time","Cloak And Dagger","Cloak And Dagger","Skewer","Blade Dance","Choke"],"special_seed":0,"relics":["Ring of the Snake","Darkstone Periapt","Boot","Du-Vu Doll","Juzu Bracelet","Tiny Chest"],"potions_floor_usage":[10,12,12],"damage_taken":[{"damage":1.0,"enemies":"Jaw Worm","floor":1.0,"turns":6.0},{"damage":2.0,"enemies":"Small Slimes","floor":5.0,"turns":3.0},{"damage":42.0,"enemies":"Gremlin Nob","floor":6.0,"turns":5.0},{"damage":0,"enemies":"2 Louse","floor":7,"turns":1},{"damage":12,"enemies":"3 Sentries","floor":10,"turns":5},{"damage":5,"enemies":"2 Fungi Beasts","floor":11,"turns":3},{"damage":0,"enemies":"Gremlin Nob","floor":12,"turns":4},{"damage":2,"enemies":"Lots of Slimes","floor":13,"turns":3},{"damage":0,"enemies":"3 Louse","floor":14,"turns":1},{"damage":2,"enemies":"Slime Boss","floor":16,"turns":6}],"seed_played":"5379805465350192356","potions_obtained":[{"floor":1.0,"key":"SpeedPotion"},{"floor":6.0,"key":"Strength Potion"},{"floor":7,"key":"Block Potion"},{"floor":10,"key":"Strength Potion"},{"floor":14,"key":"Block Potion"}],"is_trial":false,"path_per_floor":["M","?","$","?","M","E","M","R","T","E","M","E","M","M","R"],"character_chosen":"THE_SILENT","items_purchased":[],"campfire_rested":2,"item_purchase_floors":[],"current_hp_per_floor":[62,68,68,76,74,32,32,54,54,42,37,37,35,35,57,55],"gold":202,"neow_bonus":"RANDOM_COLORLESS","is_prod":false,"is_daily":false,"chose_seed":false,"campfire_upgraded":0,"win_rate":0,"timestamp":1540223561,"path_taken":["M","?","$","?","M","E","M","R","T","E","M","E","M","M","R","BOSS"],"build_version":"2018-10-18","purchased_purges":1,"victory":false,"max_hp_per_floor":[70,76,76,76,76,76,76,76,76,76,76,76,76,76,76,76],"card_choices":[{"not_picked":["Crippling Poison","Blade Dance"],"picked":"All Out Attack","floor":1.0},{"not_picked":["Prepared","Bane"],"picked":"Flying Knee","floor":5.0},{"not_picked":["PiercingWail","Dodge and Roll"],"picked":"Leg Sweep","floor":6.0},{"not_picked":["Prepared","Dagger Spray"],"picked":"Bullet Time","floor":7},{"not_picked":["Deflect","PiercingWail"],"picked":"Cloak And Dagger","floor":10},{"not_picked":["Dodge and Roll","Backflip"],"picked":"Cloak And Dagger","floor":11},{"not_picked":["Grand Finale","Reflex"],"picked":"Skewer","floor":12},{"not_picked":["Dash","Sucker Punch"],"picked":"Blade Dance","floor":13},{"not_picked":["Crippling Poison","Riddle With Holes"],"picked":"Choke","floor":14}],"player_experience":1100200,"relics_obtained":[{"floor":6.0,"key":"Boot"},{"floor":9,"key":"Du-Vu Doll"},{"floor":10,"key":"Juzu Bracelet"},{"floor":12,"key":"Tiny Chest"}],"event_choices":[{"damage_healed":0.0,"max_hp_gain":0.0,"max_hp_loss":0.0,"gold_gain":0.0,"event_name":"Big Fish","player_choice":"Box","floor":2.0,"gold_loss":0.0,"damage_taken":0.0,"relics_obtained":["Darkstone Periapt"],"cards_obtained":["Regret"]},{"damage_healed":19.0,"max_hp_gain":0.0,"max_hp_loss":0.0,"gold_gain":0.0,"event_name":"The Cleric","player_choice":"Healed","floor":4.0,"gold_loss":35.0,"damage_taken":0.0}],"is_beta":false,"boss_relics":[],"items_purged_floors":[3],"is_endless":false,"potions_floor_spawned":[1,6,7,10,14],"killed_by":"Slime Boss","ascension_level":10}