{"gold_per_floor":[115,115,115,132,147,147,174,151,151,151,151,165,177,189,189,262,262,213,157,157,157],"floor_reached":21,"playtime":663,"items_purged":[],"score":344,"play_id":"02d38bc7-4199-4c97-b21e-e60d85c483de","local_time":"20190217180815","is_ascension_mode":true,"campfire_choices":[{"data":"Corruption","floor":6,"key":"SMITH"},{"data":"Headbutt","floor":11,"key":"SMITH"},{"data":"Iron Wave","floor":15,"key":"SMITH"}],"neow_cost":"NONE","seed_source_timestamp":15112649294135867,"circlet_count":0,"master_deck":["AscendersBane","Strike_R","Strike_R","Strike_R","Strike_R","Defend_R","Defend_R","Defend_R","Defend_R","Bash","Burning Pact","Corruption+1","Headbutt+1","Armaments","Iron Wave+1","Shrug It Off","Havoc","Havoc"],"relics":["Black Blood","NeowsBlessing","Bottled Tornado","Nloth\u0027s Gift"],"potions_floor_usage":[7,16,16],"damage_taken":[{"damage":0,"enemies":"Jaw Worm","floor":1,"turns":1},{"damage":0,"enemies":"2 Louse","floor":4,"turns":1},{"damage":0,"enemies":"Cultist","floor":5,"turns":1},{"damage":26,"enemies":"Gremlin Nob","floor":7,"turns":4},{"damage":24,"enemies":"Exordium Thugs","floor":8,"turns":4},{"damage":3,"enemies":"Exordium Wildlife","floor":12,"turns":4},{"damage":17,"enemies":"3 Louse","floor":13,"turns":4},{"damage":3,"enemies":"Blue Slaver","floor":14,"turns":3},{"damage":65,"enemies":"The Guardian","floor":16,"turns":10},{"damage":22,"enemies":"2 Thieves","floor":18,"turns":5},{"damage":53,"enemies":"3 Byrds","floor":21,"turns":6}],"seed_played":"-2823727691884720899","potions_obtained":[{"floor":4,"key":"Weak Potion"},{"floor":5,"key":"LiquidBronze"},{"floor":7,"key":"GamblersBrew"}],"is_trial":false,"path_per_floor":["M","?","?","M","M","R","E","M","T","?","R","M","M","M","R","B",null,"M","$","?","M"],"character_chosen":"IRONCLAD","items_purchased":["Havoc"],"campfire_rested":0,"item_purchase_floors":[19],"current_hp_per_floor":[74,79,72,78,80,80,60,42,42,80,80,80,69,72,72,13,63,51,51,51,0],"gold":157,"neow_bonus":"THREE_ENEMY_KILL","is_prod":false,"is_daily":false,"chose_seed":false,"campfire_upgraded":3,"win_rate":0,"timestamp":1550423295,"path_taken":["M","?","?","M","M","R","E","M","T","?","R","M","?","M","R","BOSS","M","$","?","?"],"build_version":"2019-01-23","purchased_purges":0,"victory":false,"max_hp_per_floor":[75,80,80,80,80,80,80,80,80,80,80,80,80,80,80,80,80,80,80,80,80],"card_choices":[{"not_picked":["Flex","Searing Blow"],"picked":"Burning Pact","floor":1},{"not_picked":["Cleave","Heavy Blade"],"picked":"Corruption","floor":4},{"not_picked":["Bludgeon","Pummel"],"picked":"Headbutt","floor":5},{"not_picked":["Combust","Headbutt"],"picked":"Second Wind","floor":7},{"not_picked":["Second Wind","Entrench"],"picked":"Armaments","floor":8},{"not_picked":["Rampage","Thunderclap"],"picked":"Iron Wave","floor":12},{"not_picked":["Carnage","Seeing Red"],"picked":"Shrug It Off","floor":13},{"not_picked":["Cleave","Uppercut","Wild Strike"],"picked":"SKIP","floor":14},{"not_picked":["Headbutt","Reckless Charge+1"],"picked":"Havoc","floor":18}],"player_experience":409571,"relics_obtained":[{"floor":7,"key":"Bronze Scales"},{"floor":9,"key":"Bottled Tornado"}],"event_choices":[{"damage_healed":0,"gold_gain":0,"player_choice":"Donut","damage_taken":0,"max_hp_gain":5,"max_hp_loss":0,"event_name":"Big Fish","floor":2,"gold_loss":0},{"cards_removed":["Strike_R"],"damage_healed":0,"gold_gain":0,"player_choice":"Card Removal","damage_taken":7,"max_hp_gain":0,"max_hp_loss":0,"event_name":"Golden Wing","floor":3,"gold_loss":0},{"cards_removed":["Second Wind"],"damage_healed":38,"gold_gain":0,"player_choice":"Offered Uncommon","damage_taken":0,"max_hp_gain":0,"max_hp_loss":0,"event_name":"Bonfire Elementals","floor":10,"gold_loss":0},{"damage_healed":0,"gold_gain":0,"player_choice":"Traded Relic","damage_taken":0,"relics_obtained":["Nloth\u0027s Gift"],"max_hp_gain":0,"max_hp_loss":0,"event_name":"N\u0027loth","floor":20,"relics_lost":["Bronze Scales"],"gold_loss":0}],"is_beta":false,"boss_relics":[{"not_picked":["Coffee Dripper","Empty Cage"],"picked":"Black Blood"}],"items_purged_floors":[],"is_endless":false,"potions_floor_spawned":[4,5,7],"killed_by":"3 Byrds","ascension_level":18}