{"gold_per_floor":[364,66,82,93,59,88,103,103,103,103,103],"floor_reached":11,"playtime":778,"items_purged":[],"score":77,"play_id":"8cff5328-9220-4a45-ab6c-79639cc00360","local_time":"20190207134125","is_ascension_mode":true,"campfire_choices":[{"floor":10,"key":"DIG"}],"neow_cost":"CURSE","seed_source_timestamp":274659853770244,"circlet_count":0,"master_deck":["Strike_B","Strike_B","Strike_B","Strike_B","Defend_B","Defend_B","Defend_B","Defend_B","Zap","Dualcast","Normality","Melter","Conserve Battery","Sweeping Beam","BootSequence","Coolheaded","Fission"],"relics":["Cracked Core","Shovel","Dead Branch","Peace Pipe","Ginger"],"potions_floor_usage":[6],"damage_taken":[{"damage":2,"enemies":"Small Slimes","floor":1,"turns":3},{"damage":11,"enemies":"Jaw Worm","floor":3,"turns":3},{"damage":0,"enemies":"Cultist","floor":4,"turns":3},{"damage":25,"enemies":"3 Sentries","floor":6,"turns":6},{"damage":15,"enemies":"2 Fungi Beasts","floor":7,"turns":5},{"damage":0,"enemies":"Large Slime","floor":11,"turns":1}],"seed_played":"9015398883521265128","potions_obtained":[{"floor":1,"key":"PowerPotion"},{"floor":4,"key":"Strength Potion"}],"is_trial":false,"path_per_floor":["M","$","M","M","?","E","M","?","T","R","M"],"character_chosen":"DEFECT","items_purchased":["Shovel"],"campfire_rested":0,"item_purchase_floors":[2],"current_hp_per_floor":[73,73,62,62,62,37,22,22,22,22,22],"gold":103,"neow_bonus":"TWO_FIFTY_GOLD","is_prod":false,"is_daily":false,"chose_seed":false,"campfire_upgraded":0,"win_rate":0,"timestamp":1549575685,"path_taken":["M","$","M","M","?","E","M","?","T","R","M"],"build_version":"2019-01-23","purchased_purges":0,"victory":false,"max_hp_per_floor":[75,75,75,75,75,75,75,75,75,75,75],"card_choices":[{"not_picked":["Rip and Tear","Redo"],"picked":"Melter","floor":1},{"not_picked":["Ball Lightning","Double Energy"],"picked":"Conserve Battery","floor":3},{"not_picked":["Turbo","Steam"],"picked":"Sweeping Beam","floor":4},{"not_picked":["Scrape","Leap"],"picked":"BootSequence","floor":6},{"not_picked":["Skim","Defragment"],"picked":"Coolheaded","floor":7}],"player_experience":109466,"relics_obtained":[{"floor":6,"key":"Dead Branch"},{"floor":9,"key":"Peace Pipe"},{"floor":10,"key":"Ginger"}],"event_choices":[{"damage_healed":0,"gold_gain":0,"player_choice":"Left Gold","damage_taken":0,"max_hp_gain":0,"max_hp_loss":0,"event_name":"World of Goop","floor":5,"gold_loss":34},{"damage_healed":0,"gold_gain":0,"player_choice":"1 cards matched","damage_taken":0,"max_hp_gain":0,"max_hp_loss":0,"event_name":"Match and Keep!","floor":8,"gold_loss":0,"cards_obtained":["Fission"]}],"is_beta":false,"boss_relics":[],"items_purged_floors":[],"is_endless":false,"potions_floor_spawned":[1,4],"killed_by":"Large Slime","ascension_level":1}