{"gold_per_floor":[118,136,86,99,99,99,131,131,131,146,146,164,164,42,42,144,144,163,163,63,80,92,92],"floor_reached":23,"playtime":3124,"items_purged":["Bash","Strike_R"],"score":239,"play_id":"f3d026c2-0190-47a8-80c4-e0e7262ed118","local_time":"20181228160454","is_ascension_mode":true,"campfire_choices":[{"data":"Twin Strike","floor":6.0,"key":"SMITH"},{"data":"Armaments","floor":8.0,"key":"SMITH"},{"data":"True Grit","floor":11.0,"key":"SMITH"},{"data":"Flex","floor":13.0,"key":"SMITH"},{"floor":15.0,"key":"REST"}],"neow_cost":"NONE","seed_source_timestamp":243545083310506,"circlet_count":0,"master_deck":["Strike_R","Strike_R","Strike_R","Defend_R","Defend_R","Defend_R","Defend_R","Sword Boomerang","Sword Boomerang","Twin Strike+1","Armaments+1","True Grit+1","Flex+1","Flex","Feed","Cleave+1","Power Through","Warcry+1"],"special_seed":0,"relics":["Burning Blood","Mummified Hand","Bag of Marbles","Anchor","Sozu","SsserpentHead"],"potions_floor_usage":[22],"damage_taken":[{"damage":7.0,"enemies":"Jaw Worm","floor":1.0,"turns":4.0},{"damage":2.0,"enemies":"Small Slimes","floor":2.0,"turns":4.0},{"damage":0.0,"enemies":"Cultist","floor":4.0,"turns":2.0},{"damage":32.0,"enemies":"Gremlin Nob","floor":7.0,"turns":4.0},{"damage":11.0,"enemies":"Looter","floor":10.0,"turns":3.0},{"damage":0.0,"enemies":"Exordium Wildlife","floor":12.0,"turns":3.0},{"damage":35.0,"enemies":"Slime Boss","floor":16.0,"turns":11.0},{"damage":0.0,"enemies":"Chosen","floor":18.0,"turns":3.0},{"damage":0,"enemies":"2 Thieves","floor":21,"turns":2},{"damage":37,"enemies":"Snecko","floor":22,"turns":6},{"damage":57,"enemies":"Gremlin Leader","floor":23,"turns":10}],"seed_played":"5819082360740330239","potions_obtained":[{"floor":1.0,"key":"GamblersBrew"},{"floor":4.0,"key":"Strength Potion"},{"floor":10.0,"key":"SteroidPotion"},{"floor":16.0,"key":"Fire Potion"}],"is_trial":false,"path_per_floor":["M","M","?","M","?","R","E","R","T","M","R","M","R","$","R","B",null,"M","?","$","M","M","E"],"character_chosen":"IRONCLAD","items_purchased":["Flex"],"campfire_rested":1,"item_purchase_floors":[14],"current_hp_per_floor":[79,80,80,80,68,68,42,42,42,37,37,43,43,43,67,38,70,76,76,76,80,49,0],"gold":92,"neow_bonus":"THREE_CARDS","is_prod":false,"is_daily":false,"chose_seed":false,"campfire_upgraded":4,"win_rate":0,"timestamp":1545980694,"path_taken":["M","M","?","M","?","R","E","R","T","?","R","M","R","$","R","BOSS","M","?","$","M","M","E"],"build_version":"2018-12-20","purchased_purges":2,"victory":false,"max_hp_per_floor":[80,80,80,80,80,80,80,80,80,80,80,80,80,80,80,80,80,80,80,80,80,80,80],"card_choices":[{"not_picked":["Havoc","Corruption"],"picked":"Sword Boomerang","floor":0.0},{"not_picked":["Dual Wield","Havoc","Carnage"],"picked":"SKIP","floor":1.0},{"not_picked":["Corruption","Fire Breathing"],"picked":"Sword Boomerang","floor":2.0},{"not_picked":["Body Slam","Headbutt"],"picked":"Twin Strike","floor":4.0},{"not_picked":["Headbutt","Limit Break"],"picked":"Armaments","floor":7.0},{"not_picked":["Thunderclap","Armaments"],"picked":"True Grit","floor":10.0},{"not_picked":["Burning Pact","Body Slam"],"picked":"Flex","floor":12.0},{"not_picked":["Bludgeon","Brutality"],"picked":"Feed","floor":16.0},{"not_picked":["Evolve","Headbutt"],"picked":"Cleave+1","floor":18.0},{"not_picked":["Body Slam","Blood for Blood"],"picked":"Power Through","floor":21},{"not_picked":["Power Through","Shrug It Off+1"],"picked":"Warcry+1","floor":22}],"player_experience":221519,"relics_obtained":[{"floor":7.0,"key":"Bag of Marbles"},{"floor":9.0,"key":"Anchor"}],"event_choices":[{"cards_removed":["Strike_R"],"damage_healed":0.0,"max_hp_gain":0.0,"max_hp_loss":0.0,"gold_gain":0.0,"event_name":"The Cleric","player_choice":"Card Removal","floor":3.0,"gold_loss":50.0,"damage_taken":0.0},{"damage_healed":0.0,"max_hp_gain":0.0,"max_hp_loss":0.0,"gold_gain":0.0,"event_name":"Scrap Ooze","player_choice":"Success","floor":5.0,"gold_loss":0.0,"damage_taken":12.0,"relics_obtained":["Mummified Hand"]},{"damage_healed":0.0,"max_hp_gain":0.0,"max_hp_loss":0.0,"gold_gain":0.0,"event_name":"FaceTrader","player_choice":"Trade","floor":19.0,"gold_loss":0.0,"damage_taken":0.0,"relics_obtained":["SsserpentHead"]}],"is_beta":false,"boss_relics":[{"not_picked":["Tiny House","Pandora\u0027s Box"],"picked":"Sozu"}],"items_purged_floors":[14,20],"is_endless":false,"potions_floor_spawned":[1,4,10,16,22],"killed_by":"Gremlin Leader","ascension_level":5}