{"path_per_floor":["M","M","M","?","?","E","?","R","T","E","R","M","R","M","R","B",null,"M","M","?","?","$"],"character_chosen":"THE_SILENT","items_purchased":["Gremlin Horn"],"gold_per_floor":[118,138,150,250,250,282,457,457,457,482,482,495,495,507,507,606,606,586,606,606,531,197,197],"floor_reached":23,"campfire_rested":4,"playtime":6016,"item_purchase_floors":[22],"current_hp_per_floor":[45,45,45,45,45,15,15,36,36,18,39,19,40,38,59,40,63,47,34,34,34,34,0],"items_purged":["Strike_G"],"gold":197,"score":259,"play_id":"140a891c-b5b9-4e4a-913b-aa5ad68cc2d0","local_time":"20180610214640","is_prod":false,"is_daily":false,"chose_seed":false,"is_ascension_mode":true,"campfire_upgraded":0,"win_rate":0,"timestamp":1528660000,"campfire_choices":[{"floor":8,"key":"REST"},{"floor":11,"key":"REST"},{"floor":13,"key":"REST"},{"floor":15,"key":"REST"}],"path_taken":["M","M","M","?","?","E","?","R","T","E","R","?","R","?","R","BOSS","M","M","?","?","$","E"],"build_version":"2018-06-07v3","seed_source_timestamp":662478638971492,"purchased_purges":1,"victory":false,"master_deck":["Defend_G","Defend_G","Defend_G","Defend_G","Defend_G","Strike_G","Strike_G","Strike_G","Survivor","Neutralize","Noxious Fumes","PiercingWail","Bane","Bouncing Flask","Poisoned Stab","Poisoned Stab","Poisoned Stab","After Image","Unload","Bane","Setup","Footwork"],"max_hp_per_floor":[70,70,70,70,70,70,70,70,70,70,70,70,70,70,70,70,70,70,70,70,70,70,70],"relics":["Ring of the Snake","Calipers","Letter Opener","Happy Flower","Runic Dome","Gremlin Horn"],"card_choices":[{"not_picked":["Outmaneuver","Eviscerate"],"picked":"Noxious Fumes","floor":1},{"not_picked":["Acrobatics","Dagger Spray"],"picked":"PiercingWail","floor":2},{"not_picked":["Dagger Throw","Underhanded Strike"],"picked":"Bane","floor":3},{"not_picked":["Dagger Spray","Heel Hook"],"picked":"Poisoned Stab","floor":6},{"not_picked":["Heel Hook","Dodge and Roll"],"picked":"Poisoned Stab","floor":10},{"not_picked":["Backflip","Deflect"],"picked":"Poisoned Stab","floor":12},{"not_picked":["Endless Agony","PiercingWail"],"picked":"After Image","floor":14},{"not_picked":["Corpse Explosion","Grand Finale"],"picked":"Unload","floor":16},{"not_picked":["Quick Slash","Dagger Spray+1"],"picked":"Bane","floor":18},{"not_picked":["Dodge and Roll","Envenom"],"picked":"Setup","floor":19}],"player_experience":620029,"potions_floor_usage":[6,12,23],"damage_taken":[{"damage":18,"enemies":"Jaw Worm","floor":1,"turns":10},{"damage":0,"enemies":"Cultist","floor":2,"turns":4},{"damage":0,"enemies":"Small Slimes","floor":3,"turns":3},{"damage":30,"enemies":"3 Sentries","floor":6,"turns":6},{"damage":18,"enemies":"Gremlin Nob","floor":10,"turns":4},{"damage":20,"enemies":"Gremlin Gang","floor":12,"turns":4},{"damage":2,"enemies":"3 Louse","floor":14,"turns":3},{"damage":19,"enemies":"Hexaghost","floor":16,"turns":8},{"damage":16,"enemies":"2 Thieves","floor":18,"turns":4},{"damage":13,"enemies":"Spheric Guardian","floor":19,"turns":4},{"damage":34,"enemies":"Book of Stabbing","floor":23,"turns":5}],"relics_obtained":[{"floor":6,"key":"Calipers"},{"floor":9,"key":"Letter Opener"},{"floor":10,"key":"Happy Flower"}],"event_choices":[{"event_name":"Wheel of Change","player_choice":"Gold","floor":4,"damage_taken":0},{"event_name":"Living Wall","player_choice":"Change","floor":5,"damage_taken":0},{"event_name":"Liars Game","player_choice":"agreed","floor":7,"damage_taken":0},{"event_name":"The Library","player_choice":"Read","floor":20,"damage_taken":0},{"event_name":"Beggar","player_choice":"Gave Gold","floor":21,"damage_taken":0}],"boss_relics":[{"not_picked":["Runic Pyramid","Philosopher\u0027s Stone"],"picked":"Runic Dome"}],"items_purged_floors":[22],"potions_floor_spawned":[1,3,10,16,19],"seed_played":"-5243812279932256460","killed_by":"Book of Stabbing","ascension_level":6,"potions_obtained":[{"floor":1,"key":"SkillPotion"},{"floor":3,"key":"GamblersBrew"},{"floor":10,"key":"SkillPotion"},{"floor":16,"key":"SkillPotion"},{"floor":19,"key":"FearPotion"}],"is_trial":false}