{"path_per_floor":["M","M","M","M","?","E","R","E","T","R","M","R","$","E","R","B",null,"M","M","?","?","?"],"character_chosen":"DEFECT","items_purchased":["Blizzard"],"gold_per_floor":[13,33,46,64,64,98,98,134,134,134,104,104,68,109,109,228,228,243,264,264,264,179,179],"floor_reached":23,"campfire_rested":4,"playtime":1629,"item_purchase_floors":[],"current_hp_per_floor":[83,82,81,69,47,12,38,8,8,34,36,62,62,41,67,39,89,58,56,56,56,56,56],"items_purged":[],"gold":179,"score":217,"play_id":"03502303-4ae8-4c6a-ac16-18126abb5648","local_time":"20180603080931","is_prod":false,"is_daily":false,"chose_seed":false,"is_ascension_mode":true,"campfire_upgraded":0,"win_rate":0.0,"timestamp":1528006171,"campfire_choices":[{"floor":7.0,"key":"REST"},{"floor":10.0,"key":"REST"},{"floor":12.0,"key":"REST"},{"floor":15,"key":"REST"}],"path_taken":["M","M","M","M","?","E","R","E","T","R","?","R","$","E","R","BOSS","M","M","?","?","?","E"],"build_version":"2018-05-31","seed_source_timestamp":0,"purchased_purges":0,"victory":false,"master_deck":["Strike_B","Strike_B","Strike_B","Strike_B","Defend_B","Defend_B","Defend_B+1","Defend_B","Zap","Dualcast+1","Genetic Algorithm","Skim","Coolheaded","Fusion","Tempest","Aggregate","Self Repair","Self Repair","FTL","Blizzard","Go for the Eyes","Rip and Tear","Fission","Scrape","Beam Cell+1","Writhe"],"max_hp_per_floor":[89,89,89,89,89,89,89,89,89,89,89,89,89,89,89,89,89,89,89,89,89,89,89],"relics":["Cracked Core","Bloody Idol","War Paint","Dream Catcher","Pantograph","Shuriken","Black Star","Dodecahedron","Art of War"],"card_choices":[{"not_picked":["Steam","Barrage"],"picked":"Genetic Algorithm","floor":1.0},{"not_picked":["Force Field","Streamline"],"picked":"Skim","floor":2.0},{"not_picked":["Hologram","Undo"],"picked":"Coolheaded","floor":3.0},{"not_picked":["Reinforced Body","Ball Lightning"],"picked":"Fusion","floor":4.0},{"not_picked":["Rebound","Force Field"],"picked":"Tempest","floor":6.0},{"not_picked":["Streamline","Rebound"],"picked":"Aggregate","floor":8.0},{"not_picked":["Rebound","Hologram"],"picked":"Self Repair","floor":10.0},{"not_picked":["Coolheaded","Genetic Algorithm"],"picked":"Self Repair","floor":11.0},{"not_picked":["Steam Power","Coolheaded"],"picked":"FTL","floor":12.0},{"not_picked":["Reprogram","Biased Cognition"],"picked":"Go for the Eyes","floor":14},{"not_picked":["Compile Driver","Rebound"],"picked":"Rip and Tear","floor":15},{"not_picked":["Echo Form","Electrodynamics"],"picked":"Fission","floor":16},{"not_picked":["Compile Driver","Stack+1"],"picked":"Scrape","floor":18},{"not_picked":["Compile Driver","Coolheaded"],"picked":"Beam Cell+1","floor":19}],"player_experience":546572,"potions_floor_usage":[],"damage_taken":[{"damage":6.0,"enemies":"Jaw Worm","floor":1.0,"turns":3.0},{"damage":1.0,"enemies":"Cultist","floor":2.0,"turns":3.0},{"damage":1.0,"enemies":"2 Louse","floor":3.0,"turns":2.0},{"damage":12.0,"enemies":"Blue Slaver","floor":4.0,"turns":3.0},{"damage":50.0,"enemies":"Gremlin Nob","floor":6.0,"turns":6.0},{"damage":30.0,"enemies":"3 Sentries","floor":8.0,"turns":8.0},{"damage":5.0,"enemies":"Looter","floor":11.0,"turns":4.0},{"damage":35,"enemies":"Lagavulin","floor":14,"turns":8},{"damage":64,"enemies":"The Guardian","floor":16,"turns":16},{"damage":38,"enemies":"Spheric Guardian","floor":18,"turns":7},{"damage":9,"enemies":"Chosen","floor":19,"turns":6},{"damage":0,"enemies":"Gremlin Leader","floor":23,"turns":2}],"relics_obtained":[{"floor":6.0,"key":"War Paint"},{"floor":8.0,"key":"Dream Catcher"},{"floor":9.0,"key":"Pantograph"},{"floor":14,"key":"Shuriken"}],"event_choices":[{"event_name":"Golden Idol","player_choice":"Take Damage","floor":5.0,"damage_taken":0.0},{"event_name":"The Mausoleum","player_choice":"Yes","floor":20,"damage_taken":0},{"event_name":"Forgotten Altar","player_choice":"Gave Idol","floor":21,"damage_taken":0},{"event_name":"Addict","player_choice":"Obtained Relic","floor":22,"damage_taken":0}],"boss_relics":[{"not_picked":["Cursed Key","Orrery"],"picked":"Black Star"}],"items_purged_floors":[],"potions_floor_spawned":[2,3,6,14,16,19],"seed_played":"7448629594973918005","killed_by":"Gremlin Leader","ascension_level":1,"potions_obtained":[{"floor":2.0,"key":"EssenceOfSteel"},{"floor":3.0,"key":"EntropicBrew"},{"floor":6.0,"key":"Dexterity Potion"},{"floor":14,"key":"Energy Potion"},{"floor":16,"key":"Dexterity Potion"},{"floor":19,"key":"Dexterity Potion"}],"is_trial":false}