{"gold_per_floor":[112,37,50,64,75,75,95,95,121,396,396,278,298,33,33,108,108,120,137,147,147,147,179,179,129,179,197,231,156,170,201,201,275,275,287,287,299,309,309,340,352,377,377,391,391,391,419,432,432,432,432,432,432,125,153,153],"floor_reached":57,"playtime":4120,"items_purged":["Regret","Doubt","Strike_R"],"score":2988,"play_id":"bcff8726-a581-48b6-aa01-5c4d73d16a2d","local_time":"20190217224528","is_ascension_mode":true,"campfire_choices":[{"data":"Bash","floor":6.0,"key":"SMITH"},{"data":"Feed","floor":8.0,"key":"SMITH"},{"data":"Exhume","floor":11.0,"key":"SMITH"},{"data":"Demon Form","floor":15.0,"key":"SMITH"},{"data":"Pommel Strike","floor":24.0,"key":"SMITH"},{"data":"Demon Form","floor":32.0,"key":"SMITH"},{"floor":45.0,"key":"RECALL"},{"data":"Battle Trance","floor":49.0,"key":"SMITH"},{"data":"Dual Wield","floor":53,"key":"SMITH"}],"neow_cost":"CURSE","seed_source_timestamp":31084837837321,"circlet_count":0,"master_deck":["AscendersBane","Strike_R","Defend_R","Defend_R","Defend_R","Defend_R","Bash+1","Feed+1","Pommel Strike+1","Exhume+1","Spot Weakness","Clothesline","Iron Wave","Battle Trance+1","Inflame","Demon Form+1","Offering","Shrug It Off+1","True Grit","Ghostly+1","Ghostly","Ghostly+1","Demon Form+1","Anger","Demon Form","Barricade","Corruption","Reaper","Dual Wield+1","Evolve","Sentinel+1","Master of Strategy","Apotheosis","Uppercut","Apotheosis"],"special_seed":0,"relics":["Burning Blood","Happy Flower","Bronze Scales","Snecko Eye","Vajra","Anchor","Meat on the Bone","Cursed Key","Kunai","Blood Vial","Mango","Self Forming Clay"],"potions_floor_usage":[56,56],"damage_taken":[{"damage":8.0,"enemies":"Small Slimes","floor":1.0,"turns":5.0},{"damage":18.0,"enemies":"Cultist","floor":3.0,"turns":5.0},{"damage":13.0,"enemies":"2 Louse","floor":4.0,"turns":5.0},{"damage":13.0,"enemies":"Large Slime","floor":5.0,"turns":5.0},{"damage":18.0,"enemies":"3 Louse","floor":7.0,"turns":5.0},{"damage":25.0,"enemies":"Exordium Thugs","floor":13.0,"turns":4.0},{"damage":42.0,"enemies":"The Guardian","floor":16.0,"turns":8.0},{"damage":28.0,"enemies":"2 Thieves","floor":18.0,"turns":3.0},{"damage":11.0,"enemies":"Shell Parasite","floor":19.0,"turns":4.0},{"damage":19.0,"enemies":"Snake Plant","floor":20.0,"turns":3.0},{"damage":8.0,"enemies":"Gremlin Leader","floor":23.0,"turns":6.0},{"damage":7.0,"enemies":"Snecko","floor":27.0,"turns":5.0},{"damage":18.0,"enemies":"Slavers","floor":28.0,"turns":5.0},{"damage":0.0,"enemies":"Centurion and Healer","floor":30.0,"turns":6.0},{"damage":2.0,"enemies":"Book of Stabbing","floor":31.0,"turns":4.0},{"damage":34.0,"enemies":"Collector","floor":33.0,"turns":8.0},{"damage":15.0,"enemies":"3 Darklings","floor":35.0,"turns":5.0},{"damage":2.0,"enemies":"Orb Walker","floor":37.0,"turns":4.0},{"damage":14.0,"enemies":"Writhing Mass","floor":38.0,"turns":6.0},{"damage":40.0,"enemies":"Nemesis","floor":40.0,"turns":7.0},{"damage":7.0,"enemies":"Spire Growth","floor":41.0,"turns":4.0},{"damage":6.0,"enemies":"Giant Head","floor":42.0,"turns":4.0},{"damage":6.0,"enemies":"4 Shapes","floor":44.0,"turns":4.0},{"damage":12.0,"enemies":"Nemesis","floor":47.0,"turns":7.0},{"damage":15.0,"enemies":"3 Darklings","floor":48.0,"turns":4.0},{"damage":88,"enemies":"Awakened One","floor":50,"turns":11},{"damage":21,"enemies":"Donu and Deca","floor":51,"turns":6},{"damage":67,"enemies":"Shield and Spear","floor":55,"turns":7},{"damage":39,"enemies":"The Heart","floor":56,"turns":6}],"seed_played":"3297604669216668910","potions_obtained":[{"floor":1.0,"key":"LiquidBronze"},{"floor":3.0,"key":"BloodPotion"},{"floor":7.0,"key":"BloodPotion"},{"floor":16.0,"key":"Explosive Potion"},{"floor":20.0,"key":"PowerPotion"},{"floor":27.0,"key":"BloodPotion"},{"floor":28.0,"key":"SmokeBomb"},{"floor":31.0,"key":"Block Potion"},{"floor":38.0,"key":"LiquidBronze"}],"is_trial":false,"path_per_floor":["M","$","M","M","M","R","M","R","T","?","R","$","M","$","R","B",null,"M","M","M","?","?","E","R","?","T","M","E","?","M","E","R","B",null,"M","?","M","M","$","E","M","E","T","M","R","?","E","M","R","B","B",null,"R","$","E","B",null],"character_chosen":"IRONCLAD","items_purchased":["Exhume","Inflame","Bronze Scales","Apotheosis"],"campfire_rested":0,"item_purchase_floors":[2,12,14,54],"current_hp_per_floor":[69,69,60,67,63,63,57,57,57,57,57,57,56,56,56,20,83,65,64,55,55,55,53,53,53,53,56,54,54,60,64,64,52,66,74,74,74,78,78,82,85,90,90,98,98,93,107,120,120,90,124,124,124,124,95,113],"gold":153,"neow_bonus":"THREE_RARE_CARDS","is_prod":false,"is_daily":false,"chose_seed":false,"campfire_upgraded":8,"win_rate":0,"timestamp":1550461528,"path_taken":["M","$","M","M","M","R","M","R","T","?","R","$","M","?","R","BOSS","M","M","?","?","?","E","R","?","T","?","E","?","M","E","R","BOSS","M","?","M","M","$","E","M","E","T","M","R","?","E","M","R","BOSS","BOSS","R","$","E","BOSS"],"build_version":"2019-01-23","purchased_purges":3,"victory":true,"max_hp_per_floor":[78,78,81,87,90,90,96,96,96,96,96,96,104,104,104,104,104,108,112,116,58,58,58,58,58,58,62,66,66,66,66,66,70,70,74,74,74,78,78,82,86,90,90,98,98,98,116,120,120,120,124,124,124,124,132,132],"card_choices":[{"not_picked":["Offering","Brutality"],"picked":"Feed","floor":0.0},{"not_picked":["Havoc","Bloodletting"],"picked":"Pommel Strike","floor":1.0},{"not_picked":["Thunderclap","Clothesline"],"picked":"Spot Weakness","floor":3.0},{"not_picked":["Blood for Blood","Wild Strike"],"picked":"Clothesline","floor":4.0},{"not_picked":["Wild Strike","Heavy Blade"],"picked":"Iron Wave","floor":5.0},{"not_picked":["Body Slam","Perfected Strike"],"picked":"Battle Trance","floor":7.0},{"not_picked":["Whirlwind","Cleave"],"picked":"Demon Form","floor":13.0},{"not_picked":["Fiend Fire","Dark Embrace"],"picked":"Offering","floor":16.0},{"not_picked":["Heavy Blade","Bloodletting"],"picked":"Shrug It Off+1","floor":18.0},{"not_picked":["Warcry","Wild Strike"],"picked":"True Grit","floor":19.0},{"not_picked":["Armaments","Anger","Flex"],"picked":"SKIP","floor":20.0},{"not_picked":["Inflame","Seeing Red+1","Rupture"],"picked":"SKIP","floor":23.0},{"not_picked":["Hemokinesis","Ghostly Armor"],"picked":"Demon Form","floor":27.0},{"not_picked":["Pommel Strike+1","Flex"],"picked":"Barricade","floor":28.0},{"not_picked":["Thunderclap","Inflame","Ghostly Armor"],"picked":"SKIP","floor":30.0},{"not_picked":["Thunderclap","Armaments"],"picked":"Corruption","floor":31.0},{"not_picked":["Barricade","Brutality"],"picked":"Reaper","floor":33.0},{"not_picked":["Twin Strike+1","Bloodletting"],"picked":"Dual Wield","floor":35.0},{"not_picked":["Power Through","Cleave","Warcry"],"picked":"SKIP","floor":37.0},{"not_picked":["Warcry","Power Through+1"],"picked":"Evolve","floor":38.0},{"not_picked":["Havoc+1","Warcry+1","Reckless Charge"],"picked":"SKIP","floor":40.0},{"not_picked":["Thunderclap","Searing Blow","Clash+1"],"picked":"SKIP","floor":41.0},{"not_picked":["Pommel Strike","Dual Wield","Combust+1"],"picked":"SKIP","floor":42.0},{"not_picked":["Thunderclap","Anger"],"picked":"Sentinel+1","floor":44.0},{"not_picked":["Panache","Violence"],"picked":"Master of Strategy","floor":46.0},{"not_picked":["Thinking Ahead","Dramatic Entrance"],"picked":"Apotheosis","floor":46.0},{"not_picked":["Intimidate","Anger+1","Flex+1"],"picked":"SKIP","floor":47.0},{"not_picked":["Hemokinesis","Burning Pact"],"picked":"Uppercut","floor":48.0},{"not_picked":["Cleave","Barricade","Havoc"],"picked":"SKIP","floor":55}],"player_experience":1224883,"relics_obtained":[{"floor":9.0,"key":"Happy Flower"},{"floor":23.0,"key":"Vajra"},{"floor":28.0,"key":"Anchor"},{"floor":31.0,"key":"Meat on the Bone"},{"floor":40.0,"key":"Kunai"},{"floor":42.0,"key":"Blood Vial"},{"floor":47.0,"key":"Mango"},{"floor":55,"key":"Self Forming Clay"}],"event_choices":[{"damage_healed":0.0,"max_hp_gain":0.0,"max_hp_loss":0.0,"gold_gain":275.0,"event_name":"Golden Shrine","player_choice":"Desecrate","floor":10.0,"gold_loss":0.0,"damage_taken":0.0,"cards_obtained":["Regret"]},{"damage_healed":0.0,"max_hp_gain":0.0,"max_hp_loss":58.0,"gold_gain":0.0,"event_name":"Ghosts","player_choice":"Became a Ghost","floor":21.0,"gold_loss":0.0,"damage_taken":0.0,"cards_obtained":["Ghostly","Ghostly","Ghostly"]},{"damage_healed":0.0,"max_hp_gain":0.0,"max_hp_loss":0.0,"gold_gain":0.0,"cards_transformed":["Strike_R","Strike_R"],"event_name":"Drug Dealer","player_choice":"Became Test Subject","floor":22.0,"gold_loss":0.0,"damage_taken":0.0,"cards_obtained":["Demon Form","Anger"]},{"damage_healed":0.0,"max_hp_gain":0.0,"max_hp_loss":0.0,"gold_gain":0.0,"event_name":"Designer","player_choice":"Upgraded Two","floor":25.0,"gold_loss":50.0,"damage_taken":0.0,"cards_upgraded":["Ghostly","Ghostly"]},{"cards_removed":["Strike_R"],"damage_healed":0.0,"max_hp_gain":0.0,"max_hp_loss":0.0,"gold_gain":0.0,"event_name":"Beggar","player_choice":"Gave Gold","floor":29.0,"gold_loss":75.0,"damage_taken":0.0},{"damage_healed":0.0,"max_hp_gain":0.0,"max_hp_loss":0.0,"gold_gain":0.0,"event_name":"Tomb of Lord Red Mask","player_choice":"Ignored","floor":36.0,"gold_loss":0.0,"damage_taken":0.0},{"damage_healed":0.0,"max_hp_gain":0.0,"max_hp_loss":0.0,"gold_gain":0.0,"event_name":"SensoryStone","player_choice":"Memory 2","floor":46.0,"gold_loss":0.0,"damage_taken":5.0}],"is_beta":false,"boss_relics":[{"not_picked":["Coffee Dripper","Runic Pyramid"],"picked":"Snecko Eye"},{"not_picked":["Calling Bell","Eternal Feather"],"picked":"Cursed Key"}],"items_purged_floors":[12,14,54],"is_endless":false,"potions_floor_spawned":[1,3,7,16,20,27,28,31,33,38,44,47,48],"ascension_level":20}