{"gold_per_floor":[119,119,119,129,144,144,170,170,243,243,243,174,238,257,257,354,354,372,372,386,131,56,56,69,69,69,85,85,100,112,89,89,193,243,253,272,104,104,104,104,120,120,120,134,234,252,281,299,299,299],"floor_reached":51,"playtime":2107,"items_purged":[],"score":727,"play_id":"72b9e58f-089e-4c74-8fa6-8ddfbfb6b171","local_time":"20190221094740","is_ascension_mode":false,"campfire_choices":[{"data":"Dualcast","floor":6,"key":"SMITH"},{"data":"Go for the Eyes","floor":8,"key":"SMITH"},{"data":"Zap","floor":11,"key":"SMITH"},{"data":"Seek","floor":15,"key":"SMITH"},{"data":"Buffer","floor":23,"key":"SMITH"},{"data":"Echo Form","floor":25,"key":"SMITH"},{"data":"FTL","floor":28,"key":"SMITH"},{"floor":32,"key":"REST"},{"data":"Beam Cell","floor":40,"key":"SMITH"},{"data":"Beam Cell","floor":42,"key":"SMITH"},{"data":"Hologram","floor":49,"key":"SMITH"}],"neow_cost":"NONE","seed_source_timestamp":0,"circlet_count":0,"master_deck":["Strike_B","Strike_B","Strike_B","Strike_B+1","Defend_B","Defend_B","Defend_B","Zap+1","Dualcast+1","FTL+1","Genetic Algorithm","Go for the Eyes+1","Gash","Buffer+1","Seek+1","Cold Snap","Echo Form+1","Go for the Eyes+1","BootSequence+1","Defragment+1","Conserve Battery","All For One","Beam Cell+1","Chaos+1","Coolheaded","Beam Cell+1","Zap+1","Loop+1","Go for the Eyes","Reinforced Body+1","Hologram+1"],"relics":["Cracked Core","NeowsBlessing","Bag of Preparation","Bottled Lightning","Calipers","Lizard Tail","Singing Bowl","Tiny House","Bag of Marbles","Peace Pipe","Thread and Needle","Girya"],"potions_floor_usage":[33,33,33,34,50,50,50,50],"damage_taken":[{"damage":0,"enemies":"Small Slimes","floor":1,"turns":1},{"damage":0,"enemies":"Cultist","floor":4,"turns":1},{"damage":0,"enemies":"Jaw Worm","floor":5,"turns":1},{"damage":21,"enemies":"Lagavulin","floor":7,"turns":8},{"damage":14,"enemies":"Gremlin Nob","floor":13,"turns":4},{"damage":0,"enemies":"Looter","floor":14,"turns":3},{"damage":24,"enemies":"The Guardian","floor":16,"turns":11},{"damage":10,"enemies":"Spheric Guardian","floor":18,"turns":5},{"damage":10,"enemies":"3 Byrds","floor":20,"turns":5},{"damage":13,"enemies":"Sentry and Sphere","floor":24,"turns":7},{"damage":0,"enemies":"Centurion and Healer","floor":27,"turns":7},{"damage":0,"enemies":"Chosen and Byrds","floor":29,"turns":6},{"damage":15,"enemies":"3 Cultists","floor":30,"turns":6},{"damage":36,"enemies":"Automaton","floor":33,"turns":17},{"damage":2,"enemies":"3 Darklings","floor":35,"turns":8},{"damage":5,"enemies":"3 Shapes","floor":36,"turns":7},{"damage":13,"enemies":"Spire Growth","floor":41,"turns":4},{"damage":10,"enemies":"Sphere and 2 Shapes","floor":44,"turns":5},{"damage":0,"enemies":"Mind Bloom Boss Battle","floor":45,"turns":6},{"damage":0,"enemies":"Transient","floor":46,"turns":5},{"damage":0,"enemies":"Nemesis","floor":47,"turns":9},{"damage":9,"enemies":"Jaw Worm Horde","floor":48,"turns":3},{"damage":54,"enemies":"Awakened One","floor":50,"turns":13}],"seed_played":"-7554730940685468872","potions_obtained":[{"floor":1,"key":"Regen Potion"},{"floor":7,"key":"Swift Potion"},{"floor":14,"key":"FocusPotion"},{"floor":18,"key":"PowerPotion"},{"floor":33,"key":"GamblersBrew"},{"floor":34,"key":"Fruit Juice"},{"floor":36,"key":"EntropicBrew"},{"floor":41,"key":"Explosive Potion"},{"floor":48,"key":"SkillPotion"}],"is_trial":false,"path_per_floor":["M","$","?","M","M","R","E","R","T","?","R","$","?","M","R","B",null,"M","?","M","$","?","R","M","R","T","M","R","M","M","$","R","B",null,"M","M","$","?","?","R","M","R","T","M","?","M","E","M","R","B",null],"character_chosen":"DEFECT","items_purchased":["Buffer","Singing Bowl","Conserve Battery","Bag of Marbles","Beam Cell"],"campfire_rested":1,"item_purchase_floors":[12,21,31,37,37],"current_hp_per_floor":[75,75,75,75,75,75,54,54,54,59,59,59,45,45,45,21,80,70,70,60,60,60,60,47,47,47,49,49,51,38,38,63,42,96,94,89,89,89,89,89,76,76,76,68,68,70,70,61,61,7],"gold":299,"neow_bonus":"THREE_ENEMY_KILL","is_prod":false,"is_daily":false,"chose_seed":true,"campfire_upgraded":10,"win_rate":0,"timestamp":1550710060,"path_taken":["M","$","?","M","?","R","E","R","T","?","R","$","?","M","R","BOSS","M","?","M","$","?","R","M","R","T","M","R","M","M","$","R","BOSS","M","M","$","?","?","R","M","R","T","?","?","M","E","M","R","BOSS"],"build_version":"2019-01-23","purchased_purges":0,"victory":true,"max_hp_per_floor":[75,75,75,75,75,75,75,75,75,80,80,80,80,80,80,80,80,80,80,80,80,80,80,80,80,80,82,82,84,86,86,86,86,96,96,96,96,91,91,91,91,91,91,93,93,95,95,95,95,95],"card_choices":[{"not_picked":["Rebound","Redo"],"picked":"FTL","floor":1},{"not_picked":["Ball Lightning","Steam Power"],"picked":"Genetic Algorithm","floor":4},{"not_picked":["Rebound","Cold Snap"],"picked":"Go for the Eyes","floor":5},{"not_picked":["Capacitor","Beam Cell"],"picked":"Gash","floor":7},{"not_picked":["Hologram","Tempest"],"picked":"Seek","floor":13},{"not_picked":["Coolheaded","Conserve Battery"],"picked":"Cold Snap","floor":14},{"not_picked":["Thunder Strike","Reboot"],"picked":"Echo Form","floor":16},{"not_picked":["Steam+1","Recycle"],"picked":"Go for the Eyes+1","floor":18},{"not_picked":["Barrage","Cold Snap"],"picked":"BootSequence+1","floor":20},{"not_picked":["Reinforced Body+1","Streamline"],"picked":"Defragment+1","floor":24},{"not_picked":["Consume+1","Cold Snap","Steam"],"picked":"Singing Bowl","floor":27},{"not_picked":["Compile Driver","Recycle","Sweeping Beam+1"],"picked":"Singing Bowl","floor":29},{"not_picked":["Stack+1","Sweeping Beam+1","Turbo"],"picked":"Singing Bowl","floor":30},{"not_picked":["Echo Form","Thunder Strike"],"picked":"All For One","floor":33},{"not_picked":["Turbo","Streamline+1"],"picked":"Beam Cell","floor":34},{"not_picked":["Melter","Compile Driver"],"picked":"Chaos+1","floor":35},{"not_picked":["Blizzard","Sweeping Beam"],"picked":"Coolheaded","floor":36},{"not_picked":["Static Discharge+1","Beam Cell+1"],"picked":"Loop+1","floor":41},{"not_picked":["Darkness","Aggregate","Compile Driver"],"picked":"Singing Bowl","floor":44},{"not_picked":["Coolheaded+1","Redo+1"],"picked":"Go for the Eyes","floor":45},{"not_picked":["Barrage+1","Steam","Loop"],"picked":"Singing Bowl","floor":46},{"not_picked":["Heatsinks+1","Darkness+1"],"picked":"Reinforced Body+1","floor":47},{"not_picked":["Streamline","Rebound"],"picked":"Hologram","floor":48}],"player_experience":263795,"relics_obtained":[{"floor":7,"key":"Bag of Preparation"},{"floor":9,"key":"Bottled Lightning"},{"floor":13,"key":"Calipers"},{"floor":43,"key":"Peace Pipe"},{"floor":45,"key":"Thread and Needle"},{"floor":47,"key":"Girya"}],"event_choices":[{"damage_healed":0,"gold_gain":0,"player_choice":"Bought 0 Potions","damage_taken":0,"max_hp_gain":0,"max_hp_loss":0,"event_name":"The Woman in Blue","floor":3,"gold_loss":0},{"damage_healed":0,"gold_gain":0,"player_choice":"Donut","damage_taken":0,"max_hp_gain":5,"max_hp_loss":0,"event_name":"Big Fish","floor":10,"gold_loss":0},{"damage_healed":0,"gold_gain":0,"player_choice":"Searched \u00272\u0027 times","damage_taken":0,"max_hp_gain":0,"max_hp_loss":0,"event_name":"Dead Adventurer","floor":13,"gold_loss":0},{"damage_healed":0,"gold_gain":0,"player_choice":"Ignored","damage_taken":0,"max_hp_gain":0,"max_hp_loss":0,"event_name":"Vampires","floor":19,"gold_loss":0},{"cards_removed":["Defend_B"],"damage_healed":0,"gold_gain":0,"player_choice":"Gave Gold","damage_taken":0,"max_hp_gain":0,"max_hp_loss":0,"event_name":"Beggar","floor":22,"gold_loss":75},{"damage_healed":0,"gold_gain":0,"player_choice":"Max HP","damage_taken":0,"max_hp_gain":0,"max_hp_loss":5,"event_name":"Winding Halls","floor":38,"gold_loss":0},{"damage_healed":0,"gold_gain":0,"player_choice":"Copied","damage_taken":0,"max_hp_gain":0,"max_hp_loss":0,"event_name":"Duplicator","floor":39,"gold_loss":0,"cards_obtained":["Zap"]},{"damage_healed":0,"gold_gain":0,"player_choice":"Fight","damage_taken":0,"max_hp_gain":0,"max_hp_loss":0,"event_name":"MindBloom","floor":45,"gold_loss":0}],"is_beta":false,"boss_relics":[{"not_picked":["White Beast Statue","Fusion Hammer"],"picked":"Lizard Tail"},{"not_picked":["Runic Dome","Philosopher\u0027s Stone"],"picked":"Tiny House"}],"items_purged_floors":[],"is_endless":false,"potions_floor_spawned":[1,7,14,18,20,30,33,36,41,44,48],"ascension_level":0}