{"gold_per_floor":[118,393,405,423,436,464,389,389,466,466,431,431,350,365,365,464,464,464],"floor_reached":18,"playtime":3356,"items_purged":["Regret"],"score":248,"play_id":"5d1f386e-4219-4247-9a62-b4fad9271cf5","local_time":"20190108182429","is_ascension_mode":true,"campfire_choices":[{"data":"1","floor":8,"key":"LIFT"},{"data":"2","floor":10,"key":"LIFT"},{"data":"3","floor":15,"key":"LIFT"}],"neow_cost":"NONE","seed_source_timestamp":0,"circlet_count":0,"master_deck":["AscendersBane","Strike_R","Strike_R","Strike_R","Strike_R","Strike_R","Defend_R","Defend_R+1","Defend_R","Defend_R+1","Bash","Wild Strike","Ghostly Armor","Demon Form","Cleave","Cleave","Dark Shackles","Twin Strike+1","Exhume"],"special_seed":0,"relics":["Burning Blood","NeowsBlessing","Girya","Molten Egg 2","War Paint","White Beast Statue"],"potions_floor_usage":[6,6],"damage_taken":[{"damage":0,"enemies":"Jaw Worm","floor":1,"turns":1},{"damage":0,"enemies":"Cultist","floor":3,"turns":1},{"damage":0,"enemies":"2 Louse","floor":4,"turns":1},{"damage":20,"enemies":"Looter","floor":5,"turns":5},{"damage":43,"enemies":"Gremlin Nob","floor":6,"turns":5},{"damage":0,"enemies":"2 Fungi Beasts","floor":14,"turns":3},{"damage":14,"enemies":"Hexaghost","floor":16,"turns":7},{"damage":26,"enemies":"3 Byrds","floor":18,"turns":4}],"seed_played":"2665482237689817617","potions_obtained":[{"floor":4,"key":"Regen Potion"},{"floor":5,"key":"BloodPotion"}],"is_trial":false,"path_per_floor":["M","?","M","M","M","E","$","R","T","R","?","T","$","M","R","B",null,"M"],"character_chosen":"IRONCLAD","items_purchased":["Dark Shackles"],"campfire_rested":0,"item_purchase_floors":[13],"current_hp_per_floor":[78,78,80,80,66,51,51,51,51,51,71,71,71,77,77,69,77,51],"gold":464,"neow_bonus":"THREE_ENEMY_KILL","is_prod":false,"is_daily":false,"chose_seed":false,"campfire_upgraded":0,"win_rate":0,"timestamp":1546968269,"path_taken":["M","?","M","M","?","E","?","R","T","R","?","?","$","M","R","BOSS","M"],"build_version":"2019-01-03v4","purchased_purges":1,"victory":false,"max_hp_per_floor":[80,80,80,80,80,80,80,80,80,80,80,80,80,80,80,80,80,80],"card_choices":[{"not_picked":["Evolve","Sword Boomerang"],"picked":"Wild Strike","floor":1},{"not_picked":["Clothesline","Pommel Strike"],"picked":"Ghostly Armor","floor":3},{"not_picked":["Flex","Perfected Strike"],"picked":"Demon Form","floor":4},{"not_picked":["Warcry","Anger"],"picked":"Cleave","floor":5},{"not_picked":["Sword Boomerang","Feel No Pain"],"picked":"Cleave","floor":6},{"not_picked":["Rampage+1","Ghostly Armor"],"picked":"Twin Strike+1","floor":14},{"not_picked":["Juggernaut","Barricade"],"picked":"Exhume","floor":16}],"player_experience":1922636,"relics_obtained":[{"floor":6,"key":"Girya"},{"floor":9,"key":"Molten Egg 2"},{"floor":12,"key":"War Paint"}],"event_choices":[{"damage_healed":0,"gold_gain":275,"player_choice":"Desecrate","damage_taken":0,"max_hp_gain":0,"max_hp_loss":0,"event_name":"Golden Shrine","floor":2,"gold_loss":0,"cards_obtained":["Regret"]},{"damage_healed":20,"gold_gain":0,"player_choice":"Healed","damage_taken":0,"max_hp_gain":0,"max_hp_loss":0,"event_name":"The Cleric","floor":11,"gold_loss":35}],"is_beta":false,"boss_relics":[{"not_picked":["Velvet Choker","Coffee Dripper"],"picked":"White Beast Statue"}],"items_purged_floors":[7],"is_endless":false,"potions_floor_spawned":[4,5],"killed_by":"3 Byrds","ascension_level":11}