{"gold_per_floor":[10,10,10,21,41,41,68,68,68,30,44,59,93,93,93,192,192,207,207,221,221],"floor_reached":21,"playtime":798,"items_purged":[],"score":274,"play_id":"ec70a9f0-4655-4306-88a8-8d588898b171","local_time":"20181006191050","is_ascension_mode":true,"campfire_choices":[{"data":"Zap","floor":6.0,"key":"SMITH"},{"floor":8.0,"key":"REST"},{"floor":15.0,"key":"REST"}],"neow_cost":"NO_GOLD","seed_source_timestamp":0,"circlet_count":0,"master_deck":["Strike_B+1","Strike_B+1","Strike_B+1","Defend_B+1","Defend_B+1","Zap+1","Dualcast","Echo Form","Coolheaded","Redo","Go for the Eyes","Self Repair","Melter","Stack","Genetic Algorithm","Sunder","Multi-Cast","Hyperbeam+1","Heatsinks+1","Rebound+1","White Noise","Steam+1"],"special_seed":0,"relics":["Cracked Core","Cables","Strawberry","Blue Candle","Frozen Egg 2","Question Card","Astrolabe"],"potions_floor_usage":[18,20],"damage_taken":[{"damage":2.0,"enemies":"2 Louse","floor":1.0,"turns":3.0},{"damage":0.0,"enemies":"Cultist","floor":4.0,"turns":5.0},{"damage":12.0,"enemies":"Small Slimes","floor":5.0,"turns":4.0},{"damage":20.0,"enemies":"Lagavulin","floor":7.0,"turns":4.0},{"damage":20.0,"enemies":"Exordium Thugs","floor":11.0,"turns":4.0},{"damage":35.0,"enemies":"Gremlin Gang","floor":12.0,"turns":6.0},{"damage":1.0,"enemies":"3 Sentries","floor":13.0,"turns":8.0},{"damage":17.0,"enemies":"Slime Boss","floor":16.0,"turns":11.0},{"damage":20,"enemies":"2 Thieves","floor":18,"turns":3},{"damage":4,"enemies":"Chosen","floor":20,"turns":2},{"damage":32,"enemies":"Snake Plant","floor":21,"turns":3}],"seed_played":"8858979429377399856","potions_obtained":[{"floor":4.0,"key":"Poison Potion"},{"floor":11.0,"key":"FearPotion"},{"floor":12.0,"key":"AttackPotion"},{"floor":13.0,"key":"SkillPotion"},{"floor":18,"key":"FearPotion"},{"floor":20,"key":"AttackPotion"}],"is_trial":false,"path_per_floor":["M","?","?","M","M","R","E","R","T","$","M","M","E","T","R","B",null,"M","?","M"],"character_chosen":"DEFECT","items_purchased":["Melter"],"campfire_rested":2,"item_purchase_floors":[10],"current_hp_per_floor":[66,66,66,66,54,54,41,65,65,65,59,31,37,37,61,51,74,54,54,50,18],"gold":221,"neow_bonus":"THREE_RARE_CARDS","is_prod":false,"is_daily":false,"chose_seed":false,"campfire_upgraded":1,"win_rate":0,"timestamp":1538845850,"path_taken":["M","?","?","?","M","R","E","R","T","?","M","?","E","?","R","BOSS","M","?","M","?"],"build_version":"2018-10-04v2","purchased_purges":0,"victory":false,"max_hp_per_floor":[75,75,75,75,75,75,82,82,82,82,82,82,82,82,82,82,82,82,82,82,82],"card_choices":[{"not_picked":["Thunder Strike","Biased Cognition"],"picked":"Echo Form","floor":0.0},{"not_picked":["Stack","Compile Driver"],"picked":"Coolheaded","floor":1.0},{"not_picked":["Go for the Eyes","Beam Cell"],"picked":"Redo","floor":4.0},{"not_picked":["Tempest","Scrape"],"picked":"Go for the Eyes","floor":5.0},{"not_picked":["Static Discharge","Hyperbeam"],"picked":"Self Repair","floor":7.0},{"not_picked":["Darkness","Doom and Gloom"],"picked":"Stack","floor":11.0},{"not_picked":["Heatsinks","Redo"],"picked":"Genetic Algorithm","floor":12.0},{"not_picked":["Leap","Go for the Eyes"],"picked":"Sunder","floor":13.0},{"not_picked":["All For One","Thunder Strike","Fission"],"picked":"Multi-Cast","floor":16.0},{"not_picked":["Conserve Battery","Compile Driver","Beam Cell+1"],"picked":"White Noise","floor":18},{"not_picked":["Sweeping Beam","Ball Lightning","Meteor Strike"],"picked":"Steam+1","floor":20}],"player_experience":1055433,"relics_obtained":[{"floor":7.0,"key":"Strawberry"},{"floor":9.0,"key":"Blue Candle"},{"floor":13.0,"key":"Frozen Egg 2"},{"floor":14.0,"key":"Question Card"}],"event_choices":[{"event_name":"Big Fish","player_choice":"Box","floor":2.0,"damage_taken":0.0},{"event_name":"Living Wall","player_choice":"Forget","floor":3.0,"damage_taken":0.0},{"event_name":"Back to Basics","player_choice":"Simplicity","floor":19,"damage_taken":0}],"is_beta":false,"boss_relics":[{"not_picked":["Coffee Dripper","Philosopher\u0027s Stone"],"picked":"Astrolabe"}],"items_purged_floors":[],"is_endless":false,"potions_floor_spawned":[4,11,12,13,18,20],"killed_by":"Snake Plant","ascension_level":9}