{"gold_per_floor":[117,117,11,31,51,51,84,359,359,371,371,371,396,406,406,484,484,504,424],"floor_reached":19,"playtime":673,"items_purged":[],"score":554,"play_id":"f9129729-aafb-4d1e-bb94-9a1b15725279","local_time":"20181216134757","is_ascension_mode":true,"campfire_choices":[{"data":"Recycle","floor":6.0,"key":"SMITH"},{"data":"Zap","floor":12,"key":"SMITH"},{"floor":15,"key":"REST"}],"neow_cost":"NONE","seed_source_timestamp":520090937294555,"circlet_count":0,"master_deck":["AscendersBane","Strike_B","Strike_B","Strike_B","Strike_B","Defend_B","Defend_B","Defend_B","Defend_B","Zap+1","Dualcast","Ball Lightning","Amplify","Recycle+1","Gash","Ball Lightning","Electrodynamics","Regret","FTL","Static Discharge","Thunder Strike","Injury","Writhe","Normality","Ball Lightning"],"special_seed":0,"relics":["Cracked Core","NeowsBlessing","Du-Vu Doll","Turnip","Peace Pipe","Calling Bell","Art of War","Ornamental Fan","Calipers"],"potions_floor_usage":[13,16,18],"damage_taken":[{"damage":0.0,"enemies":"Small Slimes","floor":1.0,"turns":1.0},{"damage":0.0,"enemies":"Cultist","floor":4.0,"turns":1.0},{"damage":0.0,"enemies":"2 Louse","floor":5.0,"turns":1.0},{"damage":40,"enemies":"3 Sentries","floor":7,"turns":6},{"damage":0,"enemies":"Large Slime","floor":10,"turns":3},{"damage":15,"enemies":"Gremlin Nob","floor":13,"turns":3},{"damage":16,"enemies":"Exordium Thugs","floor":14,"turns":3},{"damage":0,"enemies":"Slime Boss","floor":16,"turns":5},{"damage":30,"enemies":"Shell Parasite","floor":18,"turns":4},{"damage":36,"enemies":"2 Thieves","floor":19,"turns":2}],"seed_played":"-3563282844896956751","potions_obtained":[{"floor":4.0,"key":"FearPotion"},{"floor":14,"key":"Poison Potion"},{"floor":16,"key":"FearPotion"},{"floor":18,"key":"FearPotion"}],"is_trial":false,"path_per_floor":["M","?","$","M","M","R","E","?","T","M","?","R","E","M","R","B",null,"M","M"],"character_chosen":"DEFECT","items_purchased":["Ball Lightning","FearPotion"],"campfire_rested":1,"item_purchase_floors":[3,3],"current_hp_per_floor":[64,64,64,64,64,64,24,24,24,24,47,47,32,16,37,37,63,33,0],"gold":424,"neow_bonus":"THREE_ENEMY_KILL","is_prod":false,"is_daily":false,"chose_seed":false,"campfire_upgraded":2,"win_rate":0,"timestamp":1544986077,"path_taken":["M","?","$","?","?","R","E","?","T","?","?","R","E","M","R","BOSS","M","M"],"build_version":"2018-12-13","purchased_purges":0,"victory":false,"max_hp_per_floor":[71,71,71,71,71,71,71,71,71,71,71,71,71,71,71,71,71,71,71],"card_choices":[{"not_picked":["BootSequence","Hologram"],"picked":"Ball Lightning","floor":1.0},{"not_picked":["Skim","Hologram","Storm"],"picked":"SKIP","floor":4.0},{"not_picked":["Turbo","Beam Cell","Hologram"],"picked":"SKIP","floor":5.0},{"not_picked":["Steam","Skim"],"picked":"Electrodynamics","floor":7},{"not_picked":["Coolheaded","Go for the Eyes"],"picked":"FTL","floor":10},{"not_picked":["Rebound","Turbo"],"picked":"Static Discharge","floor":13},{"not_picked":["Hello World","White Noise","Sweeping Beam"],"picked":"SKIP","floor":14},{"not_picked":["Electrodynamics","Meteor Strike"],"picked":"Thunder Strike","floor":16},{"not_picked":["Turbo","Compile Driver+1"],"picked":"Ball Lightning","floor":18}],"player_experience":1257659,"relics_obtained":[{"floor":7,"key":"Du-Vu Doll"},{"floor":9,"key":"Turnip"},{"floor":13,"key":"Peace Pipe"},{"floor":17,"key":"Art of War"},{"floor":17,"key":"Ornamental Fan"},{"floor":17,"key":"Calipers"}],"event_choices":[{"damage_healed":0.0,"max_hp_gain":0.0,"max_hp_loss":0.0,"gold_gain":0.0,"event_name":"Match and Keep!","player_choice":"3 cards matched","floor":2.0,"gold_loss":0.0,"damage_taken":0.0,"cards_obtained":["Amplify","Recycle","Gash"]},{"damage_healed":0,"gold_gain":275,"player_choice":"Desecrate","damage_taken":0,"max_hp_gain":0,"max_hp_loss":0,"event_name":"Golden Shrine","floor":8,"gold_loss":0,"cards_obtained":["Regret"]},{"damage_healed":23,"gold_gain":0,"player_choice":"Banana","damage_taken":0,"max_hp_gain":0,"max_hp_loss":0,"event_name":"Big Fish","floor":11,"gold_loss":0}],"is_beta":true,"boss_relics":[{"not_picked":["Orrery","Fusion Hammer"],"picked":"Calling Bell"}],"items_purged_floors":[],"is_endless":false,"potions_floor_spawned":[4,14,16,18],"killed_by":"2 Thieves","ascension_level":20}