{"gold_per_floor":[118,118,137,156,231,258,258,274,297,297,327,327,345,445,445,547,547,567,580,594,58,74,74],"floor_reached":23,"playtime":3094,"items_purged":["Strike_B"],"score":233,"play_id":"10e435d3-b9d8-4e0e-9935-feeb28efa3c6","local_time":"20180724010647","is_ascension_mode":true,"campfire_choices":[{"data":"Zap","floor":7,"key":"SMITH"},{"data":"Dualcast","floor":10,"key":"SMITH"},{"floor":12,"key":"REST"},{"data":"Chaos","floor":15,"key":"SMITH"}],"neow_cost":"NONE","seed_source_timestamp":14977754431326,"circlet_count":0,"master_deck":["Strike_B","Strike_B","Defend_B","Defend_B","Defend_B","Defend_B","Zap+1","Dualcast+1","White Noise+1","Cold Snap","Recycle+1","Echo Form","Chaos+1","Creative AI","Force Field","Ball Lightning+1","Redo+1","Multi-Cast","Self Repair","Conserve Battery"],"relics":["Cracked Core","War Paint","Art of War","Pen Nib","Black Star","Dream Catcher"],"potions_floor_usage":[3,6,16,16,19,22,22],"damage_taken":[{"damage":7,"enemies":"Small Slimes","floor":1,"turns":2},{"damage":1,"enemies":"Cultist","floor":3,"turns":3},{"damage":1,"enemies":"2 Louse","floor":4,"turns":2},{"damage":12,"enemies":"Gremlin Nob","floor":6,"turns":4},{"damage":3,"enemies":"Large Slime","floor":8,"turns":5},{"damage":31,"enemies":"3 Sentries","floor":11,"turns":6},{"damage":3,"enemies":"3 Louse","floor":13,"turns":2},{"damage":4,"enemies":"Slime Boss","floor":16,"turns":6},{"damage":53,"enemies":"Shell Parasite","floor":18,"turns":8},{"damage":31,"enemies":"3 Byrds","floor":19,"turns":8},{"damage":13,"enemies":"3 Cultists","floor":20,"turns":3},{"damage":6,"enemies":"Snecko","floor":22,"turns":6},{"damage":27,"enemies":"Slavers","floor":23,"turns":1}],"seed_played":"6634806575055711009","potions_obtained":[{"floor":2,"key":"Strength Potion"},{"floor":2,"key":"SneckoOil"},{"floor":2,"key":"Fruit Juice"},{"floor":4,"key":"Dexterity Potion"},{"floor":6,"key":"AttackPotion"},{"floor":19,"key":"FairyPotion"},{"floor":20,"key":"Weak Potion"}],"is_trial":false,"path_per_floor":["M","?","M","M","?","E","R","M","T","R","E","R","M","?","R","B",null,"M","M","M","$","M"],"character_chosen":"DEFECT","items_purchased":["Dream Catcher","Multi-Cast","Self Repair","Regen Potion"],"campfire_rested":1,"item_purchase_floors":[21,21,21,21],"current_hp_per_floor":[68,68,72,71,60,48,48,45,45,45,14,38,35,35,35,31,80,34,3,2,2,18,0],"gold":74,"neow_bonus":"REMOVE_CARD","is_prod":false,"is_daily":false,"chose_seed":false,"campfire_upgraded":3,"win_rate":0,"timestamp":1532362007,"path_taken":["M","?","M","M","?","E","R","M","T","R","E","R","M","?","R","BOSS","M","M","M","$","M","E"],"build_version":"2018-07-19v2","purchased_purges":1,"victory":false,"max_hp_per_floor":[75,75,80,80,80,80,80,80,80,80,80,80,80,80,80,80,80,80,80,80,80,80,80],"card_choices":[{"not_picked":["Double Energy","Sunder"],"picked":"White Noise","floor":1},{"not_picked":["Streamline","Heatsinks"],"picked":"Cold Snap","floor":3},{"not_picked":["Steam Power","Compile Driver"],"picked":"Recycle","floor":4},{"not_picked":["Aggregate","Steam"],"picked":"Echo Form","floor":6},{"not_picked":["Turbo","Go for the Eyes","Compile Driver"],"picked":"SKIP","floor":8},{"not_picked":["Barrage","Rebound","Streamline"],"picked":"SKIP","floor":11},{"not_picked":["Lockon","Hello World"],"picked":"Chaos","floor":13},{"not_picked":["Echo Form","All For One"],"picked":"Creative AI","floor":16},{"not_picked":["Cold Snap","Ball Lightning"],"picked":"Force Field","floor":18},{"not_picked":["Lockon","Rebound+1"],"picked":"Ball Lightning+1","floor":19},{"not_picked":["Doom and Gloom+1","Melter"],"picked":"Redo+1","floor":20},{"not_picked":["Fusion","Aggregate+1"],"picked":"Conserve Battery","floor":22}],"player_experience":166919,"relics_obtained":[{"floor":6,"key":"War Paint"},{"floor":9,"key":"Art of War"},{"floor":11,"key":"Pen Nib"}],"event_choices":[{"event_name":"The Lab","player_choice":"Got Potions","floor":2,"damage_taken":0},{"event_name":"World of Goop","player_choice":"Gather Gold","floor":5,"damage_taken":0},{"event_name":"Golden Shrine","player_choice":"Pray","floor":14,"damage_taken":0}],"is_beta":false,"boss_relics":[{"not_picked":["Pandora\u0027s Box","Coffee Dripper"],"picked":"Black Star"}],"items_purged_floors":[21],"is_endless":false,"potions_floor_spawned":[4,6,13,19,20],"killed_by":"Slavers","ascension_level":3}