{"gold_per_floor":[115,132,106,106,48,75,93,93,117,129,157,157,189,207,207,285,285,295,306,306,317,133,133,152,152,152,181,104,129,141,191,191,263,263,275,275,295,137,137,164,164,177,177,177,26,26,26,39,39,39,39,39,39,39,71,71],"floor_reached":56,"playtime":4170,"items_purged":["Writhe","Strike_B"],"score":2251,"play_id":"d0312478-a519-499e-bc39-7af8970db145","local_time":"20181105120426","is_ascension_mode":true,"campfire_choices":[{"data":"Sunder","floor":8.0,"key":"SMITH"},{"data":"Zap","floor":15.0,"key":"SMITH"},{"data":"Biased Cognition","floor":23.0,"key":"SMITH"},{"floor":25.0,"key":"REST"},{"data":"Defragment","floor":32.0,"key":"SMITH"},{"floor":41.0,"key":"REST"},{"data":"Capacitor","floor":44.0,"key":"SMITH"},{"floor":49.0,"key":"RECALL"},{"floor":53.0,"key":"REST"}],"neow_cost":"NONE","seed_source_timestamp":183644800111644,"circlet_count":0,"master_deck":["AscendersBane","Strike_B+1","Strike_B+1","Defend_B+1","Defend_B+1","Defend_B+1","Defend_B+1","Zap+1","Dualcast+1","Sunder+1","Cold Snap+1","Cold Snap+1","Doom and Gloom+1","Genetic Algorithm+1","Compile Driver+1","All For One+1","BootSequence+1","Conserve Battery+1","Biased Cognition+1","Glacier+1","Beam Cell+1","Cold Snap+1","Ball Lightning+1","Thunder Strike+1","Defragment+1","Stack+1","Go for the Eyes+1","Biased Cognition+1","Capacitor+1","Capacitor+1","Hologram+1","Seek+1","Coolheaded+1","Glacier","Buffer"],"special_seed":0,"relics":["Cracked Core","NeowsBlessing","Vajra","Dodecahedron","Orichalcum","Pocketwatch","Emotion Chip","Turnip","Sozu","DataDisk","Oddly Smooth Stone","Dream Catcher","Torii","Cursed Key","Anchor","Mark of the Bloom","Blue Candle"],"potions_floor_usage":[56],"damage_taken":[{"damage":0.0,"enemies":"Jaw Worm","floor":1.0,"turns":1.0},{"damage":0.0,"enemies":"Cultist","floor":2.0,"turns":1.0},{"damage":0.0,"enemies":"Lagavulin","floor":6.0,"turns":1.0},{"damage":0.0,"enemies":"2 Louse","floor":7.0,"turns":2.0},{"damage":4.0,"enemies":"Looter","floor":10.0,"turns":2.0},{"damage":12.0,"enemies":"3 Sentries","floor":11.0,"turns":8.0},{"damage":13.0,"enemies":"Lagavulin","floor":13.0,"turns":7.0},{"damage":0.0,"enemies":"Red Slaver","floor":14.0,"turns":3.0},{"damage":14.0,"enemies":"Hexaghost","floor":16.0,"turns":6.0},{"damage":3.0,"enemies":"Chosen","floor":18.0,"turns":4.0},{"damage":0.0,"enemies":"2 Thieves","floor":19.0,"turns":4.0},{"damage":13.0,"enemies":"Snake Plant","floor":21.0,"turns":3.0},{"damage":10.0,"enemies":"Centurion and Healer","floor":24.0,"turns":5.0},{"damage":11.0,"enemies":"Slavers","floor":27.0,"turns":5.0},{"damage":0.0,"enemies":"Gremlin Leader","floor":29.0,"turns":4.0},{"damage":0.0,"enemies":"Cultist and Chosen","floor":30.0,"turns":5.0},{"damage":0.0,"enemies":"Champ","floor":33.0,"turns":14.0},{"damage":0.0,"enemies":"3 Shapes","floor":35.0,"turns":7.0},{"damage":18.0,"enemies":"3 Darklings","floor":37.0,"turns":5.0},{"damage":17.0,"enemies":"Reptomancer","floor":40.0,"turns":8.0},{"damage":0.0,"enemies":"Spire Growth","floor":42.0,"turns":4.0},{"damage":0.0,"enemies":"Transient","floor":48.0,"turns":6.0},{"damage":0.0,"enemies":"Time Eater","floor":50.0,"turns":17.0},{"damage":12.0,"enemies":"Awakened One","floor":51.0,"turns":13.0},{"damage":10.0,"enemies":"Shield and Spear","floor":55.0,"turns":13.0},{"damage":32,"enemies":"The Heart","floor":56,"turns":12}],"seed_played":"-350620175495760141","potions_obtained":[{"floor":1.0,"key":"FearPotion"},{"floor":14.0,"key":"Dexterity Potion"}],"is_trial":false,"path_per_floor":["M","M","$","?","$","E","M","R","T","M","E","?","E","M","R","B",null,"M","M","$","M","$","R","M","R","T","E","$","E","M","?","R","B",null,"M","T","M","$","?","E","R","M","T","R","$","?","?","M","R","B","B",null,"R","$","E","B"],"character_chosen":"DEFECT","items_purchased":["Beam Cell","Cold Snap","Ball Lightning","DataDisk","Defragment","Capacitor","Coolheaded"],"campfire_rested":3,"item_purchase_floors":[3,5,22,22,28,38,45],"current_hp_per_floor":[64,64,64,64,64,64,64,64,64,60,48,48,35,35,35,21,59,56,56,56,43,43,43,33,54,54,43,43,43,43,43,43,43,64,64,64,46,46,46,29,50,50,50,50,50,50,50,50,50,50,38,38,38,38,28,0],"gold":71,"neow_bonus":"THREE_ENEMY_KILL","is_prod":false,"is_daily":false,"chose_seed":false,"campfire_upgraded":5,"win_rate":0,"timestamp":1541437466,"path_taken":["M","M","$","?","$","E","?","R","T","M","E","?","E","M","R","BOSS","M","M","$","M","$","R","M","R","T","E","$","E","M","?","R","BOSS","M","?","M","$","?","E","R","?","T","R","?","?","?","M","R","BOSS","BOSS","R","$","E","BOSS"],"build_version":"2018-11-02","purchased_purges":2,"victory":false,"max_hp_per_floor":[71,71,71,71,71,71,71,71,71,71,71,71,71,71,71,71,71,71,71,71,71,71,71,71,71,71,71,71,71,71,71,71,71,71,71,71,71,71,71,71,71,71,71,71,71,71,71,71,71,71,71,71,71,71,71,71],"card_choices":[{"not_picked":["Coolheaded","Gash"],"picked":"Sunder","floor":1.0},{"not_picked":["Streamline","Go for the Eyes"],"picked":"Cold Snap","floor":2.0},{"not_picked":["Rebound","Darkness"],"picked":"Doom and Gloom","floor":6.0},{"not_picked":["Skim","BootSequence"],"picked":"Genetic Algorithm","floor":7.0},{"not_picked":["Streamline","Aggregate"],"picked":"Compile Driver","floor":10.0},{"not_picked":["Storm","Conserve Battery"],"picked":"All For One","floor":11.0},{"not_picked":["Tempest","Leap"],"picked":"BootSequence","floor":13.0},{"not_picked":["Skim","Sweeping Beam"],"picked":"Conserve Battery","floor":14.0},{"not_picked":["All For One","Core Surge"],"picked":"Biased Cognition","floor":16.0},{"not_picked":["Hello World","Auto Shields"],"picked":"Glacier","floor":18.0},{"not_picked":["Sweeping Beam","Genetic Algorithm"],"picked":"Beam Cell","floor":19.0},{"not_picked":["Conserve Battery","Double Energy"],"picked":"Cold Snap","floor":21.0},{"not_picked":["Ball Lightning","Coolheaded"],"picked":"Thunder Strike","floor":24.0},{"not_picked":["Hello World","Double Energy","Streamline"],"picked":"SKIP","floor":27.0},{"not_picked":["Cold Snap","Darkness"],"picked":"Stack","floor":29.0},{"not_picked":["Undo","Beam Cell"],"picked":"Go for the Eyes","floor":30.0},{"not_picked":["Buffer","Machine Learning"],"picked":"Biased Cognition","floor":33.0},{"not_picked":["Storm+1","Sweeping Beam+1"],"picked":"Capacitor","floor":35.0},{"not_picked":["Cold Snap","Redo","Gash"],"picked":"SKIP","floor":37.0},{"not_picked":["Turbo","Auto Shields+1","Sweeping Beam"],"picked":"SKIP","floor":40.0},{"not_picked":["Static Discharge","Coolheaded"],"picked":"Hologram+1","floor":41.0},{"not_picked":["Barrage","Chaos"],"picked":"Seek","floor":42.0},{"not_picked":["Doom and Gloom","Beam Cell","Rebound+1"],"picked":"SKIP","floor":48.0},{"not_picked":["Rip and Tear","Coolheaded"],"picked":"Glacier","floor":53.0},{"not_picked":["Cold Snap","BootSequence+1"],"picked":"Buffer","floor":55.0}],"player_experience":1155567,"relics_obtained":[{"floor":6.0,"key":"Dodecahedron"},{"floor":9.0,"key":"Orichalcum"},{"floor":11.0,"key":"Pocketwatch"},{"floor":13.0,"key":"Turnip"},{"floor":26.0,"key":"Oddly Smooth Stone"},{"floor":27.0,"key":"Dream Catcher"},{"floor":29.0,"key":"Torii"},{"floor":40.0,"key":"Anchor"},{"floor":55.0,"key":"Blue Candle"}],"event_choices":[{"cards_removed":["Beam Cell"],"damage_healed":0.0,"max_hp_gain":0.0,"max_hp_loss":0.0,"gold_gain":0.0,"event_name":"WeMeetAgain","player_choice":"Gave Card","floor":4.0,"gold_loss":0.0,"damage_taken":0.0,"relics_obtained":["Vajra"]},{"damage_healed":0.0,"max_hp_gain":0.0,"max_hp_loss":0.0,"gold_gain":30.0,"event_name":"Dead Adventurer","player_choice":"Searched \u00272\u0027 times","floor":12.0,"gold_loss":0.0,"damage_taken":0.0,"relics_obtained":["Emotion Chip"]},{"damage_healed":0.0,"max_hp_gain":0.0,"max_hp_loss":0.0,"gold_gain":50.0,"event_name":"Golden Shrine","player_choice":"Pray","floor":31.0,"gold_loss":0.0,"damage_taken":0.0},{"damage_healed":0.0,"max_hp_gain":0.0,"max_hp_loss":0.0,"gold_gain":0.0,"event_name":"SensoryStone","player_choice":"Memory 1","floor":39.0,"gold_loss":0.0,"damage_taken":0.0},{"damage_healed":0.0,"max_hp_gain":0.0,"max_hp_loss":0.0,"gold_gain":0.0,"event_name":"MindBloom","player_choice":"Upgrade","floor":46.0,"gold_loss":0.0,"damage_taken":0.0,"cards_upgraded":["Strike_B","Strike_B","Strike_B","Defend_B","Defend_B","Defend_B","Defend_B","Dualcast","Cold Snap","Cold Snap","Doom and Gloom","Genetic Algorithm","Compile Driver","All For One","BootSequence","Conserve Battery","Glacier","Beam Cell","Cold Snap","Ball Lightning","Thunder Strike","Stack","Go for the Eyes","Biased Cognition","Capacitor","Seek","Coolheaded"],"relics_obtained":["Mark of the Bloom"]},{"cards_removed":["Strike_B"],"damage_healed":0.0,"max_hp_gain":0.0,"max_hp_loss":0.0,"gold_gain":0.0,"event_name":"Falling","player_choice":"Removed Attack","floor":47.0,"gold_loss":0.0,"damage_taken":0.0}],"is_beta":true,"boss_relics":[{"not_picked":["Fusion Hammer","Eternal Feather"],"picked":"Sozu"},{"not_picked":["Pandora\u0027s Box","Tiny House"],"picked":"Cursed Key"}],"items_purged_floors":[38,45],"is_endless":false,"potions_floor_spawned":[1,14,19,24,27,29,40,42,55],"killed_by":"The Heart","ascension_level":20}