{"gold_per_floor":[119,119,138,213,65,93,93,123,171,171,183,242,273,288,288,359,359,374,374,374,394,412,412,439,439,439,439],"floor_reached":27,"playtime":11687,"items_purged":[],"score":493,"play_id":"4caca54d-a25f-4280-b802-9f4f9d88c8d0","local_time":"20190210113256","is_ascension_mode":true,"campfire_choices":[{"data":"Inflame","floor":7.0,"key":"SMITH"},{"data":"Bash","floor":10.0,"key":"SMITH"},{"data":"Armaments","floor":15.0,"key":"SMITH"},{"data":"Offering","floor":23.0,"key":"SMITH"},{"floor":25,"key":"REST"}],"neow_cost":"NONE","seed_source_timestamp":0,"circlet_count":0,"master_deck":["AscendersBane","Strike_R","Strike_R+1","Strike_R","Strike_R","Strike_R+1","Defend_R","Defend_R","Defend_R","Defend_R","Bash+1","Combust+1","Inflame+1","Battle Trance","Offering+1","Intimidate","Armaments+1","Writhe","Rampage"],"special_seed":0,"relics":["Burning Blood","NeowsBlessing","Orichalcum","Whetstone","Gambling Chip","PreservedInsect","Bottled Lightning","Busted Crown","Ancient Tea Set","Ginger","The Courier"],"potions_floor_usage":[24],"damage_taken":[{"damage":0.0,"enemies":"Jaw Worm","floor":1.0,"turns":1.0},{"damage":0.0,"enemies":"Cultist","floor":3.0,"turns":1.0},{"damage":0.0,"enemies":"3 Sentries","floor":6.0,"turns":2.0},{"damage":31.0,"enemies":"Lagavulin","floor":8.0,"turns":5.0},{"damage":0.0,"enemies":"2 Louse","floor":11.0,"turns":2.0},{"damage":6.0,"enemies":"Gremlin Nob","floor":13.0,"turns":2.0},{"damage":7.0,"enemies":"2 Fungi Beasts","floor":14.0,"turns":2.0},{"damage":36.0,"enemies":"Hexaghost","floor":16.0,"turns":9.0},{"damage":7.0,"enemies":"2 Thieves","floor":18.0,"turns":3.0},{"damage":9.0,"enemies":"Chosen","floor":21.0,"turns":3.0},{"damage":23.0,"enemies":"Sentry and Sphere","floor":22.0,"turns":4.0},{"damage":47,"enemies":"Gremlin Leader","floor":24,"turns":4},{"damage":0,"enemies":"Slavers","floor":27,"turns":1}],"seed_played":"8387668302627341962","potions_obtained":[{"floor":3.0,"key":"Fire Potion"},{"floor":8.0,"key":"FairyPotion"},{"floor":21.0,"key":"EssenceOfSteel"}],"is_trial":false,"path_per_floor":["M","?","M","?","$","E","R","E","T","R","M","?","E","M","R","B",null,"M","?","?","M","M","R","E","R","T","E"],"character_chosen":"IRONCLAD","items_purchased":["Orichalcum"],"campfire_rested":1,"item_purchase_floors":[5],"current_hp_per_floor":[78,78,80,69,69,75,75,50,50,50,56,56,56,55,55,25,66,65,65,65,62,45,45,14,38,38,38],"gold":439,"neow_bonus":"THREE_ENEMY_KILL","is_prod":false,"is_daily":false,"chose_seed":false,"campfire_upgraded":4,"win_rate":0,"timestamp":1549794776,"path_taken":["M","?","?","?","$","E","R","E","T","R","M","?","E","M","R","BOSS","M","?","?","M","M","R","E","R","T","E"],"build_version":"2019-01-23","purchased_purges":0,"victory":false,"max_hp_per_floor":[80,80,80,80,80,80,80,80,80,80,80,80,80,80,80,80,80,80,80,80,80,80,80,80,80,80,80],"card_choices":[{"not_picked":["True Grit","Havoc"],"picked":"Combust","floor":1.0},{"not_picked":["Thunderclap","Anger"],"picked":"Inflame","floor":3.0},{"not_picked":["Pommel Strike","Fire Breathing"],"picked":"Battle Trance","floor":6.0},{"not_picked":["Perfected Strike","Flame Barrier"],"picked":"Offering","floor":8.0},{"not_picked":["Inflame","Combust"],"picked":"Intimidate","floor":11.0},{"not_picked":["Entrench","Sword Boomerang","Blood for Blood"],"picked":"SKIP","floor":13.0},{"not_picked":["Twin Strike","Searing Blow"],"picked":"Armaments","floor":14.0},{"not_picked":["Sever Soul"],"picked":"SKIP","floor":18.0},{"not_picked":["True Grit"],"picked":"SKIP","floor":21.0},{"not_picked":["Sentinel"],"picked":"SKIP","floor":22.0},{"not_picked":[],"picked":"Rampage","floor":24}],"player_experience":2261092,"relics_obtained":[{"floor":6.0,"key":"Whetstone"},{"floor":8.0,"key":"Gambling Chip"},{"floor":9.0,"key":"PreservedInsect"},{"floor":13.0,"key":"Bottled Lightning"},{"floor":24,"key":"Ginger"},{"floor":26,"key":"The Courier"}],"event_choices":[{"damage_healed":0.0,"max_hp_gain":0.0,"max_hp_loss":0.0,"gold_gain":0.0,"event_name":"Accursed Blacksmith","player_choice":"Forge","floor":2.0,"gold_loss":0.0,"damage_taken":0.0,"cards_upgraded":["Combust"]},{"damage_healed":0.0,"max_hp_gain":0.0,"max_hp_loss":0.0,"gold_gain":75.0,"event_name":"World of Goop","player_choice":"Gather Gold","floor":4.0,"gold_loss":0.0,"damage_taken":11.0},{"damage_healed":0.0,"max_hp_gain":0.0,"max_hp_loss":0.0,"gold_gain":59.0,"event_name":"Golden Wing","player_choice":"Gained Gold","floor":12.0,"gold_loss":0.0,"damage_taken":0.0},{"damage_healed":0.0,"max_hp_gain":0.0,"max_hp_loss":0.0,"gold_gain":0.0,"event_name":"The Mausoleum","player_choice":"Opened","floor":19.0,"gold_loss":0.0,"damage_taken":0.0,"relics_obtained":["Ancient Tea Set"],"cards_obtained":["Writhe"]},{"damage_healed":0.0,"max_hp_gain":0.0,"max_hp_loss":0.0,"gold_gain":0.0,"event_name":"Ghosts","player_choice":"Ignored","floor":20.0,"gold_loss":0.0,"damage_taken":0.0}],"is_beta":false,"boss_relics":[{"not_picked":["Coffee Dripper","Empty Cage"],"picked":"Busted Crown"}],"items_purged_floors":[],"is_endless":false,"potions_floor_spawned":[3,8,16,21],"killed_by":"Slavers","ascension_level":13}