{"path_per_floor":["M","?","?","M","M","E","M","M","T","?","R","E","$","?","R","B",null,"M","?","$","M","$","R","?","R","T","M","R","M","M"],"character_chosen":"DEFECT","items_purchased":["Apotheosis","Fire Potion"],"gold_per_floor":[119,119,79,96,114,141,153,170,196,196,196,231,54,54,54,178,178,191,191,191,214,87,87,12,12,69,93,93,117,141,141],"floor_reached":31,"campfire_rested":1,"playtime":2614,"item_purchase_floors":[],"current_hp_per_floor":[74,74,74,74,74,67,62,62,62,62,62,49,49,49,49,43,69,68,68,68,28,28,48,48,48,48,44,44,49,42,19],"items_purged":["Normality"],"gold":141,"score":257,"play_id":"87fabcc1-f49f-4ae7-9b2e-e0f48e5166ca","local_time":"20180602225638","is_prod":false,"is_daily":false,"chose_seed":false,"is_ascension_mode":true,"campfire_upgraded":4,"win_rate":0.0,"timestamp":1527972998,"campfire_choices":[{"data":"Zap","floor":11.0,"key":"SMITH"},{"data":"Apotheosis","floor":15.0,"key":"SMITH"},{"floor":23,"key":"REST"},{"data":"Thunder Strike","floor":25,"key":"SMITH"},{"data":"Fission","floor":28,"key":"SMITH"}],"path_taken":["M","?","?","M","?","E","M","M","T","?","R","E","$","?","R","BOSS","M","?","?","M","$","R","?","R","T","M","R","M","?","E"],"build_version":"2018-05-31","seed_source_timestamp":11765867033361,"purchased_purges":1,"victory":false,"master_deck":["Strike_B","Strike_B","Strike_B","Defend_B","Defend_B","Defend_B","Zap+1","Dualcast","Ball Lightning","Coolheaded","Doom and Gloom","Compile Driver","Redo","Lockon","Thunder Strike+1","Multi-Cast","Apotheosis+1","Fission+1","Stack+1","Auto Shields","Cold Snap","Compile Driver+1","Cold Snap","Conserve Battery+1","Glacier+1"],"max_hp_per_floor":[75,75,75,75,75,75,75,75,75,69,69,69,69,69,69,69,69,69,69,69,69,69,69,69,69,69,69,69,69,69,69],"relics":["Cracked Core","Bag of Marbles","Oddly Smooth Stone","Golden Idol","Dream Catcher","Ancient Tea Set","Philosopher\u0027s Stone","Tiny Chest"],"card_choices":[{"not_picked":["Self Repair","Steam"],"picked":"Ball Lightning","floor":0.0},{"not_picked":["Go for the Eyes","Compile Driver"],"picked":"Coolheaded","floor":1.0},{"not_picked":["Double Energy","Cold Snap"],"picked":"Doom and Gloom","floor":4.0},{"not_picked":["Rip and Tear","Cold Snap"],"picked":"Compile Driver","floor":5.0},{"not_picked":["Ball Lightning","Sweeping Beam"],"picked":"Redo","floor":6.0},{"not_picked":["Beam Cell","Melter"],"picked":"Lockon","floor":7.0},{"not_picked":["Gash","Leap"],"picked":"Thunder Strike","floor":8.0},{"not_picked":["Static Discharge","Amplify"],"picked":"Multi-Cast","floor":12.0},{"not_picked":["Electrodynamics","Thunder Strike"],"picked":"Fission","floor":16.0},{"not_picked":["Conserve Battery","Tempest"],"picked":"Stack+1","floor":18.0},{"not_picked":["Genetic Algorithm","Stack"],"picked":"Cold Snap","floor":21},{"not_picked":["Gash","Redo"],"picked":"Compile Driver+1","floor":23},{"not_picked":["Force Field+1","Conserve Battery"],"picked":"Cold Snap","floor":27},{"not_picked":["Self Repair","Ball Lightning"],"picked":"Conserve Battery+1","floor":29},{"not_picked":["Thunder Strike","Coolheaded"],"picked":"Glacier+1","floor":30}],"player_experience":540540,"potions_floor_usage":[29,29,29,31,31],"damage_taken":[{"damage":1.0,"enemies":"Cultist","floor":1.0,"turns":3.0},{"damage":0.0,"enemies":"Small Slimes","floor":4.0,"turns":2.0},{"damage":0.0,"enemies":"2 Louse","floor":5.0,"turns":2.0},{"damage":7.0,"enemies":"3 Sentries","floor":6.0,"turns":5.0},{"damage":5.0,"enemies":"Looter","floor":7.0,"turns":3.0},{"damage":0.0,"enemies":"Gremlin Gang","floor":8.0,"turns":1.0},{"damage":13.0,"enemies":"Gremlin Nob","floor":12.0,"turns":3.0},{"damage":21.0,"enemies":"The Guardian","floor":16.0,"turns":10.0},{"damage":1.0,"enemies":"Chosen","floor":18.0,"turns":4.0},{"damage":40,"enemies":"3 Byrds","floor":21,"turns":4},{"damage":4,"enemies":"Centurion and Healer","floor":27,"turns":7},{"damage":0,"enemies":"Sentry and Sphere","floor":29,"turns":2},{"damage":7,"enemies":"Snecko","floor":30,"turns":6},{"damage":23,"enemies":"Gremlin Leader","floor":31,"turns":8}],"relics_obtained":[{"floor":6.0,"key":"Bag of Marbles"},{"floor":9.0,"key":"Oddly Smooth Stone"},{"floor":12.0,"key":"Dream Catcher"},{"floor":26,"key":"Tiny Chest"}],"event_choices":[{"event_name":"Bonfire Elementals","player_choice":"BASIC","floor":2.0,"damage_taken":0.0},{"event_name":"The Woman in Blue","player_choice":"Bought 3 Potions","floor":3.0,"damage_taken":0.0},{"event_name":"Golden Idol","player_choice":"Lose Max HP","floor":10.0,"damage_taken":0.0},{"event_name":"Accursed Blacksmith","player_choice":"Rummage","floor":14.0,"damage_taken":0.0},{"event_name":"The Library","player_choice":"Read","floor":19.0,"damage_taken":0.0},{"event_name":"Beggar","player_choice":"Gave Gold","floor":24,"damage_taken":0}],"boss_relics":[],"items_purged_floors":[22],"potions_floor_spawned":[4,5,7,12,21,29,30],"seed_played":"-7163709909985175117","killed_by":"Gremlin Leader","ascension_level":1,"potions_obtained":[{"floor":3.0,"key":"EssenceOfSteel"},{"floor":3.0,"key":"Weak Potion"},{"floor":3.0,"key":"FearPotion"},{"floor":7.0,"key":"Explosive Potion"},{"floor":12.0,"key":"Regen Potion"},{"floor":21,"key":"Regen Potion"},{"floor":29,"key":"FearPotion"},{"floor":30,"key":"Block Potion"}],"is_trial":false}