{"gold_per_floor":[113,263,283,118,118,145,145,175,175,175,100,120,120,134,134,134],"floor_reached":16,"playtime":428,"items_purged":["Doubt"],"score":249,"play_id":"e819a436-7b1f-4809-a357-cafbd11c9e49","local_time":"20190213221149","is_ascension_mode":true,"campfire_choices":[{"data":"Shrug It Off","floor":7,"key":"SMITH"},{"floor":10,"key":"REST"},{"floor":13,"key":"REST"},{"data":"Headbutt","floor":15,"key":"SMITH"}],"neow_cost":"NONE","seed_source_timestamp":14781898834531332,"circlet_count":0,"master_deck":["AscendersBane","Strike_R","Strike_R","Strike_R","Strike_R","Strike_R","Defend_R","Defend_R","Defend_R","Defend_R","Bash","Cleave","Rage+1","Shrug It Off+1","Flex","Headbutt+1"],"relics":["Burning Blood","NeowsBlessing","PreservedInsect","Champion Belt","Potion Belt","Sundial","Odd Mushroom"],"potions_floor_usage":[8,16],"damage_taken":[{"damage":0,"enemies":"2 Louse","floor":1,"turns":1},{"damage":0,"enemies":"Small Slimes","floor":3,"turns":1},{"damage":0,"enemies":"Lagavulin","floor":6,"turns":1},{"damage":26,"enemies":"Gremlin Nob","floor":8,"turns":4},{"damage":31,"enemies":"The Mushroom Lair","floor":12,"turns":5},{"damage":7,"enemies":"Jaw Worm","floor":14,"turns":3},{"damage":73,"enemies":"Hexaghost","floor":16,"turns":14}],"seed_played":"7520982844790955969","potions_obtained":[{"floor":1,"key":"AttackPotion"},{"floor":3,"key":"Swift Potion"}],"is_trial":false,"path_per_floor":["M","?","M","$","?","E","R","E","T","R","$","?","R","M","R","B"],"character_chosen":"IRONCLAD","items_purchased":["PreservedInsect"],"campfire_rested":2,"item_purchase_floors":[4],"current_hp_per_floor":[74,74,75,75,75,75,75,55,55,75,75,50,72,71,71,0],"gold":134,"neow_bonus":"THREE_ENEMY_KILL","is_prod":false,"is_daily":false,"chose_seed":false,"campfire_upgraded":2,"win_rate":0,"timestamp":1550092309,"path_taken":["M","?","M","$","?","E","R","E","T","R","$","?","R","M","R","BOSS"],"build_version":"2019-01-23","purchased_purges":1,"victory":false,"max_hp_per_floor":[75,75,75,75,75,75,75,75,75,75,75,75,75,75,75,75],"card_choices":[{"not_picked":["Disarm","Ghostly Armor"],"picked":"Cleave","floor":1},{"not_picked":["Clash","Carnage"],"picked":"Rage","floor":3},{"not_picked":["True Grit","Dual Wield"],"picked":"Shrug It Off","floor":6},{"not_picked":["Heavy Blade","Twin Strike","Entrench"],"picked":"SKIP","floor":8},{"not_picked":["Carnage","Disarm"],"picked":"Flex","floor":12},{"not_picked":["Sentinel","Searing Blow"],"picked":"Headbutt","floor":14}],"player_experience":395313,"relics_obtained":[{"floor":6,"key":"Champion Belt"},{"floor":8,"key":"Potion Belt"},{"floor":9,"key":"Sundial"},{"floor":12,"key":"Odd Mushroom"}],"event_choices":[{"damage_healed":0,"gold_gain":150,"player_choice":"AGREE","damage_taken":0,"max_hp_gain":0,"max_hp_loss":0,"event_name":"Liars Game","floor":2,"gold_loss":0,"cards_obtained":["Doubt"]},{"damage_healed":0,"gold_gain":0,"player_choice":"Grow","damage_taken":0,"max_hp_gain":0,"max_hp_loss":0,"event_name":"Living Wall","floor":5,"gold_loss":0,"cards_upgraded":["Rage"]},{"damage_healed":0,"gold_gain":0,"player_choice":"Fought Mushrooms","damage_taken":0,"max_hp_gain":0,"max_hp_loss":0,"event_name":"Mushrooms","floor":12,"gold_loss":0}],"is_beta":false,"boss_relics":[],"items_purged_floors":[11],"is_endless":false,"potions_floor_spawned":[1,3,6],"killed_by":"Hexaghost","ascension_level":18}