{"gold_per_floor":[418,327,502,502,517,517,531,566,566,600,618,630,640,101,101,205,205,221,146,163,163,163],"floor_reached":22,"playtime":922,"items_purged":["Pain"],"score":304,"play_id":"ceedea08-0bdd-4f8b-9287-cdaa970b7890","local_time":"20181026201632","is_ascension_mode":true,"campfire_choices":[{"floor":6.0,"key":"REST"},{"floor":15,"key":"REST"}],"neow_cost":"PERCENT_DAMAGE","seed_source_timestamp":69558417986864,"circlet_count":0,"master_deck":["Strike_R","Strike_R","Strike_R","Strike_R","Strike_R","Defend_R","Defend_R","Defend_R","Defend_R","Bash","AscendersBane","Spot Weakness","Flame Barrier","Pommel Strike","Corruption","Heavy Blade","Sentinel+1","Whirlwind","Shrug It Off+1","Spot Weakness+1","Master of Strategy+1","Disarm+1","Double Tap+1","Pain","Writhe","Anger+1","Second Wind+1"],"special_seed":0,"relics":["Burning Blood","Old Coin","Shuriken","Ancient Tea Set","Toxic Egg 2","Turnip","Calling Bell","Bronze Scales","Letter Opener","Incense Burner"],"potions_floor_usage":[8,8,10,13,16,21],"damage_taken":[{"damage":1.0,"enemies":"Cultist","floor":1.0,"turns":4.0},{"damage":10.0,"enemies":"Small Slimes","floor":5.0,"turns":4.0},{"damage":9.0,"enemies":"2 Louse","floor":7.0,"turns":3.0},{"damage":16,"enemies":"Gremlin Nob","floor":8,"turns":3},{"damage":45,"enemies":"Lagavulin","floor":10,"turns":7},{"damage":0,"enemies":"Large Slime","floor":11,"turns":7},{"damage":21,"enemies":"Lots of Slimes","floor":12,"turns":3},{"damage":5,"enemies":"3 Louse","floor":13,"turns":4},{"damage":13,"enemies":"Hexaghost","floor":16,"turns":5},{"damage":44,"enemies":"Spheric Guardian","floor":18,"turns":6},{"damage":18,"enemies":"3 Byrds","floor":20,"turns":3},{"damage":8,"enemies":"Colosseum Slavers","floor":21,"turns":5},{"damage":0,"enemies":"Sentry and Sphere","floor":22,"turns":2}],"seed_played":"5853619002763813048","potions_obtained":[{"floor":5.0,"key":"SteroidPotion"},{"floor":8,"key":"SteroidPotion"},{"floor":12,"key":"SkillPotion"},{"floor":13,"key":"GamblersBrew"},{"floor":20,"key":"Poison Potion"}],"is_trial":false,"path_per_floor":["M","$","?","?","M","R","M","E","T","E","M","M","M","$","R","B",null,"M","$","M","?"],"character_chosen":"IRONCLAD","items_purchased":["Flame Barrier","Fire Potion","Turnip","Master of Strategy+1","Disarm+1"],"campfire_rested":2,"item_purchase_floors":[2,2,14,14,14],"current_hp_per_floor":[56,56,56,56,52,76,73,63,63,24,30,15,16,16,40,33,68,30,30,18,16,16],"gold":163,"neow_bonus":"ONE_RARE_RELIC","is_prod":false,"is_daily":false,"chose_seed":false,"campfire_upgraded":0,"win_rate":0,"timestamp":1540577792,"path_taken":["M","?","?","?","M","R","M","E","T","E","M","?","?","$","R","BOSS","M","$","M","?","M"],"build_version":"2018-10-25v2","purchased_purges":1,"victory":false,"max_hp_per_floor":[80,80,80,80,80,80,80,80,80,80,80,80,80,80,80,80,80,80,80,80,80,80],"card_choices":[{"not_picked":["True Grit","Entrench"],"picked":"Spot Weakness","floor":1.0},{"not_picked":["Twin Strike","Wild Strike"],"picked":"Pommel Strike","floor":5.0},{"not_picked":["Sword Boomerang","Pummel"],"picked":"Corruption","floor":7},{"not_picked":["Hemokinesis","Armaments"],"picked":"Heavy Blade","floor":8},{"not_picked":["Hemokinesis","Exhume"],"picked":"Sentinel","floor":10},{"not_picked":["Searing Blow","Sword Boomerang"],"picked":"Whirlwind","floor":11},{"not_picked":["Iron Wave","Heavy Blade"],"picked":"Shrug It Off+1","floor":12},{"not_picked":["Cleave","Wild Strike"],"picked":"Spot Weakness+1","floor":13},{"not_picked":["Exhume+1","Offering+1"],"picked":"Double Tap+1","floor":16},{"not_picked":["Wild Strike","Armaments+1"],"picked":"Anger+1","floor":18},{"not_picked":["Twin Strike","Body Slam+1"],"picked":"Second Wind+1","floor":20}],"player_experience":1113220,"relics_obtained":[{"floor":8,"key":"Shuriken"},{"floor":9,"key":"Ancient Tea Set"},{"floor":10,"key":"Toxic Egg 2"},{"floor":17,"key":"Bronze Scales"},{"floor":17,"key":"Letter Opener"},{"floor":17,"key":"Incense Burner"}],"event_choices":[{"damage_healed":0.0,"max_hp_gain":0.0,"max_hp_loss":0.0,"gold_gain":175.0,"event_name":"Liars Game","player_choice":"AGREE","floor":3.0,"gold_loss":0.0,"damage_taken":0.0,"cards_obtained":["Doubt"]},{"cards_removed":["Doubt"],"damage_healed":0.0,"max_hp_gain":0.0,"max_hp_loss":0.0,"gold_gain":0.0,"event_name":"Fountain of Cleansing","player_choice":"Removed Curses","floor":4.0,"gold_loss":0.0,"damage_taken":0.0},{"damage_healed":0,"gold_gain":0,"player_choice":"Fight","damage_taken":0,"max_hp_gain":0,"max_hp_loss":0,"event_name":"Colosseum","floor":21,"gold_loss":0},{"damage_healed":0,"gold_gain":0,"player_choice":"Fled From Nobs","damage_taken":0,"max_hp_gain":0,"max_hp_loss":0,"event_name":"Colosseum","floor":21,"gold_loss":0}],"is_beta":false,"boss_relics":[{"not_picked":["White Beast Statue","Pandora\u0027s Box"],"picked":"Calling Bell"}],"items_purged_floors":[19],"is_endless":false,"potions_floor_spawned":[5,8,12,13,20],"killed_by":"Sentry and Sphere","ascension_level":11}