{"gold_per_floor":[114,29,49,49,5,5,40,58,58,73,91,91],"floor_reached":12,"playtime":276,"items_purged":[],"score":210,"play_id":"05a33b12-4beb-4cd9-9f25-3f2b3d1ea460","local_time":"20181204213044","is_ascension_mode":true,"campfire_choices":[],"neow_cost":"NONE","seed_source_timestamp":165856552745517,"circlet_count":0,"master_deck":["AscendersBane","Strike_R","Strike_R","Strike_R","Strike_R","Strike_R","Defend_R","Defend_R","Defend_R","Defend_R","Bash","Headbutt","Rampage+1","Corruption","Spot Weakness","Sentinel","Shrug It Off","Ghostly Armor"],"special_seed":0,"relics":["Burning Blood","NeowsBlessing","Golden Idol","Mummified Hand","Question Card"],"potions_floor_usage":[12],"damage_taken":[{"damage":0.0,"enemies":"2 Louse","floor":1.0,"turns":1.0},{"damage":0.0,"enemies":"Jaw Worm","floor":3.0,"turns":1.0},{"damage":0.0,"enemies":"Lagavulin","floor":7.0,"turns":1.0},{"damage":12.0,"enemies":"Cultist","floor":8.0,"turns":4.0},{"damage":8.0,"enemies":"3 Louse","floor":10.0,"turns":3.0},{"damage":32.0,"enemies":"Exordium Thugs","floor":11.0,"turns":6.0},{"damage":8,"enemies":"Gremlin Nob","floor":12,"turns":3}],"seed_played":"-2331869204890269657","potions_obtained":[{"floor":7.0,"key":"GamblersBrew"},{"floor":8.0,"key":"Fire Potion"}],"is_trial":false,"path_per_floor":["M","$","M","?","$","?","E","M","T","M","M","E"],"character_chosen":"IRONCLAD","items_purchased":["Rampage","Spot Weakness"],"campfire_rested":0,"item_purchase_floors":[2,5],"current_hp_per_floor":[74,74,75,49,49,49,55,49,49,47,21,13],"gold":91,"neow_bonus":"THREE_ENEMY_KILL","is_prod":false,"is_daily":false,"chose_seed":false,"campfire_upgraded":0,"win_rate":0,"timestamp":1543977044,"path_taken":["M","$","M","?","$","?","E","M","T","M","?","E"],"build_version":"2018-12-4","purchased_purges":0,"victory":false,"max_hp_per_floor":[75,75,75,75,75,75,75,75,75,75,75,75],"card_choices":[{"not_picked":["True Grit","Body Slam"],"picked":"Headbutt","floor":1.0},{"not_picked":["Cleave","Intimidate"],"picked":"Corruption","floor":3.0},{"not_picked":["Pommel Strike","Flex"],"picked":"Sentinel","floor":7.0},{"not_picked":["Twin Strike","Bloodletting"],"picked":"Shrug It Off","floor":8.0},{"not_picked":["Spot Weakness","Body Slam","Sword Boomerang"],"picked":"Ghostly Armor","floor":10.0},{"not_picked":["Rage","Heavy Blade","Headbutt","Spot Weakness"],"picked":"SKIP","floor":11.0}],"player_experience":1167188,"relics_obtained":[{"floor":7.0,"key":"Mummified Hand"},{"floor":9.0,"key":"Question Card"}],"event_choices":[{"damage_healed":0.0,"max_hp_gain":0.0,"max_hp_loss":0.0,"gold_gain":0.0,"event_name":"Golden Idol","player_choice":"Take Damage","floor":4.0,"gold_loss":0.0,"damage_taken":26.0,"relics_obtained":["Golden Idol"]},{"damage_healed":0.0,"max_hp_gain":0.0,"max_hp_loss":0.0,"gold_gain":0.0,"event_name":"Upgrade Shrine","player_choice":"Upgraded","floor":6.0,"gold_loss":0.0,"damage_taken":0.0,"cards_upgraded":["Rampage"]}],"is_beta":true,"boss_relics":[],"items_purged_floors":[],"is_endless":false,"potions_floor_spawned":[7,8],"killed_by":"Gremlin Nob","ascension_level":20}