{"gold_per_floor":[110,121,121,132,148,148,148,148,148,163,163,163,163,88,88,161,161,176,36,36,56,56,69,69,104,176,176,176,194,194,210,210,284,284,297,297,297,16,116,116,116,116,167,42,60,60,60,74,74,74],"floor_reached":51,"playtime":2634,"items_purged":["Pain","Strike_R","Writhe"],"score":1292,"play_id":"67f6aff0-4c45-4245-954e-b63dbbe2e9de","local_time":"20190205191138","is_ascension_mode":true,"campfire_choices":[{"floor":6,"key":"REST"},{"data":"Rage","floor":12,"key":"SMITH"},{"floor":15,"key":"REST"},{"data":"Berserk","floor":24,"key":"SMITH"},{"floor":28,"key":"REST"},{"floor":32,"key":"REST"},{"floor":40,"key":"REST"},{"floor":42,"key":"REST"},{"floor":47,"key":"REST"},{"floor":49,"key":"REST"}],"neow_cost":"NONE","seed_source_timestamp":14077673011602888,"circlet_count":0,"master_deck":["AscendersBane","Strike_R+1","Strike_R+1","Defend_R","Defend_R","Defend_R","Bash","Rage+1","Rampage","Sentinel","Pommel Strike","Juggernaut","Metallicize","Metallicize","Berserk+1","Hemokinesis","Seeing Red+1","Feed","Iron Wave","Dual Wield","True Grit","Enlightenment","Body Slam","Rage+1","Battle Trance+1"],"relics":["Burning Blood","Letter Opener","Juzu Bracelet","WarpedTongs","Runic Pyramid","Torii","Blue Candle","Prayer Wheel","Fusion Hammer","Ornamental Fan","WingedGreaves","Bag of Preparation"],"potions_floor_usage":[16,16,25,31,33,35,50],"damage_taken":[{"damage":15,"enemies":"2 Louse","floor":1,"turns":3},{"damage":12,"enemies":"Jaw Worm","floor":2,"turns":6},{"damage":6,"enemies":"Cultist","floor":4,"turns":4},{"damage":2,"enemies":"3 Louse","floor":5,"turns":4},{"damage":19,"enemies":"Lots of Slimes","floor":10,"turns":6},{"damage":0,"enemies":"Slime Boss","floor":16,"turns":7},{"damage":37,"enemies":"2 Thieves","floor":18,"turns":4},{"damage":6,"enemies":"Spheric Guardian","floor":21,"turns":5},{"damage":25,"enemies":"Snake Plant","floor":23,"turns":5},{"damage":23,"enemies":"Gremlin Leader","floor":25,"turns":7},{"damage":18,"enemies":"3 Cultists","floor":29,"turns":5},{"damage":14,"enemies":"Centurion and Healer","floor":31,"turns":7},{"damage":0,"enemies":"Champ","floor":33,"turns":13},{"damage":13,"enemies":"Orb Walker","floor":35,"turns":4},{"damage":37,"enemies":"Mind Bloom Boss Battle","floor":39,"turns":9},{"damage":10,"enemies":"3 Shapes","floor":45,"turns":7},{"damage":12,"enemies":"Sphere and 2 Shapes","floor":48,"turns":5},{"damage":94,"enemies":"Time Eater","floor":50,"turns":12}],"seed_played":"-5499436551057502756","potions_obtained":[{"floor":1,"key":"Strength Potion"},{"floor":5,"key":"Fire Potion"},{"floor":23,"key":"SkillPotion"},{"floor":29,"key":"Explosive Potion"},{"floor":31,"key":"SkillPotion"},{"floor":33,"key":"Fire Potion"},{"floor":39,"key":"Strength Potion"}],"is_trial":false,"path_per_floor":["M","M","?","M","M","R","?","?","T","M","?","R","?","$","R","B",null,"M","$","?","M","?","M","R","E","T","?","R","M","T","M","R","B",null,"M","?","?","$","?","R","?","R","T","$","M","$","R","M","R","B",null],"character_chosen":"IRONCLAD","items_purchased":["Metallicize","Ornamental Fan","Body Slam"],"campfire_rested":8,"item_purchase_floors":[19,38,38],"current_hp_per_floor":[66,60,44,44,48,72,54,54,54,41,46,46,46,46,72,78,85,54,54,54,54,83,64,64,47,47,47,73,64,64,59,86,92,93,89,96,96,96,65,93,93,96,96,96,96,96,100,97,103,15],"gold":74,"neow_bonus":"TEN_PERCENT_HP_BONUS","is_prod":false,"is_daily":false,"chose_seed":false,"campfire_upgraded":2,"win_rate":0,"timestamp":1549390298,"path_taken":["M","M","?","M","M","R","?","?","T","M","?","R","?","$","R","BOSS","M","?","?","M","?","M","R","E","T","?","R","M","?","M","R","BOSS","M","?","?","$","?","R","?","R","T","?","M","$","R","M","R","BOSS"],"build_version":"2019-01-23","purchased_purges":3,"victory":true,"max_hp_per_floor":[82,82,82,82,82,82,82,82,82,82,87,87,87,87,87,87,87,87,87,87,87,87,87,87,87,87,87,87,90,90,93,93,93,93,96,96,96,96,96,96,96,96,96,96,100,100,100,103,103,103],"card_choices":[{"not_picked":["Sword Boomerang","Flame Barrier"],"picked":"Rage","floor":1},{"not_picked":["True Grit","Thunderclap","Cleave"],"picked":"SKIP","floor":2},{"not_picked":["Searing Blow","Sword Boomerang"],"picked":"Rampage","floor":4},{"not_picked":["Heavy Blade","Perfected Strike","Uppercut"],"picked":"SKIP","floor":5},{"not_picked":["Flex","Havoc"],"picked":"Pommel Strike","floor":10},{"not_picked":["Offering","Berserk"],"picked":"Juggernaut","floor":16},{"not_picked":["Body Slam","Sword Boomerang+1"],"picked":"Metallicize","floor":18},{"not_picked":["Havoc","Corruption","Thunderclap"],"picked":"SKIP","floor":21},{"not_picked":["Sword Boomerang+1","Evolve"],"picked":"Seeing Red+1","floor":23},{"not_picked":["Wild Strike","Perfected Strike"],"picked":"Feed","floor":25},{"not_picked":["Battle Trance+1","Shrug It Off"],"picked":"Iron Wave","floor":29},{"not_picked":["Inflame","Anger"],"picked":"Dual Wield","floor":31},{"not_picked":["Flame Barrier+1","Disarm","Fire Breathing"],"picked":"SKIP","floor":31},{"not_picked":["Havoc","Uppercut+1"],"picked":"True Grit","floor":35},{"not_picked":["Pommel Strike","Thunderclap","Clash+1"],"picked":"SKIP","floor":35},{"not_picked":["Thinking Ahead","Jack Of All Trades"],"picked":"Enlightenment","floor":37},{"not_picked":["Heavy Blade+1","Spot Weakness"],"picked":"Battle Trance+1","floor":45},{"not_picked":["Power Through","Flex","Warcry"],"picked":"SKIP","floor":45},{"not_picked":["Searing Blow","Clash","Sentinel"],"picked":"SKIP","floor":48},{"not_picked":["Combust+1","Perfected Strike","Anger"],"picked":"SKIP","floor":48}],"player_experience":350548,"relics_obtained":[{"floor":9,"key":"Juzu Bracelet"},{"floor":25,"key":"Torii"},{"floor":26,"key":"Blue Candle"},{"floor":30,"key":"Prayer Wheel"},{"floor":39,"key":"WingedGreaves"},{"floor":43,"key":"Bag of Preparation"}],"event_choices":[{"damage_healed":0,"gold_gain":0,"player_choice":"Entered Light","damage_taken":16,"max_hp_gain":0,"max_hp_loss":0,"event_name":"Shining Light","floor":3,"gold_loss":0,"cards_upgraded":["Strike_R","Strike_R"]},{"damage_healed":0,"gold_gain":0,"player_choice":"Success","damage_taken":18,"relics_obtained":["Letter Opener"],"max_hp_gain":0,"max_hp_loss":0,"event_name":"Scrap Ooze","floor":7,"gold_loss":0},{"damage_healed":0,"gold_gain":0,"cards_transformed":["Defend_R"],"player_choice":"Transformed","damage_taken":0,"max_hp_gain":0,"max_hp_loss":0,"event_name":"Transmorgrifier","floor":8,"gold_loss":0,"cards_obtained":["Sentinel"]},{"damage_healed":0,"gold_gain":0,"player_choice":"Donut","damage_taken":0,"max_hp_gain":5,"max_hp_loss":0,"event_name":"Big Fish","floor":11,"gold_loss":0},{"damage_healed":0,"gold_gain":0,"player_choice":"Rummage","damage_taken":0,"relics_obtained":["WarpedTongs"],"max_hp_gain":0,"max_hp_loss":0,"event_name":"Accursed Blacksmith","floor":13,"gold_loss":0,"cards_obtained":["Pain"]},{"damage_healed":0,"gold_gain":0,"cards_transformed":["Strike_R","Strike_R"],"player_choice":"Became Test Subject","damage_taken":0,"max_hp_gain":0,"max_hp_loss":0,"event_name":"Drug Dealer","floor":20,"gold_loss":0,"cards_obtained":["Berserk","Hemokinesis"]},{"damage_healed":29,"gold_gain":0,"player_choice":"Heal","damage_taken":0,"max_hp_gain":0,"max_hp_loss":0,"event_name":"The Library","floor":22,"gold_loss":0},{"damage_healed":0,"gold_gain":0,"player_choice":"Ignored","damage_taken":0,"max_hp_gain":0,"max_hp_loss":0,"event_name":"Vampires","floor":27,"gold_loss":0},{"damage_healed":24,"gold_gain":0,"player_choice":"Writhe","damage_taken":0,"max_hp_gain":0,"max_hp_loss":0,"event_name":"Winding Halls","floor":36,"gold_loss":0,"cards_obtained":["Writhe"]},{"damage_healed":0,"gold_gain":0,"player_choice":"Memory 1","damage_taken":0,"max_hp_gain":0,"max_hp_loss":0,"event_name":"SensoryStone","floor":37,"gold_loss":0},{"damage_healed":0,"gold_gain":0,"player_choice":"Fight","damage_taken":0,"max_hp_gain":0,"max_hp_loss":0,"event_name":"MindBloom","floor":39,"gold_loss":0},{"damage_healed":0,"gold_gain":0,"player_choice":"Copied","damage_taken":0,"max_hp_gain":0,"max_hp_loss":0,"event_name":"Duplicator","floor":41,"gold_loss":0,"cards_obtained":["Rage"]}],"is_beta":false,"boss_relics":[{"not_picked":["Orrery","Snecko Eye"],"picked":"Runic Pyramid"},{"not_picked":["Eternal Feather","Tiny House"],"picked":"Fusion Hammer"}],"items_purged_floors":[14,19,44],"is_endless":false,"potions_floor_spawned":[1,5,10,23,29,31,33,39],"ascension_level":14}