{"gold_per_floor":[112,128,148,323,323,323,334,334,407,307,307,325,339,368,368,464,464,478,462,562,562,625,625],"floor_reached":23,"playtime":846,"items_purged":[],"score":243,"play_id":"6154a2e4-5bb7-4142-a569-b9184ad99f2c","local_time":"20181031152623","is_ascension_mode":false,"campfire_choices":[{"data":"Zap","floor":6.0,"key":"SMITH"},{"data":"Defragment","floor":8.0,"key":"SMITH"},{"data":"Coolheaded","floor":11.0,"key":"SMITH"},{"data":"Creative AI","floor":15.0,"key":"SMITH"}],"neow_cost":"NONE","seed_source_timestamp":43450320818657,"circlet_count":0,"master_deck":["Strike_B+1","Strike_B","Strike_B","Strike_B","Defend_B","Defend_B","Defend_B","Defend_B","Zap+1","Dualcast","Cold Snap","Cold Snap","Glacier+1","Compile Driver","Doubt","Defragment+1","Coolheaded+1","Consume","Sunder","Creative AI+1","Biased Cognition","Echo Form"],"special_seed":0,"relics":["FrozenCore","Bag of Marbles","WingedGreaves","Cables","SsserpentHead"],"potions_floor_usage":[],"damage_taken":[{"damage":0.0,"enemies":"Small Slimes","floor":1.0,"turns":3.0},{"damage":0.0,"enemies":"2 Louse","floor":2.0,"turns":3.0},{"damage":0.0,"enemies":"Jaw Worm","floor":3.0,"turns":4.0},{"damage":3.0,"enemies":"Blue Slaver","floor":7.0,"turns":2.0},{"damage":0.0,"enemies":"Gremlin Gang","floor":12.0,"turns":1.0},{"damage":0.0,"enemies":"3 Louse","floor":13.0,"turns":4.0},{"damage":14.0,"enemies":"3 Sentries","floor":14.0,"turns":9.0},{"damage":0.0,"enemies":"Slime Boss","floor":16.0,"turns":10.0},{"damage":6.0,"enemies":"Chosen","floor":18.0,"turns":5.0},{"damage":12.0,"enemies":"2 Thieves","floor":19.0,"turns":4.0},{"damage":7.0,"enemies":"Colosseum Slavers","floor":20.0,"turns":6.0},{"damage":19.0,"enemies":"Colosseum Nobs","floor":20.0,"turns":5.0},{"damage":8,"enemies":"Snake Plant","floor":22,"turns":7},{"damage":24,"enemies":"Slavers","floor":23,"turns":3}],"seed_played":"-239138937117609433","potions_obtained":[{"floor":2.0,"key":"FearPotion"},{"floor":12.0,"key":"FearPotion"},{"floor":16.0,"key":"PowerPotion"},{"floor":19.0,"key":"Dexterity Potion"},{"floor":20.0,"key":"SpeedPotion"}],"is_trial":false,"path_per_floor":["M","M","M","?","?","R","M","R","T","$","R","M","M","E","R","B",null,"M","M","?","?","M","E"],"character_chosen":"DEFECT","items_purchased":["AttackPotion","Coolheaded"],"campfire_rested":0,"item_purchase_floors":[10,10],"current_hp_per_floor":[75,75,75,75,60,60,57,57,57,57,57,57,57,43,43,43,75,69,57,31,31,23,0],"gold":625,"neow_bonus":"THREE_CARDS","is_prod":false,"is_daily":false,"chose_seed":false,"campfire_upgraded":4,"win_rate":0,"timestamp":1541013983,"path_taken":["M","M","M","?","?","R","M","R","T","$","R","M","M","E","R","BOSS","M","M","?","?","?","E"],"build_version":"2018-10-30","purchased_purges":0,"victory":false,"max_hp_per_floor":[75,75,75,75,75,75,75,75,75,75,75,75,75,75,75,75,75,75,75,75,75,75,75],"card_choices":[{"not_picked":["Rebound","Turbo"],"picked":"Cold Snap","floor":0.0},{"not_picked":["Melter","Turbo"],"picked":"Cold Snap","floor":1.0},{"not_picked":["Steam","Storm"],"picked":"Glacier","floor":2.0},{"not_picked":["Conserve Battery","Barrage"],"picked":"Compile Driver","floor":3.0},{"not_picked":["Chill","Aggregate"],"picked":"Defragment","floor":7.0},{"not_picked":["Melter","Cold Snap"],"picked":"Consume","floor":12.0},{"not_picked":["Static Discharge","Barrage"],"picked":"Sunder","floor":13.0},{"not_picked":["Auto Shields","Redo"],"picked":"Creative AI","floor":14.0},{"not_picked":["Buffer","All For One"],"picked":"Biased Cognition","floor":16.0},{"not_picked":["Sunder","Coolheaded","Redo"],"picked":"SKIP","floor":18.0},{"not_picked":["Barrage","Steam","Stack"],"picked":"SKIP","floor":19.0},{"not_picked":["Leap","Rebound"],"picked":"Echo Form","floor":22}],"player_experience":1126128,"relics_obtained":[{"floor":14.0,"key":"Bag of Marbles"},{"floor":20.0,"key":"WingedGreaves"},{"floor":20.0,"key":"Cables"}],"event_choices":[{"damage_healed":0.0,"max_hp_gain":0.0,"max_hp_loss":0.0,"gold_gain":175.0,"event_name":"Liars Game","player_choice":"AGREE","floor":4.0,"gold_loss":0.0,"damage_taken":0.0,"cards_obtained":["Doubt"]},{"damage_healed":0.0,"max_hp_gain":0.0,"max_hp_loss":0.0,"gold_gain":0.0,"event_name":"Shining Light","player_choice":"Entered Light","floor":5.0,"gold_loss":0.0,"damage_taken":15.0,"cards_upgraded":["Strike_B","Glacier"]},{"damage_healed":0.0,"max_hp_gain":0.0,"max_hp_loss":0.0,"gold_gain":0.0,"event_name":"Colosseum","player_choice":"Fight","floor":20.0,"gold_loss":0.0,"damage_taken":0.0},{"damage_healed":0.0,"max_hp_gain":0.0,"max_hp_loss":0.0,"gold_gain":0.0,"event_name":"Colosseum","player_choice":"Fought Nobs","floor":20.0,"gold_loss":0.0,"damage_taken":0.0},{"damage_healed":0.0,"max_hp_gain":0.0,"max_hp_loss":0.0,"gold_gain":0.0,"event_name":"FaceTrader","player_choice":"Trade","floor":21.0,"gold_loss":0.0,"damage_taken":0.0,"relics_obtained":["SsserpentHead"]}],"is_beta":true,"boss_relics":[{"not_picked":["Tiny House","Eternal Feather"],"picked":"FrozenCore"}],"items_purged_floors":[],"is_endless":false,"potions_floor_spawned":[2,12,16,19,20],"killed_by":"Slavers","ascension_level":0}