{"gold_per_floor":[117,129,204,219,219,252,252,263,333,333,359,371,371],"floor_reached":13,"playtime":515,"items_purged":[],"score":152,"play_id":"b75887e0-b606-4b87-912c-b68409800bb8","local_time":"20190202152600","is_ascension_mode":true,"campfire_choices":[{"floor":7,"key":"REST"}],"neow_cost":"NONE","seed_source_timestamp":613384879413356,"circlet_count":0,"master_deck":["AscendersBane","Defend_G","Defend_G","Defend_G","Defend_G","Defend_G","Strike_G","Strike_G","Strike_G","Strike_G","Strike_G","Survivor","Neutralize","Bouncing Flask","Setup","Flechettes","Regret","Caltrops","Leg Sweep","After Image","Prepared"],"relics":["Ring of the Snake","NeowsBlessing","Pocketwatch","Bronze Scales","Ornamental Fan","Darkstone Periapt"],"potions_floor_usage":[6,11,11],"damage_taken":[{"damage":0,"enemies":"2 Louse","floor":1,"turns":1},{"damage":0,"enemies":"Cultist","floor":2,"turns":1},{"damage":0,"enemies":"Jaw Worm","floor":4,"turns":1},{"damage":31,"enemies":"Lagavulin","floor":6,"turns":6},{"damage":3,"enemies":"Blue Slaver","floor":8,"turns":4},{"damage":17,"enemies":"3 Sentries","floor":11,"turns":9},{"damage":35,"enemies":"Exordium Wildlife","floor":12,"turns":6},{"damage":5,"enemies":"Red Slaver","floor":13,"turns":1}],"seed_played":"-5184336811525327614","potions_obtained":[{"floor":1,"key":"AttackPotion"},{"floor":6,"key":"AttackPotion"},{"floor":8,"key":"Regen Potion"}],"is_trial":false,"path_per_floor":["M","M","?","M","?","E","R","M","T","?","E","M","M"],"character_chosen":"THE_SILENT","items_purchased":[],"campfire_rested":1,"item_purchase_floors":[],"current_hp_per_floor":[63,63,52,52,52,21,42,39,39,39,37,2,0],"gold":371,"neow_bonus":"THREE_ENEMY_KILL","is_prod":false,"is_daily":false,"chose_seed":false,"campfire_upgraded":0,"win_rate":0,"timestamp":1549117560,"path_taken":["M","M","?","M","?","E","R","M","T","?","E","M","?"],"build_version":"2019-01-23","purchased_purges":0,"victory":false,"max_hp_per_floor":[70,70,70,70,70,70,70,70,70,70,70,70,70],"card_choices":[{"not_picked":["Setup","Quick Slash"],"picked":"Bouncing Flask","floor":1},{"not_picked":["Heel Hook","Prepared"],"picked":"Setup","floor":2},{"not_picked":["Blade Dance","Outmaneuver"],"picked":"Flechettes","floor":4},{"not_picked":["Dodge and Roll","Prepared"],"picked":"Caltrops","floor":6},{"not_picked":["Terror","Calculated Gamble"],"picked":"Leg Sweep","floor":8},{"not_picked":["Dagger Spray","Flying Knee"],"picked":"After Image","floor":11},{"not_picked":["Choke","Cloak And Dagger"],"picked":"Prepared","floor":12}],"player_experience":2094141,"relics_obtained":[{"floor":6,"key":"Bronze Scales"},{"floor":9,"key":"Ornamental Fan"},{"floor":11,"key":"Darkstone Periapt"}],"event_choices":[{"damage_healed":0,"gold_gain":75,"player_choice":"Gather Gold","damage_taken":11,"max_hp_gain":0,"max_hp_loss":0,"event_name":"World of Goop","floor":3,"gold_loss":0},{"damage_healed":0,"gold_gain":0,"player_choice":"Box","damage_taken":0,"relics_obtained":["Pocketwatch"],"max_hp_gain":0,"max_hp_loss":0,"event_name":"Big Fish","floor":5,"gold_loss":0,"cards_obtained":["Regret"]},{"damage_healed":0,"gold_gain":0,"player_choice":"Got Potions","damage_taken":0,"max_hp_gain":0,"max_hp_loss":0,"event_name":"Lab","floor":10,"gold_loss":0}],"is_beta":false,"boss_relics":[],"items_purged_floors":[],"is_endless":false,"potions_floor_spawned":[1,6,8],"killed_by":"Red Slaver","ascension_level":12}