{"gold_per_floor":[110,28,28,40,115,115,130,157,157,192,202,202,215,16,16,16],"floor_reached":16,"playtime":1344,"items_purged":["Strike_R"],"score":110,"play_id":"0aa9500e-1b18-43a3-9083-2287f2fdf7d8","local_time":"20190220193833","is_ascension_mode":false,"campfire_choices":[{"data":"Bash","floor":6,"key":"SMITH"},{"floor":12,"key":"REST"},{"data":"Armaments","floor":15,"key":"SMITH"}],"neow_cost":"NONE","seed_source_timestamp":620015272634,"circlet_count":0,"master_deck":["Strike_R","Strike_R","Strike_R","Strike_R","Defend_R","Defend_R","Defend_R","Defend_R","Bash+1","Dual Wield","Spot Weakness","Demon Form","Pommel Strike","Pommel Strike","Flame Barrier","Armaments+1"],"relics":["Burning Blood","Ginger","Thread and Needle","Mango"],"potions_floor_usage":[8,8,10,10,11],"damage_taken":[{"damage":5,"enemies":"Jaw Worm","floor":1,"turns":5},{"damage":11,"enemies":"2 Louse","floor":4,"turns":4},{"damage":10,"enemies":"Small Slimes","floor":7,"turns":3},{"damage":20,"enemies":"Gremlin Nob","floor":8,"turns":5},{"damage":41,"enemies":"3 Sentries","floor":10,"turns":5},{"damage":15,"enemies":"Exordium Thugs","floor":11,"turns":4},{"damage":16,"enemies":"Exordium Wildlife","floor":13,"turns":4},{"damage":38,"enemies":"The Guardian","floor":16,"turns":6}],"seed_played":"-5082089267604844595","potions_obtained":[{"floor":0,"key":"Fire Potion"},{"floor":0,"key":"PowerPotion"},{"floor":0,"key":"SkillPotion"},{"floor":4,"key":"EssenceOfSteel"},{"floor":8,"key":"LiquidBronze"},{"floor":10,"key":"Block Potion"}],"is_trial":false,"path_per_floor":["M","$","?","M","?","R","M","E","T","E","M","R","M","$","R","B"],"character_chosen":"IRONCLAD","items_purchased":["Spot Weakness","Flame Barrier","Armaments"],"campfire_rested":1,"item_purchase_floors":[2,14,14],"current_hp_per_floor":[80,80,80,75,64,64,60,46,46,25,16,44,34,34,34,0],"gold":16,"neow_bonus":"THREE_SMALL_POTIONS","is_prod":false,"is_daily":false,"chose_seed":false,"campfire_upgraded":2,"win_rate":0.0,"timestamp":1550716713,"path_taken":["M","$","?","M","?","R","M","E","T","E","M","R","M","$","R","BOSS"],"build_version":"2019-01-23","purchased_purges":1,"victory":false,"max_hp_per_floor":[80,80,80,80,80,80,80,80,80,94,94,94,94,94,94,94],"card_choices":[{"not_picked":["Anger","True Grit"],"picked":"Dual Wield","floor":1},{"not_picked":["Sword Boomerang","Warcry","Perfected Strike"],"picked":"SKIP","floor":4},{"not_picked":["Ghostly Armor","Metallicize"],"picked":"Demon Form","floor":7},{"not_picked":["Headbutt","Iron Wave"],"picked":"Pommel Strike","floor":8},{"not_picked":["Cleave","Dropkick","Fire Breathing"],"picked":"SKIP","floor":10},{"not_picked":["Iron Wave","Rupture","Cleave"],"picked":"SKIP","floor":11},{"not_picked":["Combust","Rage"],"picked":"Pommel Strike","floor":13}],"player_experience":36834,"relics_obtained":[{"floor":8,"key":"Ginger"},{"floor":9,"key":"Thread and Needle"},{"floor":10,"key":"Mango"}],"event_choices":[{"damage_healed":0,"gold_gain":0,"player_choice":"Ignored","damage_taken":0,"max_hp_gain":0,"max_hp_loss":0,"event_name":"Liars Game","floor":3,"gold_loss":0},{"damage_healed":0,"gold_gain":75,"player_choice":"Gather Gold","damage_taken":11,"max_hp_gain":0,"max_hp_loss":0,"event_name":"World of Goop","floor":5,"gold_loss":0}],"is_beta":false,"boss_relics":[],"items_purged_floors":[14],"is_endless":false,"potions_floor_spawned":[4,8,10],"killed_by":"The Guardian","ascension_level":0}