{"gold_per_floor":[114,131,145,145,65,99,109,109,109,141,154,189,189],"floor_reached":13,"playtime":449,"items_purged":[],"score":158,"play_id":"843654ae-6588-47ab-b9dc-286e8b6b5078","local_time":"20181122123926","is_ascension_mode":true,"campfire_choices":[{"floor":8.0,"key":"REST"}],"neow_cost":"NONE","seed_source_timestamp":400450097504734,"circlet_count":0,"master_deck":["AscendersBane","Defend_G","Defend_G","Defend_G","Defend_G","Defend_G","Strike_G","Strike_G","Strike_G","Strike_G","Survivor","Neutralize","Poisoned Stab","Crippling Poison","Setup","Footwork","Quick Slash","Catalyst","Dodge and Roll","Blur","Dodge and Roll"],"special_seed":0,"relics":["Ring of the Snake","NeowsBlessing","Mercury Hourglass","Tingsha","Du-Vu Doll","Meat on the Bone"],"potions_floor_usage":[12,12],"damage_taken":[{"damage":0.0,"enemies":"Cultist","floor":1.0,"turns":1.0},{"damage":0.0,"enemies":"2 Louse","floor":2.0,"turns":1.0},{"damage":0.0,"enemies":"Small Slimes","floor":3.0,"turns":1.0},{"damage":34.0,"enemies":"3 Sentries","floor":6.0,"turns":14.0},{"damage":5.0,"enemies":"Looter","floor":7.0,"turns":4.0},{"damage":15.0,"enemies":"Gremlin Nob","floor":10.0,"turns":4.0},{"damage":0.0,"enemies":"2 Fungi Beasts","floor":11.0,"turns":3.0},{"damage":18,"enemies":"Lagavulin","floor":12,"turns":7},{"damage":12,"enemies":"3 Louse","floor":13,"turns":2}],"seed_played":"773675614380985654","potions_obtained":[{"floor":6.0,"key":"EssenceOfSteel"},{"floor":7.0,"key":"GamblersBrew"},{"floor":10.0,"key":"PowerPotion"}],"is_trial":false,"path_per_floor":["M","M","M","?","$","E","M","R","T","E","M","E","M"],"character_chosen":"THE_SILENT","items_purchased":["Footwork"],"campfire_rested":1,"item_purchase_floors":[5],"current_hp_per_floor":[63,63,63,63,63,29,24,45,45,30,30,12,0],"gold":189,"neow_bonus":"THREE_ENEMY_KILL","is_prod":false,"is_daily":false,"chose_seed":false,"campfire_upgraded":0,"win_rate":0,"timestamp":1542886766,"path_taken":["M","M","?","?","$","E","M","R","T","E","?","E","?"],"build_version":"2018-11-15","purchased_purges":0,"victory":false,"max_hp_per_floor":[70,70,70,70,70,70,70,70,70,70,70,70,70],"card_choices":[{"not_picked":["Slice","Deadly Poison"],"picked":"Poisoned Stab","floor":1.0},{"not_picked":["Bouncing Flask","Dagger Throw"],"picked":"Crippling Poison","floor":2.0},{"not_picked":["Dagger Spray","Dagger Throw"],"picked":"Setup","floor":3.0},{"not_picked":["Acrobatics","Sucker Punch"],"picked":"Quick Slash","floor":6.0},{"not_picked":["Escape Plan","Leg Sweep"],"picked":"Catalyst","floor":7.0},{"not_picked":["Sucker Punch","Quick Slash"],"picked":"Dodge and Roll","floor":10.0},{"not_picked":["Deadly Poison","Distraction"],"picked":"Blur","floor":11.0},{"not_picked":["Setup","Prepared"],"picked":"Dodge and Roll","floor":12}],"player_experience":1214559,"relics_obtained":[{"floor":6.0,"key":"Mercury Hourglass"},{"floor":9.0,"key":"Tingsha"},{"floor":10.0,"key":"Du-Vu Doll"},{"floor":12,"key":"Meat on the Bone"}],"event_choices":[{"cards_removed":["Strike_G"],"damage_healed":0.0,"max_hp_gain":0.0,"max_hp_loss":0.0,"gold_gain":0.0,"event_name":"Bonfire Elementals","player_choice":"Offered Basic","floor":4.0,"gold_loss":0.0,"damage_taken":0.0}],"is_beta":false,"boss_relics":[],"items_purged_floors":[],"is_endless":false,"potions_floor_spawned":[6,7,10],"killed_by":"3 Louse","ascension_level":10}