{"gold_per_floor":[109,120,120,139,153,180,196,196,219,244,258,258,278,278,278,278],"floor_reached":16,"playtime":641,"items_purged":[],"score":228,"play_id":"7b2b1daf-6fdf-4130-a6ef-5bb17268a99c","local_time":"20181214021600","is_ascension_mode":true,"campfire_choices":[{"data":"Noxious Fumes","floor":8.0,"key":"SMITH"},{"floor":12.0,"key":"REST"},{"data":"Catalyst","floor":15.0,"key":"SMITH"}],"neow_cost":"NONE","seed_source_timestamp":442265367904031,"circlet_count":0,"master_deck":["AscendersBane","Defend_G","Defend_G","Defend_G","Defend_G","Defend_G","Strike_G","Strike_G","Strike_G","Strike_G","Strike_G","Survivor","Neutralize","Caltrops","Dagger Spray","Backflip","Noxious Fumes+1","Endless Agony","Noxious Fumes","Adrenaline","Catalyst+1"],"special_seed":0,"relics":["Ring of the Snake","FossilizedHelix","Orichalcum","Happy Flower","Omamori"],"potions_floor_usage":[],"damage_taken":[{"damage":0.0,"enemies":"Cultist","floor":1.0,"turns":4.0},{"damage":3.0,"enemies":"Small Slimes","floor":2.0,"turns":5.0},{"damage":0.0,"enemies":"2 Louse","floor":4.0,"turns":2.0},{"damage":7.0,"enemies":"Exordium Wildlife","floor":5.0,"turns":5.0},{"damage":16.0,"enemies":"3 Sentries","floor":6.0,"turns":9.0},{"damage":0.0,"enemies":"Lots of Slimes","floor":7.0,"turns":4.0},{"damage":12.0,"enemies":"Lagavulin","floor":10.0,"turns":9.0},{"damage":12.0,"enemies":"3 Louse","floor":11.0,"turns":3.0},{"damage":0.0,"enemies":"Exordium Wildlife","floor":13.0,"turns":2.0},{"damage":38,"enemies":"Slime Boss","floor":16,"turns":9}],"seed_played":"-4559079451253430084","potions_obtained":[{"floor":0.0,"key":"AttackPotion"},{"floor":0.0,"key":"EssenceOfSteel"},{"floor":4.0,"key":"Dexterity Potion"},{"floor":6.0,"key":"Dexterity Potion"}],"is_trial":false,"path_per_floor":["M","M","?","M","M","E","M","R","T","E","M","R","M","?","R","B"],"character_chosen":"THE_SILENT","items_purchased":[],"campfire_rested":1,"item_purchase_floors":[],"current_hp_per_floor":[59,56,56,56,49,33,33,33,33,21,9,28,28,28,28,0],"gold":278,"neow_bonus":"THREE_SMALL_POTIONS","is_prod":false,"is_daily":false,"chose_seed":false,"campfire_upgraded":2,"win_rate":0,"timestamp":1544771760,"path_taken":["M","M","?","?","M","E","M","R","T","E","M","R","?","?","R","BOSS"],"build_version":"2018-12-13","purchased_purges":0,"victory":false,"max_hp_per_floor":[66,66,66,66,66,66,66,66,66,66,66,66,66,66,66,66],"card_choices":[{"not_picked":["Prepared","Bane"],"picked":"Caltrops","floor":1.0},{"not_picked":["Acrobatics","Blade Dance"],"picked":"Dagger Spray","floor":2.0},{"not_picked":["Prepared","Flechettes"],"picked":"Backflip","floor":4.0},{"not_picked":["Dagger Throw","Bane"],"picked":"Noxious Fumes","floor":5.0},{"not_picked":["Choke","Acrobatics","Grand Finale"],"picked":"SKIP","floor":6.0},{"not_picked":["Cloak And Dagger","Bane"],"picked":"Endless Agony","floor":7.0},{"not_picked":["Poisoned Stab","Slice"],"picked":"Noxious Fumes","floor":10.0},{"not_picked":["Deflect","Masterful Stab"],"picked":"Adrenaline","floor":11.0},{"not_picked":["Concentrate","Underhanded Strike"],"picked":"Catalyst","floor":13.0}],"player_experience":1223532,"relics_obtained":[{"floor":6.0,"key":"Orichalcum"},{"floor":9.0,"key":"Happy Flower"},{"floor":10.0,"key":"Omamori"}],"event_choices":[{"damage_healed":0.0,"max_hp_gain":0.0,"max_hp_loss":0.0,"gold_gain":0.0,"event_name":"WeMeetAgain","player_choice":"Gave Potion","floor":3.0,"gold_loss":0.0,"damage_taken":0.0,"relics_obtained":["FossilizedHelix"]},{"damage_healed":0.0,"max_hp_gain":0.0,"max_hp_loss":0.0,"gold_gain":0.0,"event_name":"Liars Game","player_choice":"Ignored","floor":14.0,"gold_loss":0.0,"damage_taken":0.0}],"is_beta":true,"boss_relics":[],"items_purged_floors":[],"is_endless":false,"potions_floor_spawned":[1,2,4,6],"killed_by":"Slime Boss","ascension_level":20}