{"gold_per_floor":[112,124,140,150,73,73,84,84,84,94,110,110,122,87,87,185,185,197,214,214,231,7,7,21,37,64,82,82,117,117,129,129,226,226,239,249,260,13,13,13,13,13,13,24,24,24,49,49,49,49],"floor_reached":51,"playtime":7436,"items_purged":[],"score":860,"play_id":"f3b88ad6-2da0-4dbf-bd8a-21878855f41c","local_time":"20190220180101","is_ascension_mode":true,"campfire_choices":[{"data":"Noxious Fumes","floor":6.0,"key":"SMITH"},{"data":"Neutralize","floor":8.0,"key":"SMITH"},{"data":"1","floor":15.0,"key":"LIFT"},{"floor":30.0,"key":"REST"},{"data":"2","floor":32.0,"key":"LIFT"},{"data":"3","floor":40,"key":"LIFT"},{"floor":41,"key":"REST"},{"data":"Dodge and Roll","floor":46,"key":"SMITH"},{"floor":49,"key":"RECALL"}],"neow_cost":"NONE","seed_source_timestamp":0,"circlet_count":0,"master_deck":["Defend_G+1","Defend_G+1","Defend_G+1","Defend_G+1","Defend_G+1","Strike_G+1","Strike_G+1","Survivor+1","Neutralize+1","Dagger Spray+1","Dodge and Roll+1","Glass Knife+1","Noxious Fumes+1","Crippling Poison+1","Dagger Spray+1","Backstab+1","Doppelganger+1","Backflip+1","Well Laid Plans+1","Cloak And Dagger+1","Terror+1","Dash+1","Doppelganger+1","Dash+1","Injury","Leg Sweep+1","Blur+1","Caltrops+1","Riddle With Holes+1","Adrenaline+1","Expertise+1","Well Laid Plans+1","Footwork+1","Escape Plan+1","Doubt","Sucker Punch+1","Blur+1"],"special_seed":0,"relics":["Ring of the Snake","Girya","The Specimen","Cursed Key","PreservedInsect","Dream Catcher","WingedGreaves","Philosopher\u0027s Stone","Letter Opener","Molten Egg 2","Art of War","Mark of the Bloom"],"potions_floor_usage":[50,50,50],"damage_taken":[{"damage":0.0,"enemies":"Cultist","floor":1.0,"turns":5.0},{"damage":1.0,"enemies":"Jaw Worm","floor":2.0,"turns":5.0},{"damage":0.0,"enemies":"2 Louse","floor":3.0,"turns":2.0},{"damage":12.0,"enemies":"Large Slime","floor":4.0,"turns":7.0},{"damage":0.0,"enemies":"3 Louse","floor":7.0,"turns":4.0},{"damage":7.0,"enemies":"Gremlin Gang","floor":10.0,"turns":3.0},{"damage":0.0,"enemies":"Large Slime","floor":11.0,"turns":4.0},{"damage":0.0,"enemies":"3 Louse","floor":13.0,"turns":1.0},{"damage":21.0,"enemies":"Hexaghost","floor":16.0,"turns":8.0},{"damage":0.0,"enemies":"Spheric Guardian","floor":18.0,"turns":1.0},{"damage":1.0,"enemies":"Shell Parasite","floor":19.0,"turns":5.0},{"damage":12.0,"enemies":"Centurion and Healer","floor":21.0,"turns":5.0},{"damage":2.0,"enemies":"Snecko","floor":24.0,"turns":5.0},{"damage":6.0,"enemies":"Shelled Parasite and Fungi","floor":25.0,"turns":4.0},{"damage":14.0,"enemies":"Sentry and Sphere","floor":27.0,"turns":6.0},{"damage":27.0,"enemies":"Book of Stabbing","floor":29.0,"turns":6.0},{"damage":1.0,"enemies":"Snecko","floor":31.0,"turns":5.0},{"damage":17.0,"enemies":"Automaton","floor":33.0,"turns":11.0},{"damage":0.0,"enemies":"3 Darklings","floor":35.0,"turns":4.0},{"damage":2.0,"enemies":"3 Shapes","floor":36.0,"turns":4.0},{"damage":8.0,"enemies":"Spire Growth","floor":37.0,"turns":4.0},{"damage":3,"enemies":"Jaw Worm Horde","floor":44,"turns":4},{"damage":0,"enemies":"Nemesis","floor":47,"turns":7},{"damage":24,"enemies":"Time Eater","floor":50,"turns":11}],"seed_played":"3241919547154636541","potions_obtained":[{"floor":2.0,"key":"Regen Potion"},{"floor":3.0,"key":"Fire Potion"},{"floor":4.0,"key":"SneckoOil"},{"floor":7.0,"key":"LiquidBronze"},{"floor":16.0,"key":"Dexterity Potion"},{"floor":19.0,"key":"Weak Potion"},{"floor":21.0,"key":"FearPotion"},{"floor":24.0,"key":"EssenceOfSteel"},{"floor":31.0,"key":"Fire Potion"},{"floor":44,"key":"Regen Potion"},{"floor":47,"key":"Poison Potion"}],"is_trial":false,"path_per_floor":["M","M","M","M","$","R","M","R","T","M","M","?","M","?","R","B",null,"M","M","?","M","$","?","M","M","T","M","?","E","R","M","R","B",null,"M","M","M","$","?","R","R","?","T","M","?","R","E","?","R","B",null],"character_chosen":"THE_SILENT","items_purchased":["Noxious Fumes","PreservedInsect","Dash","Letter Opener"],"campfire_rested":2,"item_purchase_floors":[5,22,22,38],"current_hp_per_floor":[70,69,69,67,67,67,67,67,67,60,60,57,57,70,70,49,65,65,64,64,52,52,70,68,62,62,48,48,21,42,41,41,24,59,59,57,49,49,49,49,70,66,66,63,63,63,63,63,63,39],"gold":49,"neow_bonus":"REMOVE_CARD","is_prod":false,"is_daily":false,"chose_seed":false,"campfire_upgraded":3,"win_rate":0,"timestamp":1550703661,"path_taken":["M","M","?","?","?","R","M","R","T","M","M","?","M","?","R","BOSS","M","M","?","M","$","?","M","?","T","M","?","E","R","M","R","BOSS","M","M","M","$","?","R","R","?","T","M","?","R","E","?","R","BOSS"],"build_version":"2019-01-23","purchased_purges":0,"victory":true,"max_hp_per_floor":[70,70,70,70,70,70,70,70,70,70,70,70,70,70,70,70,70,70,70,70,70,70,70,70,70,70,70,70,70,70,70,70,70,70,70,70,70,70,70,70,70,66,66,66,66,66,66,66,66,66],"card_choices":[{"not_picked":["Underhanded Strike","Prepared"],"picked":"Dagger Spray","floor":1.0},{"not_picked":["Flying Knee","Caltrops"],"picked":"Dodge and Roll","floor":2.0},{"not_picked":["Eviscerate","Calculated Gamble"],"picked":"Glass Knife","floor":3.0},{"not_picked":["Outmaneuver","Poisoned Stab","Masterful Stab"],"picked":"SKIP","floor":4.0},{"not_picked":["Dodge and Roll","Deadly Poison"],"picked":"Crippling Poison","floor":7.0},{"not_picked":["Flying Knee","Outmaneuver"],"picked":"Finisher","floor":10.0},{"not_picked":["Distraction","Accuracy"],"picked":"Dagger Spray","floor":11.0},{"not_picked":["Outmaneuver","Flechettes"],"picked":"Backstab","floor":13.0},{"not_picked":["Glass Knife","Tools of the Trade"],"picked":"Doppelganger","floor":16.0},{"not_picked":["Quick Slash","Underhanded Strike"],"picked":"Backflip+1","floor":18.0},{"not_picked":["Dagger Spray","Deflect+1"],"picked":"Well Laid Plans","floor":19.0},{"not_picked":["Poisoned Stab+1","Dodge and Roll"],"picked":"Terror+1","floor":21.0},{"not_picked":["Dagger Throw","Heel Hook"],"picked":"Doppelganger","floor":24.0},{"not_picked":["Blade Dance","Backflip"],"picked":"Dash","floor":25.0},{"not_picked":["Accuracy","Flying Knee"],"picked":"Leg Sweep+1","floor":27.0},{"not_picked":["Outmaneuver+1","Blade Dance+1"],"picked":"Blur","floor":29.0},{"not_picked":["Outmaneuver","Masterful Stab"],"picked":"Caltrops","floor":30.0},{"not_picked":["Terror","Dagger Spray"],"picked":"Riddle With Holes+1","floor":31.0},{"not_picked":["Unload","Phantasmal Killer"],"picked":"Adrenaline","floor":33.0},{"not_picked":["Reflex+1","Deflect"],"picked":"Expertise","floor":35.0},{"not_picked":["Underhanded Strike","Terror+1"],"picked":"Well Laid Plans+1","floor":36.0},{"not_picked":["Caltrops","Setup"],"picked":"Footwork+1","floor":37},{"not_picked":["Heel Hook+1","Prepared"],"picked":"Escape Plan+1","floor":41},{"not_picked":["Concentrate+1","Quick Slash+1"],"picked":"Sucker Punch+1","floor":44},{"not_picked":["Accuracy+1","Expertise"],"picked":"Blur+1","floor":47}],"player_experience":283471,"relics_obtained":[{"floor":9.0,"key":"Girya"},{"floor":26.0,"key":"Dream Catcher"},{"floor":29.0,"key":"WingedGreaves"},{"floor":43,"key":"Molten Egg 2"},{"floor":47,"key":"Art of War"}],"event_choices":[{"damage_healed":0.0,"max_hp_gain":0.0,"max_hp_loss":0.0,"gold_gain":0.0,"event_name":"Scrap Ooze","player_choice":"Success","floor":12.0,"gold_loss":0.0,"damage_taken":3.0,"relics_obtained":["The Specimen"]},{"damage_healed":17.0,"max_hp_gain":0.0,"max_hp_loss":0.0,"gold_gain":0.0,"event_name":"The Cleric","player_choice":"Healed","floor":14.0,"gold_loss":35.0,"damage_taken":0.0},{"damage_healed":0.0,"max_hp_gain":0.0,"max_hp_loss":0.0,"gold_gain":0.0,"event_name":"The Library","player_choice":"Read","floor":20.0,"gold_loss":0.0,"damage_taken":0.0,"cards_obtained":["Cloak And Dagger"]},{"cards_removed":["Finisher"],"damage_healed":18.0,"max_hp_gain":0.0,"max_hp_loss":0.0,"gold_gain":0.0,"event_name":"Bonfire Elementals","player_choice":"Offered Uncommon","floor":23.0,"gold_loss":0.0,"damage_taken":0.0},{"cards_removed":["Strike_G"],"damage_healed":0.0,"max_hp_gain":0.0,"max_hp_loss":0.0,"gold_gain":0.0,"event_name":"Back to Basics","player_choice":"Elegance","floor":28.0,"gold_loss":0.0,"damage_taken":0.0},{"cards_removed":["Strike_G"],"damage_healed":0,"gold_gain":0,"player_choice":"Removed Attack","damage_taken":0,"max_hp_gain":0,"max_hp_loss":0,"event_name":"Falling","floor":39,"gold_loss":0},{"damage_healed":0,"gold_gain":0,"player_choice":"Max HP","damage_taken":0,"max_hp_gain":0,"max_hp_loss":4,"event_name":"Winding Halls","floor":42,"gold_loss":0},{"damage_healed":0,"gold_gain":0,"player_choice":"Ignored","damage_taken":0,"max_hp_gain":0,"max_hp_loss":0,"event_name":"Tomb of Lord Red Mask","floor":45,"gold_loss":0},{"damage_healed":0,"gold_gain":0,"player_choice":"Upgrade","damage_taken":0,"relics_obtained":["Mark of the Bloom"],"max_hp_gain":0,"max_hp_loss":0,"event_name":"MindBloom","floor":48,"gold_loss":0,"cards_upgraded":["Defend_G","Defend_G","Defend_G","Defend_G","Defend_G","Strike_G","Strike_G","Survivor","Dagger Spray","Glass Knife","Crippling Poison","Dagger Spray","Backstab","Doppelganger","Well Laid Plans","Cloak And Dagger","Dash","Doppelganger","Dash","Blur","Caltrops","Adrenaline","Expertise"]}],"is_beta":false,"boss_relics":[{"not_picked":["Orrery","Ring of the Serpent"],"picked":"Cursed Key"},{"not_picked":["Astrolabe","HoveringKite"],"picked":"Philosopher\u0027s Stone"}],"items_purged_floors":[],"is_endless":false,"potions_floor_spawned":[2,3,4,7,16,19,21,24,27,31,44,47],"ascension_level":5}