{"gold_per_floor":[218,234,234,248,248,248,267,267,291,291,42,67,80,80,80,185,185,199,114,35,35,47,81,81,81,81,81,101,101,101,119,119,119],"floor_reached":33,"playtime":2367,"items_purged":["Strike_B"],"score":411,"play_id":"d8eebeb6-48f2-4c23-974f-d33729ffdab1","local_time":"20190202143730","is_ascension_mode":true,"campfire_choices":[{"data":"Dualcast","floor":6.0,"key":"SMITH"},{"data":"Zap","floor":8.0,"key":"SMITH"},{"data":"Cold Snap","floor":10.0,"key":"SMITH"},{"floor":15.0,"key":"REST"},{"data":"Mayhem","floor":24.0,"key":"SMITH"},{"data":"Seek","floor":27.0,"key":"SMITH"},{"data":"Capacitor","floor":32.0,"key":"SMITH"}],"neow_cost":"NONE","seed_source_timestamp":1681917394271009,"circlet_count":0,"master_deck":["AscendersBane","Strike_B","Defend_B+1","Defend_B+1","Defend_B","Defend_B","Zap+1","Dualcast+1","Loop+1","Cold Snap+1","Ball Lightning","Ball Lightning","Mayhem+1","Conserve Battery","Seek+1","Steam+1","Capacitor+1","Coolheaded","Conserve Battery+1","Go for the Eyes+1"],"special_seed":0,"relics":["Cracked Core","PreservedInsect","War Paint","Bag of Marbles","Coffee Dripper","Torii","Dream Catcher","Singing Bowl","Blue Candle"],"potions_floor_usage":[33],"damage_taken":[{"damage":4.0,"enemies":"2 Louse","floor":1.0,"turns":3.0},{"damage":1.0,"enemies":"Cultist","floor":2.0,"turns":3.0},{"damage":10.0,"enemies":"Small Slimes","floor":4.0,"turns":3.0},{"damage":1.0,"enemies":"Exordium Thugs","floor":7.0,"turns":3.0},{"damage":18.0,"enemies":"Gremlin Nob","floor":12.0,"turns":3.0},{"damage":0.0,"enemies":"2 Fungi Beasts","floor":13.0,"turns":2.0},{"damage":7.0,"enemies":"The Guardian","floor":16.0,"turns":7.0},{"damage":16.0,"enemies":"3 Byrds","floor":18.0,"turns":4.0},{"damage":2.0,"enemies":"Shell Parasite","floor":22.0,"turns":5.0},{"damage":23.0,"enemies":"Slavers","floor":23.0,"turns":4.0},{"damage":0.0,"enemies":"Chosen and Byrds","floor":25.0,"turns":1.0},{"damage":9.0,"enemies":"Snake Plant","floor":28.0,"turns":5.0},{"damage":11.0,"enemies":"Snecko","floor":31.0,"turns":6.0},{"damage":33,"enemies":"Automaton","floor":33,"turns":6}],"seed_played":"-8068267571942430683","potions_obtained":[{"floor":4.0,"key":"Fire Potion"},{"floor":13.0,"key":"SmokeBomb"},{"floor":18.0,"key":"FearPotion"},{"floor":28.0,"key":"Strength Potion"}],"is_trial":false,"path_per_floor":["M","M","?","M","?","R","M","R","T","R","$","E","M","?","R","B",null,"M","?","$","?","M","E","R","M","T","R","M","?","?","M","R","B"],"character_chosen":"DEFECT","items_purchased":["Mayhem","Capacitor"],"campfire_rested":1,"item_purchase_floors":[11,20],"current_hp_per_floor":[64,63,63,53,53,53,52,52,52,52,52,34,34,34,56,49,69,53,53,53,53,51,28,28,28,28,28,19,19,44,33,33,0],"gold":119,"neow_bonus":"HUNDRED_GOLD","is_prod":false,"is_daily":false,"chose_seed":false,"campfire_upgraded":6,"win_rate":0,"timestamp":1549085850,"path_taken":["M","M","?","?","?","R","?","R","T","R","$","E","M","?","R","BOSS","M","?","$","?","M","E","R","?","T","R","M","?","?","M","R","BOSS"],"build_version":"2019-01-23","purchased_purges":1,"victory":false,"max_hp_per_floor":[75,75,75,75,75,75,75,75,75,75,75,75,75,75,75,75,75,75,75,75,75,75,75,75,75,75,75,75,75,75,75,75,75],"card_choices":[{"not_picked":["Steam","Undo"],"picked":"Loop","floor":1.0},{"not_picked":["Compile Driver","Rip and Tear"],"picked":"Cold Snap","floor":2.0},{"not_picked":["Redo","Stack"],"picked":"Ball Lightning","floor":4.0},{"not_picked":["Double Energy","Steam"],"picked":"Ball Lightning","floor":7.0},{"not_picked":["Streamline","Recycle","Darkness"],"picked":"SKIP","floor":12.0},{"not_picked":["Scrape","Consume"],"picked":"Conserve Battery","floor":13.0},{"not_picked":["Machine Learning","Core Surge"],"picked":"Seek","floor":16.0},{"not_picked":["Beam Cell","Compile Driver+1"],"picked":"Steam+1","floor":18.0},{"not_picked":["Redo","Turbo"],"picked":"Coolheaded","floor":22.0},{"not_picked":["Sweeping Beam","Redo","Static Discharge"],"picked":"SKIP","floor":23.0},{"not_picked":["Tempest","Static Discharge"],"picked":"Conserve Battery+1","floor":28.0},{"not_picked":["Streamline","White Noise"],"picked":"Go for the Eyes+1","floor":31.0}],"player_experience":505187,"relics_obtained":[{"floor":9.0,"key":"PreservedInsect"},{"floor":12.0,"key":"War Paint"},{"floor":23.0,"key":"Dream Catcher"},{"floor":26.0,"key":"Singing Bowl"}],"event_choices":[{"damage_healed":0.0,"max_hp_gain":0.0,"max_hp_loss":0.0,"gold_gain":0.0,"event_name":"Accursed Blacksmith","player_choice":"Forge","floor":3.0,"gold_loss":0.0,"damage_taken":0.0,"cards_upgraded":["Loop"]},{"cards_removed":["Strike_B"],"damage_healed":0.0,"max_hp_gain":0.0,"max_hp_loss":0.0,"gold_gain":0.0,"event_name":"Purifier","player_choice":"Purged","floor":5.0,"gold_loss":0.0,"damage_taken":0.0},{"damage_healed":0.0,"max_hp_gain":0.0,"max_hp_loss":0.0,"gold_gain":0.0,"event_name":"Dead Adventurer","player_choice":"Searched \u00272\u0027 times","floor":14.0,"gold_loss":0.0,"damage_taken":0.0,"relics_obtained":["Bag of Marbles"]},{"damage_healed":0.0,"max_hp_gain":0.0,"max_hp_loss":0.0,"gold_gain":0.0,"event_name":"Addict","player_choice":"Obtained Relic","floor":19.0,"gold_loss":85.0,"damage_taken":0.0,"relics_obtained":["Torii"]},{"cards_removed":["Strike_B"],"damage_healed":0.0,"max_hp_gain":0.0,"max_hp_loss":0.0,"gold_gain":0.0,"event_name":"Bonfire Elementals","player_choice":"Offered Basic","floor":21.0,"gold_loss":0.0,"damage_taken":0.0},{"damage_healed":0.0,"max_hp_gain":0.0,"max_hp_loss":0.0,"gold_gain":0.0,"event_name":"The Mausoleum","player_choice":"Opened","floor":29.0,"gold_loss":0.0,"damage_taken":0.0,"relics_obtained":["Blue Candle"]},{"damage_healed":25.0,"max_hp_gain":0.0,"max_hp_loss":0.0,"gold_gain":0.0,"event_name":"The Library","player_choice":"Heal","floor":30.0,"gold_loss":0.0,"damage_taken":0.0}],"is_beta":false,"boss_relics":[{"not_picked":["FrozenCore","Fusion Hammer"],"picked":"Coffee Dripper"}],"items_purged_floors":[11],"is_endless":false,"potions_floor_spawned":[4,13,18,28],"killed_by":"Automaton","ascension_level":11}