{"path_per_floor":["M","M","?","?","M","E","$","R","T","?","E","M","R","M","R","B",null,"M","M","M","M","?","E","$","R","T","R","?","?","E","?","R","B",null,"M","?","M","T","M","R","E","M","T","M","R","M","E","$","R","B"],"character_chosen":"DEFECT","items_purchased":["DataDisk","Stack","Bottled Tornado","Beam Cell","Enlightenment","Ginger","Block Potion","Dramatic Entrance","Madness"],"gold_per_floor":[110,128,128,128,149,190,10,10,61,91,122,137,137,153,153,274,274,298,317,337,351,351,390,119,119,119,119,119,157,188,287,287,416,416,430,430,443,469,483,483,518,543,543,561,561,577,621,45,45,45],"floor_reached":51,"campfire_rested":4,"playtime":4449,"item_purchase_floors":[7,7,24,24,48,48,48,48,48],"current_hp_per_floor":[75,75,75,57,57,29,29,53,53,53,49,49,49,49,49,7,82,78,75,75,63,63,29,29,53,53,53,53,53,53,53,53,3,82,82,82,70,70,68,78,37,37,37,33,69,28,21,21,62,9],"items_purged":["Writhe"],"gold":45,"score":951,"play_id":"6ea97fe4-005b-4b54-893c-009dbed53635","local_time":"20180618221851","is_prod":false,"is_daily":false,"chose_seed":false,"is_ascension_mode":true,"campfire_upgraded":2,"win_rate":0,"timestamp":1529353131,"campfire_choices":[{"floor":8,"key":"REST"},{"data":"Dualcast","floor":13,"key":"SMITH"},{"data":"Loop","floor":15,"key":"SMITH"},{"floor":25,"key":"REST"},{"data":"1","floor":27,"key":"LIFT"},{"data":"2","floor":32,"key":"LIFT"},{"data":"3","floor":40,"key":"LIFT"},{"floor":45,"key":"REST"},{"floor":49,"key":"REST"}],"path_taken":["M","?","?","?","?","E","?","R","T","?","E","M","R","M","R","BOSS","M","M","?","M","?","E","$","R","T","R","?","?","E","?","R","BOSS","M","?","M","?","M","R","E","M","T","?","R","M","E","$","R","BOSS"],"build_version":"2018-06-14v2","seed_source_timestamp":444418116140302,"purchased_purges":1,"victory":true,"master_deck":["Strike_B+1","Strike_B+1","Strike_B+1","Defend_B+1","Defend_B+1","Defend_B+1","Defend_B+1","Zap","Dualcast+1","Ball Lightning","Sweeping Beam","Leap","Loop+1","Reboot","Seek+1","Conserve Battery+1","Electrodynamics+1","Rip and Tear","Sunder+1","Darkness+1","Rainbow","Beam Cell","FTL+1","Hologram+1","Thunder Strike","Coolheaded+1","Ball Lightning+1","Auto Shields","Go for the Eyes+1","Redo+1","Ball Lightning+1","Leap","Enlightenment","Dramatic Entrance","Madness"],"max_hp_per_floor":[75,75,75,75,75,82,82,82,82,82,82,82,82,82,82,82,82,82,82,82,82,82,82,82,82,82,82,82,82,82,82,82,82,82,82,82,82,82,82,82,82,82,82,82,82,82,92,92,92,92],"relics":["Cracked Core","NeowsBlessing","Golden Idol","Strawberry","DataDisk","Anchor","Toolbox","Bronze Scales","Astrolabe","Happy Flower","The Courier","Bottled Tornado","Girya","Red Mask","Orichalcum","Eternal Feather","Bag of Preparation","Vajra","Bottled Lightning","Pear","Ginger"],"card_choices":[{"not_picked":["Tempest","Rebound"],"picked":"Ball Lightning","floor":1},{"not_picked":["Reprogram","Hello World"],"picked":"Sweeping Beam","floor":2},{"not_picked":["Cold Snap","Self Repair"],"picked":"Ball Lightning","floor":5},{"not_picked":["Sweeping Beam","Stack"],"picked":"Rebound","floor":6},{"not_picked":["Heatsinks","Compile Driver"],"picked":"Sweeping Beam","floor":11},{"not_picked":["Gash","Multi-Cast"],"picked":"Leap","floor":12},{"not_picked":["Darkness","Conserve Battery"],"picked":"Loop","floor":14},{"not_picked":["Core Surge","Amplify"],"picked":"Reboot","floor":16},{"not_picked":["Leap","Gash","Streamline+1"],"picked":"SKIP","floor":18},{"not_picked":["Sweeping Beam","Steam Power"],"picked":"Rip and Tear","floor":19},{"not_picked":["Conserve Battery","Redo"],"picked":"Sunder+1","floor":20},{"not_picked":["Coolheaded","Rebound"],"picked":"Darkness+1","floor":21},{"not_picked":["Rebound","Cold Snap"],"picked":"Rainbow","floor":23},{"not_picked":["Storm","Gash"],"picked":"FTL+1","floor":29},{"not_picked":["Meteor Strike","Leap"],"picked":"Hologram+1","floor":30},{"not_picked":["Biased Cognition","Core Surge"],"picked":"Thunder Strike","floor":33},{"not_picked":["Sweeping Beam+1","Heatsinks+1"],"picked":"Coolheaded+1","floor":35},{"not_picked":["Rebound","Force Field"],"picked":"Ball Lightning+1","floor":37},{"not_picked":["Coolheaded+1","Leap+1"],"picked":"Auto Shields","floor":39},{"not_picked":["Force Field","White Noise","Barrage"],"picked":"SKIP","floor":41},{"not_picked":["Sweeping Beam","Hyperbeam"],"picked":"Go for the Eyes+1","floor":42},{"not_picked":["Heatsinks","Darkness"],"picked":"Redo+1","floor":44},{"not_picked":["Streamline","Tempest+1"],"picked":"Ball Lightning+1","floor":46},{"not_picked":["Go for the Eyes","Static Discharge"],"picked":"Leap","floor":47}],"player_experience":739759,"potions_floor_usage":[11,16,21,33,47,50,50],"damage_taken":[{"damage":0,"enemies":"Cultist","floor":1,"turns":1},{"damage":0,"enemies":"2 Louse","floor":2,"turns":1},{"damage":0,"enemies":"Small Slimes","floor":5,"turns":1},{"damage":35,"enemies":"Lagavulin","floor":6,"turns":7},{"damage":4,"enemies":"Gremlin Nob","floor":11,"turns":3},{"damage":0,"enemies":"Looter","floor":12,"turns":2},{"damage":0,"enemies":"Lots of Slimes","floor":14,"turns":2},{"damage":42,"enemies":"Slime Boss","floor":16,"turns":7},{"damage":4,"enemies":"2 Thieves","floor":18,"turns":3},{"damage":3,"enemies":"Chosen","floor":19,"turns":3},{"damage":0,"enemies":"Centurion and Healer","floor":20,"turns":4},{"damage":12,"enemies":"3 Cultists","floor":21,"turns":4},{"damage":34,"enemies":"Book of Stabbing","floor":23,"turns":4},{"damage":0,"floor":29,"turns":2},{"damage":0,"enemies":"Gremlin Leader","floor":30,"turns":4},{"damage":50,"enemies":"Automaton","floor":33,"turns":7},{"damage":0,"enemies":"3 Shapes","floor":35,"turns":2},{"damage":12,"enemies":"3 Darklings","floor":37,"turns":3},{"damage":2,"enemies":"4 Shapes","floor":39,"turns":2},{"damage":41,"enemies":"2 Orb Walkers","floor":41,"turns":3},{"damage":0,"enemies":"Sphere and 2 Shapes","floor":42,"turns":3},{"damage":4,"enemies":"3 Darklings","floor":44,"turns":2},{"damage":41,"enemies":"Maw","floor":46,"turns":5},{"damage":32,"enemies":"Giant Head","floor":47,"turns":6},{"damage":67,"enemies":"Time Eater","floor":50,"turns":10}],"relics_obtained":[{"floor":6,"key":"Strawberry"},{"floor":9,"key":"Anchor"},{"floor":11,"key":"Bronze Scales"},{"floor":23,"key":"The Courier"},{"floor":26,"key":"Girya"},{"floor":29,"key":"Red Mask"},{"floor":30,"key":"Orichalcum"},{"floor":38,"key":"Bag of Preparation"},{"floor":41,"key":"Vajra"},{"floor":43,"key":"Bottled Lightning"},{"floor":47,"key":"Pear"}],"event_choices":[{"event_name":"Bonfire Elementals","player_choice":"BASIC","floor":3,"damage_taken":0},{"event_name":"Golden Idol","player_choice":"Take Damage","floor":4,"damage_taken":0},{"event_name":"Dead Adventurer","player_choice":"Searched \u00273\u0027 times","floor":10,"damage_taken":0},{"event_name":"The Mausoleum","player_choice":"Yes","floor":22,"damage_taken":0},{"event_name":"Back to Basics","player_choice":"Simplicity","floor":28,"damage_taken":0},{"event_name":"Masked Bandits","player_choice":"Fought over 119 gold","floor":29,"damage_taken":0},{"event_name":"Nest","player_choice":"Stole From Cult","floor":31,"damage_taken":0},{"event_name":"Falling","player_choice":"Removed Attack","floor":36,"damage_taken":0}],"boss_relics":[{"not_picked":["Philosopher\u0027s Stone","Velvet Choker"],"picked":"Astrolabe"},{"not_picked":["Fusion Hammer","Runic Pyramid"],"picked":"Eternal Feather"}],"items_purged_floors":[24],"is_endless":false,"potions_floor_spawned":[1,6,16,18,29,30,35,39,42,46],"seed_played":"-5429816704068603411","ascension_level":4,"potions_obtained":[{"floor":1,"key":"Swift Potion"},{"floor":6,"key":"EssenceOfSteel"},{"floor":16,"key":"Poison Potion"},{"floor":18,"key":"Fire Potion"},{"floor":29,"key":"EssenceOfSteel"},{"floor":30,"key":"Ancient Potion"},{"floor":35,"key":"FairyPotion"},{"floor":42,"key":"Regen Potion"},{"floor":46,"key":"Weak Potion"}],"is_trial":false}