{"gold_per_floor":[114,126,137,137,155,155,183,203,203,203,203,217,247,247,247,322,322,341,130,147,42,42,54,54,54,122,0,0,0,20,55,55,55],"floor_reached":33,"playtime":1502,"items_purged":[],"score":565,"play_id":"58d59e31-5e35-4d01-bb2f-39f0559a41a2","local_time":"20190219164927","is_ascension_mode":true,"campfire_choices":[{"data":"Fiend Fire","floor":6,"key":"SMITH"},{"floor":10,"key":"REST"},{"floor":15,"key":"REST"},{"floor":24,"key":"REST"},{"data":"Metallicize","floor":29,"key":"SMITH"},{"floor":32,"key":"REST"}],"neow_cost":"TEN_PERCENT_HP_LOSS","seed_source_timestamp":15279883965745858,"circlet_count":0,"master_deck":["AscendersBane","Strike_R","Strike_R","Strike_R","Strike_R","Strike_R","Defend_R","Defend_R","Defend_R","Bash","Fiend Fire+1","Shrug It Off","Feel No Pain","Iron Wave+1","Shrug It Off","Pommel Strike+1","Metallicize+1","Immolate","Seeing Red","Second Wind","Inflame","Evolve","Corruption"],"relics":["Burning Blood","FaceOfCleric","Strawberry","Pantograph","Darkstone Periapt","Mark of Pain","Lee\u0027s Waffle","Molten Egg 2","Bottled Tornado"],"potions_floor_usage":[7,7,12,12,18,22,30,33],"damage_taken":[{"damage":11,"enemies":"2 Louse","floor":1,"turns":3},{"damage":0,"enemies":"Cultist","floor":2,"turns":3},{"damage":0,"enemies":"Small Slimes","floor":3,"turns":2},{"damage":15,"enemies":"3 Louse","floor":5,"turns":5},{"damage":38,"enemies":"Lagavulin","floor":7,"turns":6},{"damage":1,"enemies":"2 Fungi Beasts","floor":8,"turns":4},{"damage":0,"enemies":"Looter","floor":12,"turns":2},{"damage":50,"enemies":"Gremlin Nob","floor":13,"turns":5},{"damage":55,"enemies":"The Guardian","floor":16,"turns":20},{"damage":18,"enemies":"Chosen","floor":18,"turns":5},{"damage":23,"enemies":"Shell Parasite","floor":20,"turns":4},{"damage":0,"enemies":"Snake Plant","floor":22,"turns":1},{"damage":38,"enemies":"Chosen and Byrds","floor":23,"turns":11},{"damage":28,"enemies":"Centurion and Healer","floor":30,"turns":5},{"damage":41,"enemies":"Book of Stabbing","floor":31,"turns":5},{"damage":100,"enemies":"Champ","floor":33,"turns":11}],"seed_played":"-6096361158734976328","potions_obtained":[{"floor":2,"key":"FearPotion"},{"floor":5,"key":"LiquidBronze"},{"floor":7,"key":"EssenceOfSteel"},{"floor":12,"key":"Fruit Juice"},{"floor":16,"key":"FearPotion"},{"floor":23,"key":"Fire Potion"},{"floor":31,"key":"SkillPotion"}],"is_trial":false,"path_per_floor":["M","M","M","?","M","R","E","M","T","R","?","M","E","?","R","B",null,"M","$","M","$","M","M","R","$","T","?","?","R","M","E","R","B"],"character_chosen":"IRONCLAD","items_purchased":["Lee\u0027s Waffle","SmokeBomb"],"campfire_rested":4,"item_purchase_floors":[19,21],"current_hp_per_floor":[63,68,68,68,60,60,36,42,42,65,65,77,34,34,59,36,74,63,94,78,78,85,54,83,83,83,83,83,83,62,28,57,0],"gold":55,"neow_bonus":"THREE_RARE_CARDS","is_prod":false,"is_daily":false,"chose_seed":false,"campfire_upgraded":2,"win_rate":0,"timestamp":1550591367,"path_taken":["M","M","M","?","?","R","E","M","T","R","?","?","E","?","R","BOSS","M","$","M","$","M","M","R","$","T","?","?","R","?","E","R","BOSS"],"build_version":"2019-01-23","purchased_purges":0,"victory":false,"max_hp_per_floor":[68,68,68,68,69,69,77,78,78,78,78,84,85,85,85,86,86,87,94,95,95,96,97,97,97,97,97,97,97,98,99,99,99],"card_choices":[{"not_picked":["Brutality","Berserk"],"picked":"Fiend Fire","floor":0},{"not_picked":["Clothesline","Armaments"],"picked":"Shrug It Off","floor":1},{"not_picked":["Reckless Charge","Anger"],"picked":"Feel No Pain","floor":2},{"not_picked":["Dual Wield","Clothesline"],"picked":"Iron Wave","floor":3},{"not_picked":["Clash","Intimidate"],"picked":"Shrug It Off","floor":5},{"not_picked":["Body Slam","Sever Soul","Anger"],"picked":"SKIP","floor":7},{"not_picked":["True Grit","Infernal Blade"],"picked":"Pommel Strike","floor":8},{"not_picked":["Havoc","Shockwave","Burning Pact"],"picked":"SKIP","floor":12},{"not_picked":["Heavy Blade","Warcry"],"picked":"Metallicize","floor":13},{"not_picked":["Brutality","Exhume"],"picked":"Immolate","floor":16},{"not_picked":["Body Slam","Sword Boomerang"],"picked":"Seeing Red","floor":18},{"not_picked":["Body Slam","Shockwave"],"picked":"Second Wind","floor":20},{"not_picked":["Uppercut","Clash+1"],"picked":"Inflame","floor":23},{"not_picked":["Entrench","Flex"],"picked":"Evolve","floor":30},{"not_picked":["Fire Breathing","Iron Wave+1"],"picked":"Corruption","floor":31}],"player_experience":416733,"relics_obtained":[{"floor":7,"key":"Strawberry"},{"floor":9,"key":"Pantograph"},{"floor":13,"key":"Darkstone Periapt"},{"floor":26,"key":"Molten Egg 2"},{"floor":31,"key":"Bottled Tornado"}],"event_choices":[{"damage_healed":0,"gold_gain":0,"player_choice":"Trade","damage_taken":0,"relics_obtained":["FaceOfCleric"],"max_hp_gain":0,"max_hp_loss":0,"event_name":"FaceTrader","floor":4,"gold_loss":0},{"cards_removed":["Defend_R"],"damage_healed":0,"gold_gain":0,"player_choice":"Purged","damage_taken":0,"max_hp_gain":0,"max_hp_loss":0,"event_name":"Purifier","floor":11,"gold_loss":0},{"damage_healed":0,"gold_gain":0,"player_choice":"Upgraded","damage_taken":0,"max_hp_gain":0,"max_hp_loss":0,"event_name":"Upgrade Shrine","floor":14,"gold_loss":0,"cards_upgraded":["Iron Wave"]},{"damage_healed":0,"gold_gain":0,"player_choice":"Paid Fearfully","damage_taken":0,"max_hp_gain":0,"max_hp_loss":0,"event_name":"Masked Bandits","floor":27,"gold_loss":122},{"damage_healed":0,"gold_gain":0,"player_choice":"Forge","damage_taken":0,"max_hp_gain":0,"max_hp_loss":0,"event_name":"Accursed Blacksmith","floor":28,"gold_loss":0,"cards_upgraded":["Pommel Strike"]}],"is_beta":false,"boss_relics":[{"not_picked":["Astrolabe","Philosopher\u0027s Stone"],"picked":"Mark of Pain"}],"items_purged_floors":[],"is_endless":false,"potions_floor_spawned":[2,5,7,12,16,23,31],"killed_by":"Champ","ascension_level":19}