{"gold_per_floor":[114,127,52,70,90,90,90,90,90,90,106,121,156,168,168,269,269,252,252,152,152,165,83,96,96,123,123],"floor_reached":27,"playtime":2099,"items_purged":["Strike_R","Defend_R"],"score":301,"play_id":"23439865-611f-45e3-bfef-b50400fa8250","local_time":"20190117195349","is_ascension_mode":true,"campfire_choices":[{"data":"Iron Wave","floor":6,"key":"SMITH"},{"data":"True Grit","floor":8,"key":"SMITH"},{"data":"Shrug It Off","floor":10,"key":"SMITH"},{"floor":15,"key":"REST"}],"neow_cost":"NONE","seed_source_timestamp":12439147870917793,"circlet_count":0,"master_deck":["Strike_R","Strike_R","Strike_R","Strike_R","Defend_R","Defend_R","Defend_R","Bash","True Grit+1","Shrug It Off+1","Shrug It Off","Iron Wave+1","Spot Weakness","Demon Form+1","Dropkick+1","Writhe","Trip"],"relics":["Burning Blood","Torii","Turnip","Philosopher\u0027s Stone","Champion Belt","Potion Belt"],"potions_floor_usage":[14,16,27],"damage_taken":[{"damage":1,"enemies":"Cultist","floor":1,"turns":3},{"damage":9,"enemies":"2 Louse","floor":2,"turns":3},{"damage":2,"enemies":"Jaw Worm","floor":4,"turns":7},{"damage":3,"enemies":"Red Slaver","floor":5,"turns":5},{"damage":0,"enemies":"Exordium Wildlife","floor":11,"turns":7},{"damage":14,"enemies":"Large Slime","floor":12,"turns":11},{"damage":39,"enemies":"Lagavulin","floor":13,"turns":11},{"damage":7,"enemies":"Exordium Thugs","floor":14,"turns":7},{"damage":7,"enemies":"The Guardian","floor":16,"turns":10},{"damage":8,"enemies":"2 Thieves","floor":18,"turns":4},{"damage":24,"enemies":"3 Byrds","floor":22,"turns":6},{"damage":20,"enemies":"Snake Plant","floor":24,"turns":4},{"damage":73,"enemies":"Gremlin Leader","floor":27,"turns":6}],"seed_played":"2337739549831693727","potions_obtained":[{"floor":2,"key":"Regen Potion"},{"floor":4,"key":"PowerPotion"},{"floor":12,"key":"Fire Potion"},{"floor":16,"key":"Dexterity Potion"},{"floor":18,"key":"Dexterity Potion"}],"is_trial":false,"path_per_floor":["M","M","$","M","M","R","$","R","T","R","M","M","E","M","R","B",null,"M","?","$","?","M","$","M","$","T","E"],"character_chosen":"IRONCLAD","items_purchased":["Trip"],"campfire_rested":1,"item_purchase_floors":[23],"current_hp_per_floor":[85,82,82,86,88,88,88,88,88,88,88,80,47,46,72,71,84,82,82,82,82,64,64,50,50,50,0],"gold":123,"neow_bonus":"TEN_PERCENT_HP_BONUS","is_prod":false,"is_daily":false,"chose_seed":false,"campfire_upgraded":3,"win_rate":0,"timestamp":1547751229,"path_taken":["M","M","$","M","M","R","$","R","T","R","M","?","E","?","R","BOSS","M","?","?","?","M","$","?","$","T","E"],"build_version":"2019-01-10","purchased_purges":2,"victory":false,"max_hp_per_floor":[88,88,88,88,88,88,88,88,88,88,88,88,88,88,88,88,88,88,88,88,88,88,88,88,88,88,88],"card_choices":[{"not_picked":["Perfected Strike","Havoc"],"picked":"True Grit","floor":1},{"not_picked":["Clash","Corruption"],"picked":"Shrug It Off","floor":2},{"not_picked":["Hemokinesis","Disarm"],"picked":"Shrug It Off","floor":4},{"not_picked":["Armaments","Headbutt"],"picked":"Iron Wave","floor":5},{"not_picked":["Dual Wield","True Grit","Heavy Blade"],"picked":"SKIP","floor":11},{"not_picked":["Wild Strike","Twin Strike","Impervious"],"picked":"SKIP","floor":12},{"not_picked":["Wild Strike","True Grit","Immolate"],"picked":"SKIP","floor":13},{"not_picked":["Pommel Strike","Havoc"],"picked":"Spot Weakness","floor":14},{"not_picked":["Fiend Fire","Offering"],"picked":"Demon Form","floor":16},{"not_picked":["Sword Boomerang+1","Headbutt"],"picked":"Dropkick+1","floor":18},{"not_picked":["Warcry","Whirlwind","Sentinel"],"picked":"SKIP","floor":22},{"not_picked":["Corruption+1","Havoc","Thunderclap"],"picked":"SKIP","floor":24}],"player_experience":248072,"relics_obtained":[{"floor":9,"key":"Torii"},{"floor":13,"key":"Turnip"},{"floor":26,"key":"Potion Belt"}],"event_choices":[{"damage_healed":0,"gold_gain":0,"player_choice":"Forge","damage_taken":0,"max_hp_gain":0,"max_hp_loss":0,"event_name":"Accursed Blacksmith","floor":19,"gold_loss":0,"cards_upgraded":["Demon Form"]},{"damage_healed":0,"gold_gain":0,"player_choice":"Opened","damage_taken":0,"relics_obtained":["Champion Belt"],"max_hp_gain":0,"max_hp_loss":0,"event_name":"The Mausoleum","floor":21,"gold_loss":0,"cards_obtained":["Writhe"]}],"is_beta":false,"boss_relics":[{"not_picked":["Velvet Choker","Lizard Tail"],"picked":"Philosopher\u0027s Stone"}],"items_purged_floors":[3,20],"is_endless":false,"potions_floor_spawned":[2,4,12,16,18],"killed_by":"Gremlin Leader","ascension_level":8}