{"path_per_floor":["M","M","M","M","?","R","M","R","T","E","M"],"character_chosen":"IRONCLAD","items_purchased":[],"gold_per_floor":[111,121,140,158,408,408,423,423,423,449,462,462],"floor_reached":12,"campfire_rested":1,"playtime":461,"item_purchase_floors":[],"current_hp_per_floor":[41,42,41,45,45,45,33,61,61,60,50,0],"items_purged":[],"gold":462,"score":136,"play_id":"543cf6d8-0dbf-432e-98b6-f57481d3ad1f","local_time":"20180614192405","is_prod":false,"is_daily":false,"chose_seed":false,"is_ascension_mode":true,"campfire_upgraded":1,"win_rate":0,"timestamp":1528997045,"campfire_choices":[{"data":"Clothesline","floor":6,"key":"SMITH"},{"floor":8,"key":"REST"}],"path_taken":["M","M","M","M","?","R","M","R","T","E","M","E"],"build_version":"2018-06-07v3","seed_source_timestamp":92341873584889,"purchased_purges":0,"victory":false,"master_deck":["Strike_R","Strike_R","Strike_R","Strike_R","Strike_R","Defend_R","Defend_R","Defend_R+1","Defend_R","Bash","Iron Wave","Shrug It Off+1","Clothesline+1","Seeing Red","Regret","Havoc","Offering","Bloodletting"],"max_hp_per_floor":[96,96,96,96,96,96,96,96,96,96,96,96],"relics":["Burning Blood","Art of War","War Paint"],"card_choices":[{"not_picked":["Warcry","Entrench"],"picked":"Iron Wave","floor":1},{"not_picked":["Flex","Feel No Pain"],"picked":"Shrug It Off","floor":2},{"not_picked":["Rage","Perfected Strike"],"picked":"Clothesline","floor":3},{"not_picked":["Heavy Blade","Bloodletting"],"picked":"Seeing Red","floor":4},{"not_picked":["Uppercut","Rupture"],"picked":"Havoc","floor":7},{"not_picked":["Armaments","Whirlwind"],"picked":"Offering","floor":10},{"not_picked":["Clash","Heavy Blade"],"picked":"Bloodletting","floor":11}],"player_experience":693653,"potions_floor_usage":[10],"damage_taken":[{"damage":9,"enemies":"Jaw Worm","floor":1,"turns":4},{"damage":5,"enemies":"Cultist","floor":2,"turns":4},{"damage":7,"enemies":"Small Slimes","floor":3,"turns":4},{"damage":2,"enemies":"Looter","floor":4,"turns":4},{"damage":18,"enemies":"3 Louse","floor":7,"turns":4},{"damage":7,"enemies":"Gremlin Nob","floor":10,"turns":4},{"damage":16,"enemies":"Exordium Wildlife","floor":11,"turns":3},{"damage":53,"enemies":"Lagavulin","floor":12,"turns":7}],"relics_obtained":[{"floor":9,"key":"Art of War"},{"floor":10,"key":"War Paint"}],"event_choices":[{"event_name":"Golden Shrine","player_choice":"Desecrate","floor":5,"damage_taken":0}],"boss_relics":[],"items_purged_floors":[],"potions_floor_spawned":[3],"seed_played":"-5950819701528926087","killed_by":"Lagavulin","ascension_level":7,"potions_obtained":[{"floor":3,"key":"FearPotion"}],"is_trial":false}