{"path_per_floor":["M","?","M","M","$","E","R","E","T","E","M","E","M","M","R","B",null,"M","$","M","?","M","E","?","R","T","R","E","T","R","M","R","B",null,"M","?","$","?","M","R","E","M","T","?","$","R","E","M","R","B"],"character_chosen":"IRONCLAD","items_purchased":["Limit Break","War Paint","Block Potion","Secret Weapon","Orichalcum","Weak Potion","Strength Potion","Regen Potion"],"gold_per_floor":[112,112,128,139,72,99,99,131,156,190,208,241,258,270,270,371,371,387,0,15,15,32,60,60,60,60,60,85,85,85,101,101,204,204,223,223,15,15,26,26,51,67,67,118,18,18,49,64,64,64],"floor_reached":51,"campfire_rested":2,"playtime":2247,"current_hp_per_floor":[80,80,80,80,80,63,63,59,59,49,55,40,56,48,72,21,80,80,80,80,80,80,9,9,21,21,21,40,40,40,40,40,40,40,40,30,30,30,36,36,40,40,40,40,40,40,40,40,40,40],"items_purged":[],"gold":64,"score":1018,"play_id":"08bd53f8-9fdb-493c-b066-6cb8723e5845","local_time":"20180510131407","is_prod":false,"is_daily":false,"chose_seed":false,"is_ascension_mode":true,"campfire_upgraded":5,"timestamp":1525950847,"path_taken":["M","?","M","?","$","E","R","E","T","E","?","E","M","M","R","BOSS","M","$","M","?","M","E","?","R","T","R","E","?","R","M","R","BOSS","M","?","$","?","?","R","E","M","T","?","$","R","E","M","R","BOSS"],"build_version":"2018-05-03","seed_source_timestamp":10752049054700,"purchased_purges":0,"victory":true,"master_deck":["Strike_R","Strike_R","Strike_R","Strike_R","Strike_R","Defend_R","Defend_R+1","Defend_R","Defend_R+1","Bash","Wild Strike+1","Carnage+1","Thunderclap","Inflame+1","Limit Break+1","Whirlwind","Reaper","Shrug It Off","Impervious","Battle Trance","Secret Weapon+1","Iron Wave+1","Heavy Blade","Heavy Blade+1","Ghostly","Ghostly","Ghostly","Ghostly","Ghostly","Wild Strike+1","Wild Strike+1","Bludgeon","Cleave+1","Master of Strategy","Master of Strategy","Trip","Dark Shackles","Shrug It Off","Intimidate+1","Rage","Shrug It Off+1","Inflame+1","Power Through+1","Heavy Blade+1","Bludgeon"],"max_hp_per_floor":[80,80,80,80,80,80,80,80,80,80,80,80,80,80,80,80,80,80,80,80,80,80,80,40,40,40,40,40,40,40,40,40,40,40,40,40,40,40,40,40,40,40,40,40,40,40,40,40,40,40],"relics":["Burning Blood","Bag of Marbles","Bag of Preparation","Vajra","Unceasing Top","Self Forming Clay","Mark of Pain","War Paint","Ancient Tea Set","Meat on the Bone","Question Card","Prayer Wheel","Runic Dome","Orichalcum","Toolbox","Frozen Egg 2","Girya","Ice Cream"],"card_choices":[{"not_picked":["Clash","Twin Strike"],"picked":"Wild Strike","floor":0.0},{"not_picked":["Heavy Blade","Clash"],"picked":"Carnage","floor":1.0},{"not_picked":["Fire Breathing","Body Slam"],"picked":"Thunderclap","floor":3.0},{"not_picked":["Sword Boomerang","Armaments"],"picked":"Inflame","floor":4.0},{"not_picked":["Flex","Wild Strike"],"picked":"Whirlwind","floor":6.0},{"not_picked":["Perfected Strike","Brutality"],"picked":"Reaper","floor":8.0},{"not_picked":["Searing Blow","Reckless Charge"],"picked":"Shrug It Off","floor":10.0},{"not_picked":["Fiend Fire","Limit Break"],"picked":"Impervious","floor":16.0},{"not_picked":["Thunderclap","True Grit"],"picked":"Battle Trance","floor":18.0},{"not_picked":["Reckless Charge","Perfected Strike"],"picked":"Iron Wave","floor":20.0},{"not_picked":["True Grit","Perfected Strike"],"picked":"Heavy Blade","floor":22.0},{"not_picked":["Intimidate","True Grit"],"picked":"Heavy Blade","floor":23.0},{"not_picked":["Warcry","Rage"],"picked":"Wild Strike","floor":28.0},{"not_picked":["Cleave","Pommel Strike","Twin Strike"],"picked":"Wild Strike","floor":31.0},{"not_picked":["Reaper","Demon Form","Brutality"],"picked":"Bludgeon","floor":33.0},{"not_picked":["Armaments","Body Slam","Dual Wield"],"picked":"Cleave","floor":35},{"not_picked":["Good Instincts","Bandage Up","Blind"],"picked":"Master of Strategy","floor":36},{"not_picked":["Trip","Panacea","Deep Breath"],"picked":"Master of Strategy","floor":36},{"not_picked":["Enlightenment","Panacea","Flash of Steel"],"picked":"Trip","floor":36},{"not_picked":["Body Slam","Armaments","Anger"],"picked":"Intimidate","floor":39},{"not_picked":["Flex","Anger","Disarm"],"picked":"Rage","floor":41},{"not_picked":["Blood for Blood","Iron Wave","Sword Boomerang"],"picked":"Shrug It Off","floor":42},{"not_picked":["Fire Breathing","Twin Strike","Entrench"],"picked":"Inflame","floor":43},{"not_picked":["Blood for Blood","Reckless Charge","Shrug It Off"],"picked":"Power Through","floor":44},{"not_picked":["Armaments","Dual Wield","Inflame"],"picked":"Heavy Blade","floor":47},{"not_picked":["Sword Boomerang","Uppercut","Dropkick"],"picked":"Bludgeon","floor":48}],"player_experience":442524,"potions_floor_usage":[35,41,48,50,50],"damage_taken":[{"damage":1.0,"enemies":"2 Louse","floor":1.0,"turns":2.0},{"damage":1.0,"enemies":"Cultist","floor":3.0,"turns":3.0},{"damage":0.0,"enemies":"Small Slimes","floor":4.0,"turns":2.0},{"damage":23.0,"enemies":"Lagavulin","floor":6.0,"turns":5.0},{"damage":10.0,"enemies":"3 Sentries","floor":8.0,"turns":6.0},{"damage":16.0,"enemies":"Gremlin Nob","floor":10.0,"turns":3.0},{"damage":0.0,"enemies":"Blue Slaver","floor":11.0,"turns":1.0},{"damage":40.0,"enemies":"Lagavulin","floor":12.0,"turns":4.0},{"damage":0.0,"enemies":"Large Slime","floor":13.0,"turns":3.0},{"damage":14.0,"enemies":"Red Slaver","floor":14.0,"turns":2.0},{"damage":72.0,"enemies":"The Guardian","floor":16.0,"turns":12.0},{"damage":0.0,"enemies":"Chosen","floor":18.0,"turns":3.0},{"damage":3.0,"enemies":"Spheric Guardian","floor":20.0,"turns":3.0},{"damage":2.0,"enemies":"Centurion and Healer","floor":22.0,"turns":4.0},{"damage":77.0,"enemies":"Gremlin Leader","floor":23.0,"turns":5.0},{"damage":4.0,"enemies":"Slavers","floor":28.0,"turns":6.0},{"damage":0.0,"enemies":"Snake Plant","floor":31.0,"turns":2.0},{"damage":6.0,"enemies":"Collector","floor":33.0,"turns":6.0},{"damage":0,"enemies":"3 Darklings","floor":35,"turns":1},{"damage":0,"enemies":"Orb Walker","floor":39,"turns":2},{"damage":0,"enemies":"Giant Head","floor":41,"turns":8},{"damage":0,"enemies":"3 Darklings","floor":42,"turns":4},{"damage":0,"enemies":"Mysterious Sphere","floor":44,"turns":2},{"damage":0,"enemies":"Nemesis","floor":47,"turns":1},{"damage":2,"enemies":"4 Shapes","floor":48,"turns":3},{"damage":19,"enemies":"Awakened One","floor":50,"turns":8}],"event_choices":[{"event_name":"The Lab","player_choice":"Got Potions","floor":2.0,"damage_taken":0.0},{"event_name":"Drug Dealer","player_choice":"Ignored","floor":21.0,"damage_taken":0.0},{"event_name":"Ghosts","player_choice":"Became a Ghost","floor":24.0,"damage_taken":0.0},{"event_name":"SensoryStone","player_choice":"Memory 3","floor":36,"damage_taken":0},{"event_name":"Match and Keep!","player_choice":"2 cards matched","floor":38,"damage_taken":0},{"event_name":"Mysterious Sphere","player_choice":"Fight","floor":44,"damage_taken":0}],"boss_relics":[],"potions_floor_spawned":[1,4,11,12,16,23,28,41,47],"seed_played":"-6591267005500210678","ascension_level":3,"is_trial":false}