{"gold_per_floor":[119,119,119,40,55,87,12,26,26,56,56,56,75,94,94,193,193,211,211,211,111,126,126],"floor_reached":23,"playtime":1097,"items_purged":["Strike_R","Anger"],"score":260,"play_id":"0e8ce674-0835-4864-81a6-d91d2c1cc717","local_time":"20190204130642","is_ascension_mode":true,"campfire_choices":[{"data":"1","floor":12,"key":"LIFT"},{"data":"2","floor":15,"key":"LIFT"}],"neow_cost":"NONE","seed_source_timestamp":13053436145996,"circlet_count":0,"master_deck":["Defend_R","Defend_R+1","Defend_R+1","Defend_R","Bash","Headbutt","Rampage","Iron Wave","Evolve","Carnage","Regret","Barricade","Sentinel","Impervious","Corruption","Ghostly Armor","True Grit","Spot Weakness","Pommel Strike","Body Slam+1","Bite","Bite","Bite","Bite","Bite","Armaments"],"relics":["Burning Blood","NeowsBlessing","Blue Candle","Ginger","Gremlin Horn","War Paint","Girya","Orrery","Bronze Scales"],"potions_floor_usage":[16,16,16,23],"damage_taken":[{"damage":0,"enemies":"Small Slimes","floor":1,"turns":1},{"damage":0,"enemies":"Jaw Worm","floor":5,"turns":1},{"damage":0,"enemies":"3 Sentries","floor":6,"turns":1},{"damage":0,"enemies":"Cultist","floor":8,"turns":2},{"damage":17,"enemies":"Gremlin Nob","floor":10,"turns":4},{"damage":4,"enemies":"Lots of Slimes","floor":13,"turns":3},{"damage":6,"enemies":"2 Fungi Beasts","floor":14,"turns":2},{"damage":56,"enemies":"The Guardian","floor":16,"turns":10},{"damage":11,"enemies":"Chosen","floor":18,"turns":4},{"damage":13,"enemies":"3 Byrds","floor":22,"turns":3},{"damage":64,"enemies":"Gremlin Leader","floor":23,"turns":5}],"seed_played":"-744943572862000815","potions_obtained":[{"floor":1,"key":"Weak Potion"},{"floor":5,"key":"SteroidPotion"},{"floor":13,"key":"Dexterity Potion"},{"floor":22,"key":"SteroidPotion"}],"is_trial":false,"path_per_floor":["M","?","?","$","M","E","$","M","T","E","?","R","M","M","R","B",null,"M","?","?","$","M","E"],"character_chosen":"IRONCLAD","items_purchased":["Rampage"],"campfire_rested":0,"item_purchase_floors":[4],"current_hp_per_floor":[80,68,68,68,74,80,80,80,80,69,69,69,71,71,71,21,80,75,56,56,56,53,0],"gold":126,"neow_bonus":"THREE_ENEMY_KILL","is_prod":false,"is_daily":false,"chose_seed":false,"campfire_upgraded":0,"win_rate":0,"timestamp":1549314402,"path_taken":["M","?","?","$","?","E","$","?","T","E","?","R","M","M","R","BOSS","M","?","?","?","?","E"],"build_version":"2019-01-23","purchased_purges":2,"victory":false,"max_hp_per_floor":[80,80,80,80,80,80,80,80,80,80,80,80,80,80,80,80,80,80,56,56,56,56,56],"card_choices":[{"not_picked":["Bloodletting","Dual Wield"],"picked":"Headbutt","floor":1},{"not_picked":["Seeing Red","Wild Strike"],"picked":"Anger","floor":5},{"not_picked":["Twin Strike","Battle Trance"],"picked":"Iron Wave","floor":6},{"not_picked":["Sword Boomerang","Twin Strike"],"picked":"Evolve","floor":8},{"not_picked":["Rage","Thunderclap"],"picked":"Carnage","floor":10},{"not_picked":["Armaments","Perfected Strike"],"picked":"Barricade","floor":13},{"not_picked":["Body Slam","Inflame"],"picked":"Sentinel","floor":14},{"not_picked":["Reaper","Fiend Fire"],"picked":"Impervious","floor":16},{"not_picked":["Perfected Strike","Twin Strike"],"picked":"Corruption","floor":17},{"not_picked":["Perfected Strike","Wild Strike"],"picked":"Ghostly Armor","floor":17},{"not_picked":["Dual Wield","Pommel Strike"],"picked":"True Grit","floor":17},{"not_picked":["Thunderclap","Cleave"],"picked":"Spot Weakness","floor":17},{"not_picked":["Sword Boomerang","Searing Blow"],"picked":"Pommel Strike","floor":17},{"not_picked":["Cleave","Thunderclap"],"picked":"Body Slam+1","floor":18},{"not_picked":["Whirlwind+1","Uppercut+1"],"picked":"Armaments","floor":22}],"player_experience":66620,"relics_obtained":[{"floor":6,"key":"Ginger"},{"floor":9,"key":"Gremlin Horn"},{"floor":10,"key":"War Paint"}],"event_choices":[{"damage_healed":0,"gold_gain":0,"player_choice":"Success","damage_taken":12,"relics_obtained":["Blue Candle"],"max_hp_gain":0,"max_hp_loss":0,"event_name":"Scrap Ooze","floor":2,"gold_loss":0},{"cards_removed":["Strike_R"],"damage_healed":0,"gold_gain":0,"player_choice":"Purged","damage_taken":0,"max_hp_gain":0,"max_hp_loss":0,"event_name":"Purifier","floor":3,"gold_loss":0},{"damage_healed":0,"gold_gain":0,"player_choice":"Box","damage_taken":0,"relics_obtained":["Girya"],"max_hp_gain":0,"max_hp_loss":0,"event_name":"Big Fish","floor":11,"gold_loss":0,"cards_obtained":["Regret"]},{"damage_healed":0,"gold_gain":0,"player_choice":"Became a vampire","damage_taken":0,"max_hp_gain":0,"max_hp_loss":24,"event_name":"Vampires","floor":19,"gold_loss":0,"cards_obtained":["Bite","Bite","Bite","Bite","Bite"]},{"damage_healed":0,"gold_gain":0,"player_choice":"Opened","damage_taken":0,"relics_obtained":["Bronze Scales"],"max_hp_gain":0,"max_hp_loss":0,"event_name":"The Mausoleum","floor":20,"gold_loss":0}],"is_beta":false,"boss_relics":[{"not_picked":["Busted Crown","Runic Pyramid"],"picked":"Orrery"}],"items_purged_floors":[7,21],"is_endless":false,"potions_floor_spawned":[1,5,13,14,22],"killed_by":"Gremlin Leader","ascension_level":1}