{"gold_per_floor":[117,117,392,392,454,485,485,497,524,524,574,587,654,680,680,778,828,841,891,421,471,482,512,512,540,586,667,689,300,318,335,335,335],"floor_reached":33,"playtime":1455,"items_purged":["Regret"],"score":456,"play_id":"387023cf-fd73-4de8-9320-86fc14c41715","local_time":"20180819085653","is_ascension_mode":true,"campfire_choices":[{"floor":7,"key":"REST"},{"data":"Infernal Blade","floor":10,"key":"SMITH"},{"data":"Inflame","floor":15,"key":"SMITH"},{"floor":24,"key":"REST"},{"floor":32,"key":"REST"}],"neow_cost":"NONE","seed_source_timestamp":387271258674542,"circlet_count":0,"master_deck":["Strike_R+1","Strike_R+1","Strike_R+1","Strike_R+1","Strike_R","Defend_R","Defend_R","Defend_R","Defend_R","Bash+1","Inflame+1","Cleave","Barricade","Infernal Blade+1","Headbutt","Feel No Pain","Twin Strike","Impervious","Iron Wave","Metallicize","Pommel Strike","Pommel Strike","Warcry","True Grit+1","Inflame+1","Corruption+1","Double Tap","Armaments","Hemokinesis+1"],"relics":["Burning Blood","Bag of Preparation","SsserpentHead","Lantern","Whetstone","Paper Frog","Vajra","Tiny House","Membership Card","Meat on the Bone","Happy Flower","Matryoshka","Frozen Egg 2","MawBank","Boot","Omamori","Medical Kit"],"potions_floor_usage":[6,6,14,16,18,22,22,22,22,23,23,23,23,25,27,27,30,31],"damage_taken":[{"damage":7,"enemies":"Jaw Worm","floor":1,"turns":3},{"damage":13,"enemies":"2 Louse","floor":5,"turns":3},{"damage":17,"enemies":"Gremlin Nob","floor":6,"turns":3},{"damage":0,"enemies":"Small Slimes","floor":8,"turns":3},{"damage":1,"enemies":"2 Fungi Beasts","floor":12,"turns":2},{"damage":2,"enemies":"Exordium Thugs","floor":13,"turns":2},{"damage":7,"enemies":"3 Sentries","floor":14,"turns":3},{"damage":60,"enemies":"Hexaghost","floor":16,"turns":6},{"damage":9,"enemies":"Chosen","floor":18,"turns":3},{"damage":8,"enemies":"Spheric Guardian","floor":22,"turns":3},{"damage":61,"enemies":"Gremlin Leader","floor":23,"turns":5},{"damage":42,"enemies":"Book of Stabbing","floor":25,"turns":5},{"damage":18,"enemies":"Snake Plant","floor":27,"turns":4},{"damage":25,"enemies":"Sentry and Sphere","floor":28,"turns":4},{"damage":24,"enemies":"Cultist and Chosen","floor":30,"turns":8},{"damage":0,"enemies":"Snake Plant","floor":31,"turns":2},{"damage":72,"enemies":"Automaton","floor":33,"turns":6}],"seed_played":"-1344049263932331556","potions_obtained":[{"floor":1,"key":"Weak Potion"},{"floor":5,"key":"AttackPotion"},{"floor":12,"key":"Explosive Potion"},{"floor":13,"key":"Energy Potion"},{"floor":17,"key":"AttackPotion"},{"floor":19,"key":"BloodPotion"},{"floor":19,"key":"EntropicBrew"},{"floor":19,"key":"LiquidBronze"},{"floor":23,"key":"SkillPotion"},{"floor":25,"key":"SkillPotion"},{"floor":28,"key":"Dexterity Potion"},{"floor":30,"key":"Poison Potion"}],"is_trial":false,"path_per_floor":["M","?","?","?","M","E","R","M","T","R","T","M","M","E","R","B",null,"M","?","$","T","M","E","R","E","T","M","M","$","M","M","R"],"character_chosen":"IRONCLAD","items_purchased":["Membership Card","Meat on the Bone","Corruption+1","Double Tap","Omamori","Medical Kit"],"campfire_rested":3,"item_purchase_floors":[20,20,29,29,29,29],"current_hp_per_floor":[71,55,55,55,48,37,61,67,67,67,67,75,79,78,78,24,73,70,70,70,70,76,33,59,35,35,35,28,28,28,46,72,0],"gold":335,"neow_bonus":"RANDOM_COMMON_RELIC","is_prod":false,"is_daily":false,"chose_seed":false,"campfire_upgraded":2,"win_rate":0,"timestamp":1534661813,"path_taken":["M","?","?","?","?","E","R","M","T","R","?","M","?","E","R","BOSS","M","?","$","?","M","E","R","E","T","?","M","$","M","M","R","BOSS"],"build_version":"2018-08-16","purchased_purges":1,"victory":false,"max_hp_per_floor":[80,80,80,80,80,80,80,80,80,80,80,83,83,83,83,83,88,88,88,88,88,88,88,88,88,88,88,88,88,88,88,88,88],"card_choices":[{"not_picked":["Shockwave","Rupture"],"picked":"Inflame","floor":1},{"not_picked":["Shockwave","Hemokinesis"],"picked":"Cleave","floor":5},{"not_picked":["Evolve","Searing Blow"],"picked":"Barricade","floor":6},{"not_picked":["Body Slam","Power Through"],"picked":"Infernal Blade","floor":8},{"not_picked":["Dual Wield","Clothesline"],"picked":"Headbutt","floor":12},{"not_picked":["Flex","Clash"],"picked":"Feel No Pain","floor":13},{"not_picked":["Evolve","Body Slam"],"picked":"Twin Strike","floor":14},{"not_picked":["Reaper","Berserk"],"picked":"Impervious","floor":16},{"not_picked":["Sword Boomerang","Havoc"],"picked":"Iron Wave","floor":17},{"not_picked":["Perfected Strike+1","Clothesline"],"picked":"Metallicize","floor":18},{"not_picked":["Corruption","Sword Boomerang"],"picked":"Pommel Strike","floor":22},{"not_picked":["Uppercut","Body Slam+1"],"picked":"Pommel Strike","floor":23},{"not_picked":["Anger","Headbutt"],"picked":"Warcry","floor":25},{"not_picked":["Clothesline","Armaments"],"picked":"True Grit+1","floor":27},{"not_picked":["Warcry+1","Sentinel+1"],"picked":"Inflame+1","floor":28},{"not_picked":["Twin Strike","True Grit"],"picked":"Armaments","floor":30},{"not_picked":["Sword Boomerang","Fire Breathing+1"],"picked":"Hemokinesis+1","floor":31}],"player_experience":899660,"relics_obtained":[{"floor":6,"key":"Lantern"},{"floor":9,"key":"Whetstone"},{"floor":11,"key":"Paper Frog"},{"floor":14,"key":"Vajra"},{"floor":21,"key":"Happy Flower"},{"floor":23,"key":"Matryoshka"},{"floor":25,"key":"Frozen Egg 2"},{"floor":26,"key":"MawBank"},{"floor":26,"key":"Boot"}],"event_choices":[{"event_name":"Shining Light","player_choice":"Entered Light","floor":2,"damage_taken":0},{"event_name":"Golden Shrine","player_choice":"Desecrate","floor":3,"damage_taken":0},{"event_name":"FaceTrader","player_choice":"Trade","floor":4,"damage_taken":0},{"event_name":"The Lab","player_choice":"Got Potions","floor":19,"damage_taken":0}],"is_beta":false,"boss_relics":[{"not_picked":["Runic Pyramid","Philosopher\u0027s Stone"],"picked":"Tiny House"}],"items_purged_floors":[20],"is_endless":false,"potions_floor_spawned":[1,5,12,13,23,25,28,30],"killed_by":"Automaton","ascension_level":9}