{"gold_per_floor":[116,116,127,143,117,150,150,150],"floor_reached":8,"playtime":220,"items_purged":[],"score":87,"play_id":"8257c72d-373a-4279-ab8a-dc30f14249d6","local_time":"20181226091606","is_ascension_mode":true,"campfire_choices":[{"data":"Storm of Steel","floor":7,"key":"SMITH"}],"neow_cost":"NONE","seed_source_timestamp":1058556505065218,"circlet_count":0,"master_deck":["AscendersBane","Defend_G","Defend_G","Defend_G","Defend_G","Defend_G","Strike_G","Strike_G","Strike_G","Strike_G","Strike_G","Survivor","Neutralize","Flying Knee","Storm of Steel+1","Dodge and Roll","Distraction"],"relics":["Ring of the Snake","NeowsBlessing","Incense Burner"],"potions_floor_usage":[6],"damage_taken":[{"damage":0,"enemies":"Small Slimes","floor":1,"turns":2},{"damage":0,"enemies":"Cultist","floor":3,"turns":1},{"damage":0,"enemies":"2 Louse","floor":4,"turns":1},{"damage":16,"enemies":"3 Sentries","floor":6,"turns":4},{"damage":31,"enemies":"The Mushroom Lair","floor":8,"turns":4}],"seed_played":"-492184519178244375","potions_obtained":[{"floor":1,"key":"Energy Potion"},{"floor":3,"key":"SkillPotion"}],"is_trial":false,"path_per_floor":["M","?","M","M","$","E","R","?"],"character_chosen":"THE_SILENT","items_purchased":["Dodge and Roll"],"campfire_rested":0,"item_purchase_floors":[5],"current_hp_per_floor":[63,68,68,68,68,52,52,21],"gold":150,"neow_bonus":"THREE_ENEMY_KILL","is_prod":false,"is_daily":false,"chose_seed":false,"campfire_upgraded":1,"win_rate":0,"timestamp":1545812166,"path_taken":["M","?","M","M","?","E","R","?"],"build_version":"2018-12-20","purchased_purges":0,"victory":false,"max_hp_per_floor":[70,70,70,70,70,70,70,70],"card_choices":[{"not_picked":["Flying Knee","Endless Agony"],"picked":"Poisoned Stab","floor":1},{"not_picked":["Deflect","Sucker Punch"],"picked":"Flying Knee","floor":3},{"not_picked":["Dagger Spray","Flying Knee"],"picked":"Storm of Steel","floor":4},{"not_picked":["Backflip","Deadly Poison"],"picked":"Distraction","floor":6}],"player_experience":1911499,"relics_obtained":[{"floor":6,"key":"Incense Burner"}],"event_choices":[{"cards_removed":["Poisoned Stab"],"damage_healed":5,"gold_gain":0,"player_choice":"Offered Common","damage_taken":0,"max_hp_gain":0,"max_hp_loss":0,"event_name":"Bonfire Elementals","floor":2,"gold_loss":0},{"cards_removed":["Poisoned Stab"],"damage_healed":5,"gold_gain":0,"player_choice":"Offered Special","damage_taken":0,"max_hp_gain":0,"max_hp_loss":0,"event_name":"Bonfire Elementals","floor":2,"gold_loss":0},{"damage_healed":0,"gold_gain":0,"player_choice":"Fought Mushrooms","damage_taken":0,"max_hp_gain":0,"max_hp_loss":0,"event_name":"Mushrooms","floor":8,"gold_loss":0}],"is_beta":false,"boss_relics":[],"items_purged_floors":[],"is_endless":false,"potions_floor_spawned":[1,3],"killed_by":"The Mushroom Lair","ascension_level":11}