{"gold_per_floor":[109,109,109,109,68,98,115,141,189,189,219,239,256,290,290,361,361,376,387,397,397,68,68,68,102,125,24,24,40,68,80,92,190,202,234,260,272,301,313,325,24,70,70,95,95,95,128,146,146,146,146],"floor_reached":51,"playtime":2855,"items_purged":["Strike_G+1","Writhe"],"score":1613,"play_id":"df505aed-300d-4530-8e96-89befe29bec0","local_time":"20190208152525","is_ascension_mode":true,"campfire_choices":[{"data":"Dash","floor":10.0,"key":"SMITH"},{"data":"Terror","floor":15.0,"key":"SMITH"},{"floor":23.0,"key":"REST"},{"floor":28.0,"key":"REST"},{"data":"Leg Sweep","floor":32.0,"key":"SMITH"},{"data":"Ghostly","floor":40.0,"key":"SMITH"},{"floor":46.0,"key":"RECALL"},{"floor":49.0,"key":"REST"}],"neow_cost":"NONE","seed_source_timestamp":6744287549305,"circlet_count":0,"master_deck":["AscendersBane","Defend_G+1","Defend_G+1","Defend_G+1","Defend_G+1","Defend_G+1","Strike_G+1","Strike_G+1","Strike_G+1","Survivor","Neutralize+1","Poisoned Stab+1","Dash+1","Noxious Fumes+1","Dagger Spray","Terror+1","Envenom+1","Slice+1","Noxious Fumes+1","Bullet Time","Escape Plan","Cloak And Dagger","Caltrops+1","Glass Knife","Well Laid Plans+1","Deflect","Deflect","Leg Sweep+1","Ghostly+1","Ghostly","Ghostly","Adrenaline","Deflect","Endless Agony","Noxious Fumes+1","Night Terror","Panache+1","Dark Shackles","Backstab","Catalyst+1"],"special_seed":0,"relics":["Ring of the Snake","NeowsBlessing","Frozen Egg 2","Snake Skull","Dodecahedron","Boot","Bag of Preparation","Black Star","Lantern","Potion Belt","Whetstone","Blood Vial","MawBank","Ornamental Fan","Runic Pyramid","Sling","Unceasing Top","Bottled Tornado","Singing Bowl","Letter Opener","Orichalcum","Smiling Mask"],"potions_floor_usage":[],"damage_taken":[{"damage":0.0,"enemies":"2 Louse","floor":1.0,"turns":1.0},{"damage":0.0,"enemies":"3 Sentries","floor":6.0,"turns":1.0},{"damage":0.0,"enemies":"Small Slimes","floor":7.0,"turns":1.0},{"damage":7.0,"enemies":"Lagavulin","floor":8.0,"turns":6.0},{"damage":0.0,"enemies":"Gremlin Nob","floor":11.0,"turns":3.0},{"damage":0.0,"enemies":"Jaw Worm","floor":12.0,"turns":4.0},{"damage":13.0,"enemies":"Gremlin Gang","floor":13.0,"turns":4.0},{"damage":15.0,"enemies":"3 Sentries","floor":14.0,"turns":6.0},{"damage":19.0,"enemies":"Hexaghost","floor":16.0,"turns":6.0},{"damage":31.0,"enemies":"2 Thieves","floor":18.0,"turns":3.0},{"damage":13.0,"enemies":"Shell Parasite","floor":19.0,"turns":5.0},{"damage":5.0,"enemies":"Chosen and Byrds","floor":20.0,"turns":4.0},{"damage":11.0,"enemies":"Slavers","floor":25.0,"turns":5.0},{"damage":0.0,"enemies":"Centurion and Healer","floor":29.0,"turns":5.0},{"damage":4.0,"enemies":"Gremlin Leader","floor":30.0,"turns":5.0},{"damage":29.0,"enemies":"Collector","floor":33.0,"turns":9.0},{"damage":0.0,"enemies":"Orb Walker","floor":35.0,"turns":3.0},{"damage":8.0,"enemies":"3 Darklings","floor":36.0,"turns":4.0},{"damage":0.0,"enemies":"Writhing Mass","floor":38.0,"turns":5.0},{"damage":0.0,"enemies":"2 Orb Walkers","floor":42.0,"turns":5.0},{"damage":9.0,"enemies":"Giant Head","floor":44.0,"turns":7.0},{"damage":12.0,"enemies":"Nemesis","floor":47.0,"turns":7.0},{"damage":0.0,"enemies":"Transient","floor":48.0,"turns":6.0},{"damage":21.0,"enemies":"Awakened One","floor":50.0,"turns":14.0},{"damage":16,"enemies":"Time Eater","floor":51,"turns":3}],"seed_played":"2352260397308308899","potions_obtained":[{"floor":1.0,"key":"AttackPotion"},{"floor":6.0,"key":"SpeedPotion"},{"floor":7.0,"key":"SkillPotion"},{"floor":12.0,"key":"Regen Potion"},{"floor":18.0,"key":"SteroidPotion"},{"floor":25.0,"key":"Weak Potion"},{"floor":30.0,"key":"GhostInAJar"},{"floor":33.0,"key":"Fire Potion"},{"floor":35.0,"key":"Fire Potion"},{"floor":36.0,"key":"EssenceOfSteel"},{"floor":47.0,"key":"AttackPotion"}],"is_trial":false,"path_per_floor":["M","?","?","T","$","E","M","E","T","R","E","M","M","E","R","B",null,"M","M","M","?","$","R","?","E","T","$","R","M","E","?","R","B",null,"M","M","?","M","?","R","$","?","T","E","?","R","E","M","R","B","B"],"character_chosen":"THE_SILENT","items_purchased":["Dash","Caltrops+1","Lantern","Block Potion","Well Laid Plans+1","Deflect","Sling"],"campfire_rested":3,"item_purchase_floors":[5,22,22,22,27,27,41],"current_hp_per_floor":[59,59,52,52,52,52,52,45,45,45,45,45,32,32,32,13,53,22,9,4,4,4,23,23,12,12,12,31,33,31,31,31,4,26,28,22,22,24,31,31,31,33,33,26,18,18,8,10,21,2,0],"gold":146,"neow_bonus":"THREE_ENEMY_KILL","is_prod":false,"is_daily":false,"chose_seed":false,"campfire_upgraded":4,"win_rate":0,"timestamp":1549657525,"path_taken":["M","?","?","?","$","E","M","E","T","R","E","?","M","E","R","BOSS","M","M","M","?","$","R","?","E","T","?","R","M","E","?","R","BOSS","BOSS","M","M","?","M","?","R","$","?","T","E","?","R","E","M","R","BOSS","BOSS"],"build_version":"2019-01-23","purchased_purges":2,"victory":false,"max_hp_per_floor":[66,66,66,66,66,66,66,66,66,66,66,66,66,66,66,66,66,66,66,66,66,66,66,66,66,66,66,66,66,66,33,33,33,33,33,33,33,33,33,33,33,33,33,35,37,37,37,37,37,37,37],"card_choices":[{"not_picked":["Masterful Stab","Leg Sweep"],"picked":"Poisoned Stab","floor":1.0},{"not_picked":["Acrobatics","Tactician"],"picked":"Noxious Fumes+1","floor":6.0},{"not_picked":["Bane","Dodge and Roll"],"picked":"Dagger Spray","floor":7.0},{"not_picked":["Bane","Sucker Punch"],"picked":"Terror","floor":8.0},{"not_picked":["Bane","Infinite Blades+1"],"picked":"Envenom+1","floor":11.0},{"not_picked":["Bane","Underhanded Strike"],"picked":"Slice","floor":12.0},{"not_picked":["Concentrate","Prepared","Sucker Punch"],"picked":"SKIP","floor":13.0},{"not_picked":["Blur","Leg Sweep"],"picked":"Noxious Fumes+1","floor":14.0},{"not_picked":["Phantasmal Killer","Burst"],"picked":"Bullet Time","floor":16.0},{"not_picked":["Quick Slash","Choke+1"],"picked":"Escape Plan","floor":18.0},{"not_picked":["Blade Dance","Infinite Blades+1","Skewer"],"picked":"SKIP","floor":19.0},{"not_picked":["Caltrops+1","Choke"],"picked":"Cloak And Dagger","floor":20.0},{"not_picked":["Predator+1","Calculated Gamble"],"picked":"Glass Knife","floor":25.0},{"not_picked":["Quick Slash","Acrobatics"],"picked":"Deflect","floor":29.0},{"not_picked":["Flying Knee","Unload"],"picked":"Leg Sweep","floor":30.0},{"not_picked":["Corpse Explosion","Doppelganger"],"picked":"Adrenaline","floor":33.0},{"not_picked":["Bane","Underhanded Strike"],"picked":"Deflect","floor":35.0},{"not_picked":["Infinite Blades+1","Distraction+1"],"picked":"Endless Agony","floor":36.0},{"not_picked":["Escape Plan","Accuracy+1"],"picked":"Noxious Fumes+1","floor":38.0},{"not_picked":["Poisoned Stab","Choke"],"picked":"Night Terror","floor":42.0},{"not_picked":["Deflect","Tactician+1","Reflex"],"picked":"Singing Bowl","floor":44.0},{"not_picked":["HandOfGreed","PanicButton","Secret Weapon"],"picked":"Singing Bowl","floor":45.0},{"not_picked":["Finesse","Deep Breath"],"picked":"Panache+1","floor":45.0},{"not_picked":["Magnetism+1","Purity"],"picked":"Dark Shackles","floor":45.0},{"not_picked":["Setup","Heel Hook+1"],"picked":"Backstab","floor":47.0},{"not_picked":["Bane","Prepared"],"picked":"Catalyst+1","floor":48.0}],"player_experience":1163657,"relics_obtained":[{"floor":4.0,"key":"Frozen Egg 2"},{"floor":6.0,"key":"Snake Skull"},{"floor":8.0,"key":"Dodecahedron"},{"floor":11.0,"key":"Boot"},{"floor":14.0,"key":"Bag of Preparation"},{"floor":25.0,"key":"Potion Belt"},{"floor":25.0,"key":"Whetstone"},{"floor":26.0,"key":"Blood Vial"},{"floor":30.0,"key":"MawBank"},{"floor":30.0,"key":"Ornamental Fan"},{"floor":42.0,"key":"Unceasing Top"},{"floor":43.0,"key":"Bottled Tornado"},{"floor":44.0,"key":"Singing Bowl"},{"floor":44.0,"key":"Letter Opener"},{"floor":47.0,"key":"Orichalcum"},{"floor":47.0,"key":"Smiling Mask"}],"event_choices":[{"damage_healed":0.0,"max_hp_gain":0.0,"max_hp_loss":0.0,"gold_gain":0.0,"event_name":"Living Wall","player_choice":"Grow","floor":2.0,"gold_loss":0.0,"damage_taken":0.0,"cards_upgraded":["Neutralize"]},{"cards_removed":["Strike_G"],"damage_healed":0.0,"max_hp_gain":0.0,"max_hp_loss":0.0,"gold_gain":0.0,"event_name":"Golden Wing","player_choice":"Card Removal","floor":3.0,"gold_loss":0.0,"damage_taken":7.0},{"damage_healed":0.0,"max_hp_gain":0.0,"max_hp_loss":0.0,"gold_gain":0.0,"event_name":"Back to Basics","player_choice":"Simplicity","floor":21.0,"gold_loss":0.0,"damage_taken":0.0,"cards_upgraded":["Defend_G","Defend_G","Defend_G","Defend_G","Defend_G","Strike_G","Strike_G","Strike_G","Strike_G"]},{"damage_healed":0.0,"max_hp_gain":0.0,"max_hp_loss":0.0,"gold_gain":0.0,"event_name":"Beggar","player_choice":"Ignored","floor":24.0,"gold_loss":0.0,"damage_taken":0.0},{"damage_healed":0.0,"max_hp_gain":0.0,"max_hp_loss":33.0,"gold_gain":0.0,"event_name":"Ghosts","player_choice":"Became a Ghost","floor":31.0,"gold_loss":0.0,"damage_taken":0.0,"cards_obtained":["Ghostly","Ghostly","Ghostly"]},{"damage_healed":0.0,"max_hp_gain":0.0,"max_hp_loss":0.0,"gold_gain":0.0,"event_name":"Tomb of Lord Red Mask","player_choice":"Ignored","floor":37.0,"gold_loss":0.0,"damage_taken":0.0},{"damage_healed":7.0,"max_hp_gain":0.0,"max_hp_loss":0.0,"gold_gain":0.0,"event_name":"Winding Halls","player_choice":"Writhe","floor":39.0,"gold_loss":0.0,"damage_taken":0.0,"cards_obtained":["Writhe"]},{"damage_healed":0.0,"max_hp_gain":0.0,"max_hp_loss":0.0,"gold_gain":0.0,"event_name":"Mysterious Sphere","player_choice":"Fight","floor":42.0,"gold_loss":0.0,"damage_taken":0.0},{"damage_healed":0.0,"max_hp_gain":0.0,"max_hp_loss":0.0,"gold_gain":0.0,"event_name":"SensoryStone","player_choice":"Memory 3","floor":45.0,"gold_loss":0.0,"damage_taken":10.0}],"is_beta":false,"boss_relics":[{"not_picked":["Velvet Choker","WristBlade"],"picked":"Black Star"},{"not_picked":["Cursed Key","Empty Cage"],"picked":"Runic Pyramid"}],"items_purged_floors":[22,41],"is_endless":false,"potions_floor_spawned":[1,6,7,12,18,25,30,33,35,36,47],"killed_by":"Time Eater","ascension_level":20}