{"gold_per_floor":[117,129,38,38,38,38,64,64,64,64,64,78,105,105,105,210,210,222,522,168,168,168,218,233,252,252,252,266,266,286,318,318,414,414,424,474,487,138,149,180,242,303,326,340,390,440,440,92,92,92],"floor_reached":50,"playtime":5512,"items_purged":["Decay"],"score":811,"play_id":"9182b8a5-35e0-4565-bf0a-41515c2f3da1","local_time":"20180912161430","is_ascension_mode":true,"campfire_choices":[{"data":"Mind Blast","floor":6.0,"key":"SMITH"},{"floor":8.0,"key":"REST"},{"data":"Poisoned Stab","floor":10.0,"key":"SMITH"},{"data":"Terror","floor":15.0,"key":"SMITH"},{"floor":27.0,"key":"REST"},{"data":"Venomology","floor":29.0,"key":"SMITH"},{"data":"Footwork","floor":32.0,"key":"SMITH"},{"data":"Thinking Ahead","floor":47.0,"key":"SMITH"},{"data":"Venomology","floor":49.0,"key":"SMITH"}],"neow_cost":"NONE","seed_source_timestamp":998778668893416,"circlet_count":0,"master_deck":["Defend_G","Defend_G","Defend_G","Defend_G","Defend_G","Strike_G+1","Strike_G","Strike_G","Strike_G+1","Survivor","Neutralize","Dagger Spray","Poisoned Stab+1","Mind Blast+1","Poisoned Stab+1","Blind","Terror+1","Expertise","Backflip","Venomology+1","Deadly Poison","Footwork+1","Dash","Quick Slash","Backstab","Well Laid Plans+1","Bane","Venomology+1","Caltrops+1","Venomology+1","Predator+1","Dash+1","Blur","Quick Slash","Dagger Throw","Good Instincts","Impatience","Thinking Ahead+1","Crippling Poison"],"special_seed":0,"relics":["Philosopher\u0027s Stone","Ornamental Fan","Nunchaku","Orichalcum","Eternal Feather","Old Coin","Letter Opener","SsserpentHead","Matryoshka","Unceasing Top","HoveringKite","Lee\u0027s Waffle","Whetstone","Dodecahedron","Vajra","Juzu Bracelet","Mummified Hand"],"potions_floor_usage":[50,50,50,50,50,50],"damage_taken":[{"damage":4.0,"enemies":"2 Louse","floor":1.0,"turns":2.0},{"damage":0.0,"enemies":"Small Slimes","floor":2.0,"turns":4.0},{"damage":31.0,"enemies":"Gremlin Nob","floor":7.0,"turns":4.0},{"damage":0.0,"enemies":"Cultist","floor":12.0,"turns":3.0},{"damage":0.0,"enemies":"Lagavulin","floor":13.0,"turns":4.0},{"damage":28.0,"enemies":"Hexaghost","floor":16.0,"turns":9.0},{"damage":16.0,"enemies":"Shell Parasite","floor":18.0,"turns":6.0},{"damage":0.0,"enemies":"Spheric Guardian","floor":23.0,"turns":3.0},{"damage":26.0,"enemies":"Shelled Parasite and Fungi","floor":24.0,"turns":6.0},{"damage":12.0,"enemies":"Snake Plant","floor":25.0,"turns":3.0},{"damage":12.0,"enemies":"Centurion and Healer","floor":28.0,"turns":5.0},{"damage":8.0,"enemies":"3 Cultists","floor":30.0,"turns":5.0},{"damage":16.0,"enemies":"Slavers","floor":31.0,"turns":5.0},{"damage":56.0,"enemies":"Champ","floor":33.0,"turns":15.0},{"damage":0.0,"enemies":"3 Shapes","floor":35.0,"turns":4.0},{"damage":15.0,"enemies":"3 Darklings","floor":37.0,"turns":6.0},{"damage":0.0,"enemies":"Transient","floor":39.0,"turns":5.0},{"damage":17.0,"enemies":"2 Orb Walkers","floor":40.0,"turns":5.0},{"damage":9.0,"enemies":"Maw","floor":41.0,"turns":6.0},{"damage":10.0,"enemies":"3 Darklings","floor":42.0,"turns":4.0},{"damage":8.0,"enemies":"Reptomancer","floor":44.0,"turns":4.0},{"damage":57,"enemies":"Time Eater","floor":50,"turns":8}],"seed_played":"-6803743369819539033","potions_obtained":[{"floor":1.0,"key":"GamblersBrew"},{"floor":7.0,"key":"SmokeBomb"},{"floor":12.0,"key":"Block Potion"},{"floor":28.0,"key":"GhostInAJar"},{"floor":31.0,"key":"Swift Potion"},{"floor":33.0,"key":"Regen Potion"},{"floor":35.0,"key":"Swift Potion"},{"floor":41.0,"key":"PowerPotion"},{"floor":42.0,"key":"SkillPotion"}],"is_trial":false,"path_per_floor":["M","M","$","?","?","R","E","R","T","R","?","M","E","?","R","B",null,"M","?","$","?","?","M","M","M","T","R","M","R","M","E","R","B",null,"M","?","M","$","M","E","M","M","T","M","?","?","R","$","R"],"character_chosen":"THE_SILENT","items_purchased":["Mind Blast","Footwork","Letter Opener","Lee\u0027s Waffle","Whetstone","Mummified Hand","Crippling Poison","Poison Potion"],"campfire_rested":2,"item_purchase_floors":[3,20,20,38,38,48,48,48],"current_hp_per_floor":[59,59,59,59,52,52,21,42,42,42,42,42,42,42,42,14,56,40,40,40,63,63,63,37,25,25,58,46,61,53,52,67,11,55,64,64,49,77,77,60,51,41,41,38,28,28,49,49,70,13],"gold":92,"neow_bonus":"BOSS_RELIC","is_prod":false,"is_daily":false,"chose_seed":false,"campfire_upgraded":7,"win_rate":0,"timestamp":1536761670,"path_taken":["M","M","$","?","?","R","E","R","T","R","?","?","E","?","R","BOSS","M","?","$","?","?","?","M","M","T","R","M","R","M","E","R","BOSS","M","?","M","$","M","E","?","?","T","M","?","?","R","$","R","BOSS"],"build_version":"2018-09-06","purchased_purges":1,"victory":false,"max_hp_per_floor":[70,70,70,70,70,70,70,70,70,70,70,70,70,70,70,70,70,70,70,70,70,70,70,70,70,70,70,70,70,70,70,70,70,70,70,70,70,77,77,77,77,77,77,77,77,77,77,77,77,77],"card_choices":[{"not_picked":["Catalyst","Cloak And Dagger"],"picked":"Dagger Spray","floor":1.0},{"not_picked":["Cloak And Dagger","Outmaneuver"],"picked":"Poisoned Stab","floor":2.0},{"not_picked":["Prepared","Choke"],"picked":"Poisoned Stab","floor":7.0},{"not_picked":["Cloak And Dagger","Dagger Spray"],"picked":"Expertise","floor":12.0},{"not_picked":["Setup","Heel Hook"],"picked":"Backflip","floor":13.0},{"not_picked":["Doppelganger","Envenom"],"picked":"Venomology","floor":16.0},{"not_picked":["Choke+1","All Out Attack"],"picked":"Deadly Poison","floor":18.0},{"not_picked":["Cloak And Dagger+1","Prepared"],"picked":"Dash","floor":24.0},{"not_picked":["Accuracy+1","Deflect"],"picked":"Quick Slash","floor":25.0},{"not_picked":["Dodge and Roll","Sucker Punch"],"picked":"Backstab","floor":28.0},{"not_picked":["Bane+1","Outmaneuver"],"picked":"Well Laid Plans+1","floor":30.0},{"not_picked":["Backflip","Dodge and Roll"],"picked":"Bane","floor":31.0},{"not_picked":["Phantasmal Killer","A Thousand Cuts"],"picked":"Venomology","floor":33.0},{"not_picked":["Riddle With Holes","Deflect"],"picked":"Caltrops+1","floor":35.0},{"not_picked":["Dagger Throw","Finisher"],"picked":"Predator+1","floor":37.0},{"not_picked":["Dagger Spray+1","Setup+1"],"picked":"Dash+1","floor":39.0},{"not_picked":["Bane","Terror"],"picked":"Blur","floor":40.0},{"not_picked":["Dagger Spray","Flechettes","Setup"],"picked":"SKIP","floor":41.0},{"not_picked":["Deflect","Prepared+1"],"picked":"Quick Slash","floor":42.0},{"not_picked":["Backflip","Flechettes"],"picked":"Dagger Throw","floor":44.0},{"not_picked":["Dramatic Entrance","Enlightenment"],"picked":"Good Instincts","floor":45.0},{"not_picked":["Bandage Up","Forethought"],"picked":"Impatience","floor":45.0},{"not_picked":["Metamorphosis","Purity"],"picked":"Thinking Ahead","floor":45.0}],"player_experience":988946,"relics_obtained":[{"floor":7.0,"key":"Ornamental Fan"},{"floor":9.0,"key":"Nunchaku"},{"floor":13.0,"key":"Orichalcum"},{"floor":26.0,"key":"Matryoshka"},{"floor":31.0,"key":"Unceasing Top"},{"floor":40.0,"key":"Dodecahedron"},{"floor":43.0,"key":"Vajra"},{"floor":43.0,"key":"Juzu Bracelet"}],"event_choices":[{"event_name":"Living Wall","player_choice":"Grow","floor":4.0,"damage_taken":0.0},{"event_name":"Golden Wing","player_choice":"Card Removal","floor":5.0,"damage_taken":0.0},{"event_name":"Match and Keep!","player_choice":"2 cards matched","floor":11.0,"damage_taken":0.0},{"event_name":"Wheel of Change","player_choice":"Curse","floor":14.0,"damage_taken":0.0},{"event_name":"The Mausoleum","player_choice":"Yes","floor":19.0,"damage_taken":0.0},{"event_name":"The Library","player_choice":"Heal","floor":21.0,"damage_taken":0.0},{"event_name":"FaceTrader","player_choice":"Trade","floor":22.0,"damage_taken":0.0},{"event_name":"Duplicator","player_choice":"One dupe","floor":36.0,"damage_taken":0.0},{"event_name":"SensoryStone","player_choice":"Memory 3","floor":45.0,"damage_taken":0.0},{"event_name":"The Moai Head","player_choice":"Ignored","floor":46.0,"damage_taken":0.0}],"is_beta":false,"boss_relics":[{"not_picked":["Fusion Hammer","White Beast Statue"],"picked":"Eternal Feather"},{"not_picked":["Sozu","Snecko Eye"],"picked":"HoveringKite"}],"items_purged_floors":[20],"is_endless":false,"potions_floor_spawned":[1,7,12,28,31,33,35,41,42],"killed_by":"Time Eater","ascension_level":9}