{"gold_per_floor":[116,66,86,5,5,33,44,78,102,112,112,138,138],"floor_reached":13,"playtime":620,"items_purged":[],"score":108,"play_id":"40e1b4d3-8422-4217-95b8-6af26543abe7","local_time":"20190204124813","is_ascension_mode":true,"campfire_choices":[],"neow_cost":"TEN_PERCENT_HP_LOSS","seed_source_timestamp":12422392343424,"circlet_count":0,"master_deck":["Strike_R","Strike_R","Strike_R","Strike_R","Strike_R","Defend_R","Bash","Disarm","Heavy Blade","Twin Strike","Body Slam","Power Through","Rampage","Body Slam","Disarm","Thunderclap","Evolve"],"relics":["Burning Blood","Strawberry","Pen Nib","Smiling Mask","Blood Vial","Toxic Egg 2"],"potions_floor_usage":[6,8,8,8,12],"damage_taken":[{"damage":11,"enemies":"Jaw Worm","floor":1,"turns":3},{"damage":13,"enemies":"Small Slimes","floor":3,"turns":3},{"damage":32,"enemies":"3 Sentries","floor":6,"turns":9},{"damage":1,"enemies":"Cultist","floor":7,"turns":3},{"damage":21,"enemies":"Lagavulin","floor":8,"turns":4},{"damage":24,"enemies":"Large Slime","floor":10,"turns":5},{"damage":25,"enemies":"Gremlin Nob","floor":12,"turns":5},{"damage":13,"enemies":"Lots of Slimes","floor":13,"turns":2}],"seed_played":"-3008301893521724619","potions_obtained":[{"floor":3,"key":"Fruit Juice"},{"floor":7,"key":"EntropicBrew"},{"floor":10,"key":"Ancient Potion"}],"is_trial":false,"path_per_floor":["M","?","M","$","?","E","M","E","T","M","T","E","M"],"character_chosen":"IRONCLAD","items_purchased":["Power Through"],"campfire_rested":0,"item_purchase_floors":[4],"current_hp_per_floor":[67,67,60,60,60,46,51,44,44,26,26,9,0],"gold":138,"neow_bonus":"TRANSFORM_TWO_CARDS","is_prod":false,"is_daily":false,"chose_seed":false,"campfire_upgraded":0,"win_rate":0,"timestamp":1549313293,"path_taken":["M","?","M","?","?","E","M","E","T","?","?","E","M"],"build_version":"2019-01-23","purchased_purges":0,"victory":false,"max_hp_per_floor":[72,72,72,72,72,84,84,84,84,84,84,84,84],"card_choices":[{"not_picked":["Pommel Strike","Wild Strike"],"picked":"Twin Strike","floor":1},{"not_picked":["Armaments","Anger"],"picked":"Body Slam","floor":3},{"not_picked":["Perfected Strike","Clothesline"],"picked":"Rampage","floor":6},{"not_picked":["Armaments","Limit Break"],"picked":"Body Slam","floor":7},{"not_picked":["Seeing Red","Wild Strike"],"picked":"Disarm","floor":8},{"not_picked":["Iron Wave","Seeing Red"],"picked":"Thunderclap","floor":10},{"not_picked":["Twin Strike","Corruption"],"picked":"Evolve","floor":12}],"player_experience":66000,"relics_obtained":[{"floor":6,"key":"Strawberry"},{"floor":8,"key":"Pen Nib"},{"floor":9,"key":"Smiling Mask"},{"floor":11,"key":"Blood Vial"},{"floor":12,"key":"Toxic Egg 2"}],"event_choices":[{"cards_removed":["Defend_R"],"damage_healed":0,"gold_gain":0,"player_choice":"Card Removal","damage_taken":0,"max_hp_gain":0,"max_hp_loss":0,"event_name":"The Cleric","floor":2,"gold_loss":50},{"damage_healed":0,"gold_gain":0,"player_choice":"Ignored","damage_taken":0,"max_hp_gain":0,"max_hp_loss":0,"event_name":"Liars Game","floor":5,"gold_loss":0}],"is_beta":false,"boss_relics":[],"items_purged_floors":[],"is_endless":false,"potions_floor_spawned":[3,7,10],"killed_by":"Lots of Slimes","ascension_level":1}