{"gold_per_floor":[117,192,192,209,55,55,88,88,135,235,235,254,267,286,286,360,360,377,327,277,292,305,305,336,347,347,367,367,384,413,426,426,426],"floor_reached":33,"playtime":1735,"items_purged":["Defend_R"],"score":491,"play_id":"2f091dfd-b29c-4ddd-b3a0-810d29b58138","local_time":"20190126092346","is_ascension_mode":true,"campfire_choices":[{"data":"Immolate","floor":6,"key":"SMITH"},{"data":"Headbutt","floor":8,"key":"SMITH"},{"data":"Bash","floor":11,"key":"SMITH"},{"data":"Second Wind","floor":15,"key":"SMITH"},{"data":"Barricade","floor":23,"key":"SMITH"},{"floor":28,"key":"REST"},{"floor":32,"key":"REST"}],"neow_cost":"NONE","seed_source_timestamp":13179308805784746,"circlet_count":0,"master_deck":["AscendersBane","Strike_R","Strike_R","Strike_R","Strike_R","Defend_R","Defend_R","Defend_R","Bash+1","Immolate+1","Headbutt+1","Second Wind+1","Power Through","Barricade+1","Headbutt+1","Power Through+1"],"relics":["Burning Blood","PreservedInsect","Paper Frog","Smiling Mask","Mark of Pain","Anchor","Bag of Marbles"],"potions_floor_usage":[16,24,27,33],"damage_taken":[{"damage":0,"enemies":"2 Louse","floor":1,"turns":2},{"damage":0,"enemies":"Small Slimes","floor":4,"turns":2},{"damage":8,"enemies":"Gremlin Nob","floor":7,"turns":3},{"damage":0,"enemies":"Cultist","floor":12,"turns":2},{"damage":13,"enemies":"Blue Slaver","floor":13,"turns":2},{"damage":9,"enemies":"Red Slaver","floor":14,"turns":2},{"damage":54,"enemies":"The Guardian","floor":16,"turns":13},{"damage":11,"enemies":"Shell Parasite","floor":18,"turns":5},{"damage":0,"enemies":"Spheric Guardian","floor":21,"turns":5},{"damage":13,"enemies":"Cultist and Chosen","floor":22,"turns":4},{"damage":14,"enemies":"Book of Stabbing","floor":24,"turns":5},{"damage":9,"enemies":"Snake Plant","floor":25,"turns":3},{"damage":20,"enemies":"Centurion and Healer","floor":27,"turns":5},{"damage":10,"enemies":"Sentry and Sphere","floor":29,"turns":6},{"damage":41,"enemies":"Gremlin Leader","floor":30,"turns":5},{"damage":0,"enemies":"Snecko","floor":31,"turns":2},{"damage":56,"enemies":"Automaton","floor":33,"turns":12}],"seed_played":"-4631071315845306591","potions_obtained":[{"floor":1,"key":"SteroidPotion"},{"floor":13,"key":"Block Potion"},{"floor":18,"key":"Block Potion"},{"floor":24,"key":"Dexterity Potion"},{"floor":27,"key":"Weak Potion"}],"is_trial":false,"path_per_floor":["M","?","?","M","$","R","E","R","T","?","R","M","M","M","R","B",null,"M","?","$","M","M","R","E","M","T","M","R","M","E","M","R","B"],"character_chosen":"IRONCLAD","items_purchased":["PreservedInsect"],"campfire_rested":2,"item_purchase_floors":[5],"current_hp_per_floor":[74,63,56,62,62,62,60,60,60,60,60,66,59,56,56,8,58,53,53,53,59,52,52,44,41,41,27,49,45,10,16,38,0],"gold":426,"neow_bonus":"ONE_RANDOM_RARE_CARD","is_prod":false,"is_daily":false,"chose_seed":false,"campfire_upgraded":5,"win_rate":0,"timestamp":1548491026,"path_taken":["M","?","?","M","$","R","E","R","T","?","R","?","M","M","R","BOSS","M","?","$","M","?","R","E","M","T","M","R","M","E","M","R","BOSS"],"build_version":"2019-01-23","purchased_purges":1,"victory":false,"max_hp_per_floor":[75,75,75,75,75,75,75,75,75,75,75,75,75,75,75,75,75,75,75,75,75,75,75,75,75,75,75,75,75,75,75,75,75],"card_choices":[{"not_picked":["Blood for Blood","Fire Breathing"],"picked":"Headbutt","floor":1},{"not_picked":["Shockwave","Disarm","Iron Wave"],"picked":"SKIP","floor":4},{"not_picked":["Anger","Havoc","Fiend Fire"],"picked":"SKIP","floor":7},{"not_picked":["Infernal Blade","Flex","Flame Barrier"],"picked":"SKIP","floor":12},{"not_picked":["Reckless Charge","Warcry"],"picked":"Second Wind","floor":13},{"not_picked":["Warcry","Inflame"],"picked":"Power Through","floor":14},{"not_picked":["Impervious","Demon Form"],"picked":"Barricade","floor":16},{"not_picked":["Searing Blow","Twin Strike","Perfected Strike"],"picked":"SKIP","floor":18},{"not_picked":["Shrug It Off","Anger"],"picked":"Headbutt+1","floor":21},{"not_picked":["Twin Strike","Pommel Strike","Flame Barrier"],"picked":"SKIP","floor":22},{"not_picked":["Flame Barrier","Clothesline","Impervious"],"picked":"SKIP","floor":24},{"not_picked":["Anger","Disarm","Seeing Red"],"picked":"SKIP","floor":25},{"not_picked":["Infernal Blade+1","Carnage","Cleave"],"picked":"SKIP","floor":27},{"not_picked":["Rupture","Iron Wave","Shrug It Off"],"picked":"SKIP","floor":29},{"not_picked":["Thunderclap","Twin Strike+1"],"picked":"Power Through+1","floor":30},{"not_picked":["Shrug It Off","Body Slam","True Grit"],"picked":"SKIP","floor":31}],"player_experience":332444,"relics_obtained":[{"floor":7,"key":"Paper Frog"},{"floor":9,"key":"Smiling Mask"},{"floor":24,"key":"Anchor"},{"floor":30,"key":"Bag of Marbles"}],"event_choices":[{"damage_healed":0,"gold_gain":75,"player_choice":"Gather Gold","damage_taken":11,"max_hp_gain":0,"max_hp_loss":0,"event_name":"World of Goop","floor":2,"gold_loss":0},{"cards_removed":["Strike_R"],"damage_healed":0,"gold_gain":0,"player_choice":"Card Removal","damage_taken":7,"max_hp_gain":0,"max_hp_loss":0,"event_name":"Golden Wing","floor":3,"gold_loss":0},{"damage_healed":0,"gold_gain":100,"player_choice":"Gold","damage_taken":0,"max_hp_gain":0,"max_hp_loss":0,"event_name":"Wheel of Change","floor":10,"gold_loss":0},{"damage_healed":0,"gold_gain":0,"player_choice":"Bet on Owner","damage_taken":0,"max_hp_gain":0,"max_hp_loss":0,"event_name":"The Joust","floor":19,"gold_loss":50}],"is_beta":false,"boss_relics":[{"not_picked":["Velvet Choker","Orrery"],"picked":"Mark of Pain"}],"items_purged_floors":[20],"is_endless":false,"potions_floor_spawned":[1,13,18,24,27,29],"killed_by":"Automaton","ascension_level":14}