{"gold_per_floor":[114,289,4,4,24,24,53,53,53,53,63,80,29,60,60,163,163,103,103,103,103,103,103,103,103,103,103,103,103,103,103,103,103],"floor_reached":33,"playtime":4350,"items_purged":["Doubt"],"score":479,"play_id":"2947c7ab-02e6-4c30-b640-e9f144b84106","local_time":"20181003131500","is_ascension_mode":true,"campfire_choices":[{"data":"Zap","floor":6,"key":"SMITH"},{"floor":10,"key":"REST"},{"data":"Doom and Gloom","floor":15,"key":"SMITH"},{"floor":28,"key":"REST"},{"data":"Rainbow","floor":32,"key":"SMITH"}],"neow_cost":"TEN_PERCENT_HP_LOSS","seed_source_timestamp":124888875765992,"circlet_count":0,"master_deck":["Strike_B+1","Strike_B+1","Strike_B+1","Strike_B+1","Defend_B+1","Defend_B+1","Defend_B+1","Defend_B+1","Zap+1","Dualcast","Sweeping Beam","Stack","Doom and Gloom+1","Cold Snap","Capacitor","Undo","Rainbow+1","Leap+1","Compile Driver","Ball Lightning+1","Glacier+1"],"relics":["Cracked Core","Incense Burner","Toy Ornithopter","Omamori","Question Card","Singing Bowl","Oddly Smooth Stone","Ectoplasm","MutagenicStrength","Bag of Marbles","Bronze Scales","Meat on the Bone","Darkstone Periapt","Pear"],"potions_floor_usage":[14,14,23,23,25,33],"damage_taken":[{"damage":0,"enemies":"Small Slimes","floor":1,"turns":2},{"damage":4,"enemies":"2 Louse","floor":5,"turns":2},{"damage":19,"enemies":"Gremlin Nob","floor":7,"turns":4},{"damage":2,"enemies":"Jaw Worm","floor":11,"turns":3},{"damage":0,"enemies":"Looter","floor":12,"turns":2},{"damage":4,"enemies":"Lagavulin","floor":14,"turns":7},{"damage":37,"enemies":"Hexaghost","floor":16,"turns":14},{"damage":16,"enemies":"2 Thieves","floor":18,"turns":4},{"damage":0,"enemies":"Spheric Guardian","floor":20,"turns":3},{"damage":4,"enemies":"Shelled Parasite and Fungi","floor":22,"turns":5},{"damage":12,"enemies":"Book of Stabbing","floor":23,"turns":5},{"damage":0,"enemies":"Snecko","floor":25,"turns":4},{"damage":15,"enemies":"Gremlin Leader","floor":27,"turns":5},{"damage":17,"enemies":"Chosen and Byrds","floor":30,"turns":5},{"damage":24,"enemies":"Book of Stabbing","floor":31,"turns":5},{"damage":56,"enemies":"Collector","floor":33,"turns":7}],"seed_played":"-6567504107976559705","potions_obtained":[{"floor":7,"key":"Dexterity Potion"},{"floor":16,"key":"Regen Potion"},{"floor":18,"key":"AttackPotion"},{"floor":23,"key":"EssenceOfSteel"},{"floor":27,"key":"Energy Potion"}],"is_trial":false,"path_per_floor":["M","?","$","?","M","R","E","?","T","R","M","M","$","E","R","B",null,"M","?","M","?","M","E","?","M","T","E","R","?","M","E","R"],"character_chosen":"DEFECT","items_purchased":["Toy Ornithopter","Poison Potion"],"campfire_rested":2,"item_purchase_floors":[3,13],"current_hp_per_floor":[68,68,68,68,64,64,45,33,33,53,51,51,51,57,57,20,56,40,40,40,40,36,50,37,44,44,31,54,54,51,49,49,0],"gold":103,"neow_bonus":"ONE_RARE_RELIC","is_prod":false,"is_daily":false,"chose_seed":false,"campfire_upgraded":3,"win_rate":0,"timestamp":1538565300,"path_taken":["M","?","$","?","M","R","E","?","T","R","?","M","?","E","R","BOSS","M","?","M","?","M","E","?","M","T","E","R","?","?","E","R","BOSS"],"build_version":"2018-09-27","purchased_purges":1,"victory":false,"max_hp_per_floor":[68,68,68,68,68,68,68,68,68,68,68,68,68,68,68,68,68,68,68,68,68,68,70,75,77,77,79,79,79,81,91,91,91],"card_choices":[{"not_picked":["Rebound","Redo"],"picked":"Sweeping Beam","floor":1},{"not_picked":["Tempest","Beam Cell"],"picked":"Stack","floor":5},{"not_picked":["Go for the Eyes","Barrage"],"picked":"Doom and Gloom","floor":7},{"not_picked":["Go for the Eyes","Steam","Beam Cell"],"picked":"Cold Snap","floor":11},{"not_picked":["Rebound","Sweeping Beam","Hello World"],"picked":"Capacitor","floor":12},{"not_picked":["Lockon","Electrodynamics","Hologram"],"picked":"Undo","floor":14},{"not_picked":["Amplify","Hyperbeam","Electrodynamics"],"picked":"Rainbow","floor":16},{"not_picked":["Lockon","Chill","Beam Cell"],"picked":"Leap+1","floor":18},{"not_picked":["All For One","Coolheaded","Skim"],"picked":"Compile Driver","floor":20},{"not_picked":["Conserve Battery","Melter","Meteor Strike"],"picked":"Ball Lightning+1","floor":22},{"not_picked":["Gash","Compile Driver+1","Coolheaded","Lockon+1"],"picked":"Singing Bowl","floor":23},{"not_picked":["Barrage","Sunder","Beam Cell+1","Coolheaded"],"picked":"Singing Bowl","floor":25},{"not_picked":["Genetic Algorithm","Reinforced Body","Compile Driver+1","Fission"],"picked":"Singing Bowl","floor":27},{"not_picked":["Skim","Barrage+1","Rebound","Capacitor"],"picked":"Singing Bowl","floor":30},{"not_picked":["Rebound","Ball Lightning","Streamline"],"picked":"Glacier+1","floor":31}],"player_experience":1027001,"relics_obtained":[{"floor":7,"key":"Omamori"},{"floor":9,"key":"Singing Bowl"},{"floor":14,"key":"Oddly Smooth Stone"},{"floor":23,"key":"Bag of Marbles"},{"floor":26,"key":"Bronze Scales"},{"floor":27,"key":"Meat on the Bone"},{"floor":31,"key":"Pear"}],"event_choices":[{"event_name":"Liars Game","player_choice":"agreed","floor":2,"damage_taken":0},{"event_name":"The Cleric","player_choice":"Leave","floor":4,"damage_taken":0},{"event_name":"Scrap Ooze","player_choice":"success","floor":8,"damage_taken":12},{"event_name":"Back to Basics","player_choice":"Simplicity","floor":19,"damage_taken":0},{"event_name":"Drug Dealer","player_choice":"Inject Mutagens","floor":21,"damage_taken":0},{"event_name":"Forgotten Altar","player_choice":"Shed Blood","floor":24,"damage_taken":0},{"event_name":"The Mausoleum","player_choice":"Yes","floor":29,"damage_taken":0}],"is_beta":false,"boss_relics":[{"not_picked":["Lizard Tail","Inserter"],"picked":"Ectoplasm"}],"items_purged_floors":[3],"is_endless":false,"potions_floor_spawned":[7,16,18,23,27],"killed_by":"Collector","ascension_level":9}