{"gold_per_floor":[113,132,132,151,26,26,0,35,58,58,70,70,170,183,183,280,280,296,296,312,55,65,65,84,110,133,133,153,28,28,39,39,39],"floor_reached":33,"playtime":3966,"items_purged":["Strike_G","Strike_G","Defend_G"],"score":427,"play_id":"0da7d4dc-d5bc-484a-b337-3cc3555d18fe","local_time":"20190207000821","is_ascension_mode":true,"campfire_choices":[{"data":"Dagger Spray","floor":6,"key":"SMITH"},{"data":"Neutralize","floor":10,"key":"SMITH"},{"data":"Crippling Poison","floor":12,"key":"SMITH"},{"floor":15,"key":"REST"},{"floor":23,"key":"REST"},{"floor":27,"key":"REST"},{"floor":32,"key":"REST"}],"neow_cost":"NONE","seed_source_timestamp":2060653063540468,"circlet_count":0,"master_deck":["AscendersBane","Defend_G","Defend_G","Defend_G","Survivor","Neutralize+1","Crippling Poison+1","Predator+1","Dagger Spray+1","Catalyst","Crippling Poison","Adrenaline","Skewer+1","Bouncing Flask+1","Reflex+1","Backflip","Noxious Fumes","Dodge and Roll+1","Deflect+1","Calculated Gamble"],"relics":["Ring of the Snake","Bag of Marbles","Strawberry","Astrolabe","Art of War","Ninja Scroll","Whetstone"],"potions_floor_usage":[8,16,25,33],"damage_taken":[{"damage":1,"enemies":"2 Louse","floor":1,"turns":3},{"damage":2,"enemies":"Small Slimes","floor":2,"turns":4},{"damage":2,"enemies":"Cultist","floor":4,"turns":5},{"damage":22,"enemies":"Lagavulin","floor":8,"turns":7},{"damage":3,"enemies":"3 Louse","floor":11,"turns":2},{"damage":8,"enemies":"Gremlin Gang","floor":14,"turns":3},{"damage":34,"enemies":"Hexaghost","floor":16,"turns":11},{"damage":0,"enemies":"Spheric Guardian","floor":18,"turns":2},{"damage":28,"enemies":"2 Thieves","floor":20,"turns":3},{"damage":28,"enemies":"Snake Plant","floor":22,"turns":5},{"damage":9,"enemies":"Snecko","floor":24,"turns":5},{"damage":16,"enemies":"Book of Stabbing","floor":25,"turns":6},{"damage":7,"enemies":"Shelled Parasite and Fungi","floor":28,"turns":6},{"damage":12,"enemies":"Snake Plant","floor":31,"turns":3},{"damage":47,"enemies":"Automaton","floor":33,"turns":6}],"seed_played":"-4882864178719402530","potions_obtained":[{"floor":1,"key":"PowerPotion"},{"floor":2,"key":"FearPotion"},{"floor":14,"key":"Energy Potion"},{"floor":16,"key":"Ancient Potion"},{"floor":20,"key":"EssenceOfSteel"},{"floor":25,"key":"Ancient Potion"}],"is_trial":false,"path_per_floor":["M","M","?","M","$","R","?","E","T","R","M","R","?","M","R","B",null,"M","?","M","$","M","R","M","E","T","R","M","$","?","M","R","B"],"character_chosen":"THE_SILENT","items_purchased":["Dagger Spray","Art of War"],"campfire_rested":4,"item_purchase_floors":[5,21],"current_hp_per_floor":[69,67,67,65,65,65,65,43,50,50,47,47,47,39,64,30,71,71,71,43,43,15,40,31,15,15,40,33,33,33,21,46,0],"gold":39,"neow_bonus":"TEN_PERCENT_HP_BONUS","is_prod":false,"is_daily":false,"chose_seed":false,"campfire_upgraded":3,"win_rate":0,"timestamp":1549465701,"path_taken":["M","M","?","M","$","R","?","E","T","R","M","R","?","?","R","BOSS","M","?","M","$","M","R","M","E","T","R","M","$","?","?","R","BOSS"],"build_version":"2019-01-23","purchased_purges":3,"victory":false,"max_hp_per_floor":[77,77,77,77,77,77,77,77,84,84,84,84,84,84,84,84,84,84,84,84,84,84,84,84,84,84,84,84,84,84,84,84,84],"card_choices":[{"not_picked":["Reflex","Flying Knee"],"picked":"Crippling Poison","floor":1},{"not_picked":["Accuracy","Endless Agony"],"picked":"Predator","floor":2},{"not_picked":["Poisoned Stab","Endless Agony","Sucker Punch"],"picked":"SKIP","floor":4},{"not_picked":["Setup","Prepared"],"picked":"Catalyst","floor":8},{"not_picked":["Flechettes","Flying Knee"],"picked":"Crippling Poison","floor":11},{"not_picked":["Bane","Crippling Poison","Prepared"],"picked":"SKIP","floor":14},{"not_picked":["Unload","Wraith Form v2"],"picked":"Adrenaline","floor":16},{"not_picked":["Setup","Quick Slash+1","Prepared"],"picked":"SKIP","floor":18},{"not_picked":["Poisoned Stab","Acrobatics"],"picked":"Noxious Fumes","floor":20},{"not_picked":["Reflex","Quick Slash"],"picked":"Dodge and Roll+1","floor":22},{"not_picked":["Reflex","Accuracy","Masterful Stab"],"picked":"SKIP","floor":24},{"not_picked":["Poisoned Stab","Bane","Setup"],"picked":"SKIP","floor":25},{"not_picked":["Poisoned Stab","Finisher"],"picked":"Deflect+1","floor":28},{"not_picked":["Expertise","Flying Knee"],"picked":"Calculated Gamble","floor":31}],"player_experience":528647,"relics_obtained":[{"floor":8,"key":"Bag of Marbles"},{"floor":9,"key":"Strawberry"},{"floor":25,"key":"Ninja Scroll"},{"floor":26,"key":"Whetstone"}],"event_choices":[{"damage_healed":0,"gold_gain":0,"player_choice":"Ignored","damage_taken":0,"max_hp_gain":0,"max_hp_loss":0,"event_name":"Liars Game","floor":3,"gold_loss":0},{"damage_healed":0,"gold_gain":0,"player_choice":"Left Gold","damage_taken":0,"max_hp_gain":0,"max_hp_loss":0,"event_name":"World of Goop","floor":7,"gold_loss":26},{"damage_healed":0,"gold_gain":100,"player_choice":"Pray","damage_taken":0,"max_hp_gain":0,"max_hp_loss":0,"event_name":"Golden Shrine","floor":13,"gold_loss":0},{"damage_healed":0,"gold_gain":0,"player_choice":"Read","damage_taken":0,"max_hp_gain":0,"max_hp_loss":0,"event_name":"The Library","floor":19,"gold_loss":0,"cards_obtained":["Backflip"]},{"cards_removed":["Defend_G"],"damage_healed":0,"gold_gain":0,"player_choice":"Purged","damage_taken":0,"max_hp_gain":0,"max_hp_loss":0,"event_name":"Purifier","floor":30,"gold_loss":0}],"is_beta":false,"boss_relics":[{"not_picked":["Lizard Tail","HoveringKite"],"picked":"Astrolabe"}],"items_purged_floors":[5,21,29],"is_endless":false,"potions_floor_spawned":[1,2,14,16,20,25],"killed_by":"Automaton","ascension_level":12}