{"gold_per_floor":[148,3,14,14,29,29,56,56,86,86,118,131,131,157,157,260,260,277,277,292,292,307,336,349,349,349,349,349,362,380,390,390,485,485,505,530,292,308,155,155,155],"floor_reached":41,"playtime":1214,"items_purged":[],"score":539,"play_id":"d84c8f01-b5eb-4f02-835e-d40343aa5ead","local_time":"20180703052659","is_ascension_mode":true,"campfire_choices":[{"data":"Tempest","floor":6.0,"key":"SMITH"},{"data":"Zap","floor":8.0,"key":"SMITH"},{"floor":15.0,"key":"REST"},{"floor":25.0,"key":"REST"},{"floor":32.0,"key":"REST"},{"data":"Reinforced Body","floor":40,"key":"SMITH"}],"neow_cost":"","seed_source_timestamp":0,"circlet_count":0,"master_deck":["Strike_B+1","Strike_B+1","Strike_B+1","Defend_B+1","Defend_B+1","Defend_B+1","Defend_B+1","Zap+1","Dualcast","Tempest+1","Ball Lightning","Genetic Algorithm","Rebound","Electrodynamics+1","Rainbow","Flash of Steel","Hologram","Conserve Battery","Blizzard","Multi-Cast","Loop+1","Echo Form+1","Hologram+1","Reinforced Body+1","FTL","Cold Snap+1","Auto Shields","White Noise+1","Steam","Force Field+1","Multi-Cast","Loop+1","Cold Snap+1"],"special_seed":0,"relics":["Tiny House","Anchor","Frozen Egg 2","Tiny Chest","Dream Catcher","Pen Nib","Velvet Choker","Enchiridion","Smiling Mask","Mercury Hourglass","Centennial Puzzle","Inserter","Lantern","Kunai","Bag of Preparation"],"potions_floor_usage":[],"damage_taken":[{"damage":8.0,"enemies":"Small Slimes","floor":1.0,"turns":5.0},{"damage":0.0,"enemies":"Cultist","floor":3.0,"turns":3.0},{"damage":0.0,"enemies":"Jaw Worm","floor":5.0,"turns":3.0},{"damage":30.0,"enemies":"Gremlin Nob","floor":7.0,"turns":4.0},{"damage":15.0,"enemies":"Lagavulin","floor":11.0,"turns":4.0},{"damage":1.0,"enemies":"Looter","floor":12.0,"turns":2.0},{"damage":6.0,"enemies":"3 Sentries","floor":14.0,"turns":4.0},{"damage":18.0,"enemies":"Slime Boss","floor":16.0,"turns":6.0},{"damage":2.0,"enemies":"Spheric Guardian","floor":18.0,"turns":3.0},{"damage":8.0,"enemies":"Chosen","floor":20.0,"turns":4.0},{"damage":0.0,"enemies":"3 Cultists","floor":22.0,"turns":2.0},{"damage":23.0,"enemies":"Gremlin Leader","floor":23.0,"turns":5.0},{"damage":1.0,"enemies":"Cultist and Chosen","floor":24.0,"turns":4.0},{"damage":9.0,"enemies":"Slaver and Parasite","floor":29.0,"turns":5.0},{"damage":0.0,"enemies":"3 Cultists","floor":30.0,"turns":2.0},{"damage":14.0,"enemies":"Snake Plant","floor":31.0,"turns":3.0},{"damage":6,"enemies":"Champ","floor":33,"turns":8},{"damage":0,"enemies":"Orb Walker","floor":35,"turns":3},{"damage":0,"enemies":"3 Shapes","floor":38,"turns":1},{"damage":0,"enemies":"Giant Head","floor":41,"turns":5}],"seed_played":"-8427354302254999355","potions_obtained":[{"floor":0.0,"key":"Poison Potion"},{"floor":3.0,"key":"Strength Potion"},{"floor":7.0,"key":"Fire Potion"},{"floor":11.0,"key":"GamblersBrew"},{"floor":14.0,"key":"LiquidBronze"},{"floor":20.0,"key":"Fire Potion"},{"floor":23.0,"key":"Fire Potion"},{"floor":29.0,"key":"Energy Potion"},{"floor":30.0,"key":"Weak Potion"},{"floor":35,"key":"Ancient Potion"}],"is_trial":false,"path_per_floor":["M","$","M","$","M","R","E","R","T","?","E","M","?","E","R","B",null,"M","?","M","T","M","E","M","R","T","?","?","M","M","M","R","B",null,"M","T","$","M","$","R"],"character_chosen":"DEFECT","items_purchased":["Anchor","Kunai","Bag of Preparation"],"campfire_rested":3,"item_purchase_floors":[],"current_hp_per_floor":[72,72,72,72,72,72,42,42,42,42,27,26,26,20,44,26,67,65,49,41,41,41,18,17,41,41,41,41,32,32,18,42,36,69,69,69,69,69,69,69,69],"gold":155,"neow_bonus":"","is_prod":false,"is_daily":false,"chose_seed":false,"campfire_upgraded":3,"win_rate":0,"timestamp":1530588419,"path_taken":["M","$","M","$","M","R","E","R","T","?","E","M","?","E","R","BOSS","M","?","?","?","M","E","M","R","T","?","?","?","M","M","R","BOSS","M","?","$","M","$","R","E"],"build_version":"2018-06-28","purchased_purges":0,"victory":false,"max_hp_per_floor":[80,80,80,80,80,80,80,80,80,80,80,80,80,80,80,80,80,80,80,80,80,80,80,80,80,80,80,80,80,80,80,80,80,80,80,80,80,80,80,80,80],"card_choices":[{"not_picked":["Compile Driver","Stack"],"picked":"Tempest","floor":0.0},{"not_picked":["Cold Snap","Capacitor"],"picked":"Ball Lightning","floor":1.0},{"not_picked":["Scrape","Reprogram"],"picked":"Genetic Algorithm","floor":3.0},{"not_picked":["Heatsinks","Beam Cell"],"picked":"Rebound","floor":5.0},{"not_picked":["Conserve Battery","Rebound"],"picked":"Electrodynamics","floor":7.0},{"not_picked":["Beam Cell","Melter"],"picked":"Hologram","floor":11.0},{"not_picked":["Steam","Streamline"],"picked":"Conserve Battery","floor":12.0},{"not_picked":["Rebound","Undo"],"picked":"Multi-Cast","floor":14.0},{"not_picked":["Force Field","Coolheaded"],"picked":"Loop+1","floor":15.0},{"not_picked":["Thunder Strike","Creative AI+1"],"picked":"Echo Form+1","floor":16.0},{"not_picked":["Storm+1","Compile Driver"],"picked":"Hologram+1","floor":18.0},{"not_picked":["Blizzard","Beam Cell","Barrage+1"],"picked":"SKIP","floor":20.0},{"not_picked":["Cold Snap","Gash"],"picked":"Reinforced Body","floor":22.0},{"not_picked":["Steam","Gash+1"],"picked":"FTL","floor":23.0},{"not_picked":["Heatsinks+1","Beam Cell+1"],"picked":"Cold Snap+1","floor":24.0},{"not_picked":["FTL","Conserve Battery"],"picked":"Auto Shields","floor":25.0},{"not_picked":["BootSequence","Aggregate+1"],"picked":"White Noise+1","floor":29.0},{"not_picked":["Steam Power","Biased Cognition+1"],"picked":"Steam","floor":30.0},{"not_picked":["Sweeping Beam","Streamline+1"],"picked":"Force Field+1","floor":31.0},{"not_picked":["Rainbow","Hyperbeam"],"picked":"Multi-Cast","floor":33},{"not_picked":["Leap","Gash"],"picked":"Loop+1","floor":35},{"not_picked":["Go for the Eyes+1","Chaos"],"picked":"Cold Snap+1","floor":38}],"player_experience":814419,"relics_obtained":[{"floor":7.0,"key":"Frozen Egg 2"},{"floor":9.0,"key":"Tiny Chest"},{"floor":11.0,"key":"Dream Catcher"},{"floor":14.0,"key":"Pen Nib"},{"floor":19.0,"key":"Enchiridion"},{"floor":21.0,"key":"Smiling Mask"},{"floor":23.0,"key":"Mercury Hourglass"},{"floor":26.0,"key":"Centennial Puzzle"},{"floor":36,"key":"Lantern"}],"event_choices":[{"event_name":"Match and Keep!","player_choice":"2 cards matched","floor":10.0,"damage_taken":0.0},{"event_name":"Transmorgrifier","player_choice":"Transform","floor":13.0,"damage_taken":0.0},{"event_name":"Cursed Tome","player_choice":"Obtained Book","floor":19.0,"damage_taken":0.0},{"event_name":"Ghosts","player_choice":"Ignored","floor":27.0,"damage_taken":0.0},{"event_name":"Back to Basics","player_choice":"Simplicity","floor":28.0,"damage_taken":0.0}],"boss_relics":[{"not_picked":["Runic Dome","Coffee Dripper"],"picked":"Velvet Choker"},{"not_picked":["Eternal Feather","Busted Crown"],"picked":"Inserter"}],"items_purged_floors":[],"is_endless":false,"potions_floor_spawned":[3,7,11,14,20,22,23,29,30,35],"killed_by":"Giant Head","ascension_level":5}