{"gold_per_floor":[116,116,126,140,315,315,345,345,345,315,340,340,357,374,374,469,469,482,501,13,33,33,33,133,133,156,156,185,200,227,245,245,343,343,359,74,174,190,110,110,10,27,27,37,37],"floor_reached":45,"playtime":5075,"items_purged":["Regret","Regret","Parasite"],"score":548,"play_id":"066585b9-5722-4449-8327-8e66f75276e1","local_time":"20190215015800","is_ascension_mode":true,"campfire_choices":[{"data":"Noxious Fumes","floor":6,"key":"SMITH"},{"data":"Footwork","floor":8,"key":"SMITH"},{"floor":15,"key":"REST"},{"floor":23,"key":"REST"},{"floor":25,"key":"REST"},{"floor":27,"key":"REST"},{"data":"Apotheosis","floor":32,"key":"SMITH"},{"data":"Envenom","floor":40,"key":"SMITH"}],"neow_cost":"NONE","seed_source_timestamp":295915416437800,"circlet_count":0,"master_deck":["Defend_G","Defend_G","Defend_G","Defend_G","Defend_G","Strike_G","Strike_G","Strike_G","Strike_G","Survivor","Neutralize","Noxious Fumes+1","Footwork+1","Acrobatics","Dodge and Roll","Corpse Explosion","Predator","Acrobatics","Dodge and Roll","Envenom+1","Cloak And Dagger+1","Grand Finale","Noxious Fumes+1","Apotheosis+1","Blur","Deadly Poison","Deflect","Backflip","Caltrops+1","Bullet Time","Dash+1","Caltrops","Backflip+1","Catalyst+1","PiercingWail"],"relics":["Ring of the Snake","Odd Mushroom","Unceasing Top","The Courier","Velvet Choker","Blood Vial","DollysMirror","Gambling Chip","Singing Bowl","Meat on the Bone","Ancient Tea Set","Calling Bell","Art of War","Mummified Hand","Tough Bandages","Question Card","Regal Pillow"],"potions_floor_usage":[16,21,30,30,33,42,44],"damage_taken":[{"damage":8,"enemies":"Jaw Worm","floor":1,"turns":8},{"damage":1,"enemies":"2 Louse","floor":3,"turns":5},{"damage":4,"enemies":"Small Slimes","floor":4,"turns":5},{"damage":21,"enemies":"The Mushroom Lair","floor":7,"turns":5},{"damage":3,"enemies":"Looter","floor":10,"turns":4},{"damage":11,"enemies":"3 Sentries","floor":11,"turns":8},{"damage":4,"enemies":"Large Slime","floor":13,"turns":7},{"damage":9,"enemies":"3 Louse","floor":14,"turns":5},{"damage":11,"enemies":"Hexaghost","floor":16,"turns":12},{"damage":33,"enemies":"2 Thieves","floor":18,"turns":5},{"damage":15,"enemies":"3 Byrds","floor":19,"turns":3},{"damage":15,"enemies":"Cultist and Chosen","floor":21,"turns":6},{"damage":12,"enemies":"Colosseum Slavers","floor":24,"turns":7},{"damage":33,"enemies":"Colosseum Nobs","floor":24,"turns":4},{"damage":4,"enemies":"Gremlin Leader","floor":28,"turns":6},{"damage":8,"enemies":"Snake Plant","floor":29,"turns":6},{"damage":13,"enemies":"Slavers","floor":30,"turns":5},{"damage":2,"enemies":"Centurion and Healer","floor":31,"turns":6},{"damage":5,"enemies":"Champ","floor":33,"turns":13},{"damage":3,"enemies":"Orb Walker","floor":35,"turns":5},{"damage":5,"enemies":"3 Shapes","floor":38,"turns":5},{"damage":13,"enemies":"3 Darklings","floor":42,"turns":6},{"damage":13,"enemies":"Spire Growth","floor":44,"turns":4},{"damage":68,"enemies":"Transient","floor":45,"turns":4}],"seed_played":"-8981228349139757716","potions_obtained":[{"floor":3,"key":"Strength Potion"},{"floor":11,"key":"LiquidBronze"},{"floor":13,"key":"SteroidPotion"},{"floor":14,"key":"Fire Potion"},{"floor":21,"key":"Energy Potion"},{"floor":24,"key":"Block Potion"},{"floor":31,"key":"Weak Potion"},{"floor":33,"key":"SkillPotion"},{"floor":42,"key":"Fire Potion"}],"is_trial":false,"path_per_floor":["M","?","M","M","?","R","?","R","T","M","E","?","M","M","R","B",null,"M","M","$","M","?","R","?","R","T","R","E","M","E","M","R","B",null,"M","$","?","M","$","R","$","M","T","M","M"],"character_chosen":"THE_SILENT","items_purchased":["Blood Vial","DollysMirror","Apotheosis","Blur","Question Card","Caltrops"],"campfire_rested":4,"item_purchase_floors":[20,20,20,20,36,36],"current_hp_per_floor":[69,74,73,69,69,69,48,48,48,45,34,34,30,21,45,34,82,49,34,34,21,21,45,6,31,31,56,54,48,49,51,51,48,86,83,83,83,80,80,80,80,69,69,58,0],"gold":37,"neow_bonus":"TEN_PERCENT_HP_BONUS","is_prod":false,"is_daily":false,"chose_seed":false,"campfire_upgraded":4,"win_rate":0,"timestamp":1550213880,"path_taken":["M","?","M","M","?","R","?","R","T","M","E","?","M","M","R","BOSS","M","M","$","M","?","R","?","R","T","R","E","M","E","M","R","BOSS","M","$","?","?","?","R","$","M","T","M","M"],"build_version":"2019-01-23","purchased_purges":3,"victory":false,"max_hp_per_floor":[77,82,82,82,82,82,82,82,82,82,82,82,82,82,82,82,82,82,82,82,82,82,82,84,84,84,84,84,84,84,86,86,86,86,86,86,86,86,86,86,83,83,83,83,83],"card_choices":[{"not_picked":["Sucker Punch","Quick Slash"],"picked":"Noxious Fumes","floor":1},{"not_picked":["PiercingWail","Escape Plan"],"picked":"Footwork","floor":3},{"not_picked":["Poisoned Stab","Deadly Poison"],"picked":"Acrobatics","floor":4},{"not_picked":["Underhanded Strike","Predator"],"picked":"Dodge and Roll","floor":7},{"not_picked":["Deadly Poison","Underhanded Strike"],"picked":"Corpse Explosion","floor":10},{"not_picked":["Calculated Gamble","Finisher"],"picked":"Predator","floor":11},{"not_picked":["Flying Knee","Blade Dance"],"picked":"Acrobatics","floor":13},{"not_picked":["Blade Dance","Choke"],"picked":"Dodge and Roll","floor":14},{"not_picked":["Die Die Die","Tools of the Trade"],"picked":"Envenom","floor":16},{"not_picked":["Dagger Throw","Flying Knee"],"picked":"Cloak And Dagger+1","floor":18},{"not_picked":["Dodge and Roll","Prepared"],"picked":"Grand Finale","floor":19},{"not_picked":["Prepared","Outmaneuver"],"picked":"Deadly Poison","floor":21},{"not_picked":["Poisoned Stab","Outmaneuver","Blur"],"picked":"Singing Bowl","floor":24},{"not_picked":["Predator","Blade Dance"],"picked":"Deflect","floor":28},{"not_picked":["Backstab","Blade Dance"],"picked":"Backflip","floor":29},{"not_picked":["Underhanded Strike","Well Laid Plans"],"picked":"Caltrops+1","floor":30},{"not_picked":["Quick Slash","Heel Hook","Sucker Punch"],"picked":"Singing Bowl","floor":31},{"not_picked":["Wraith Form v2","Unload"],"picked":"Bullet Time","floor":33},{"not_picked":["Backstab+1","Flying Knee+1"],"picked":"Dash+1","floor":35},{"not_picked":["Slice+1","Prepared+1","Choke"],"picked":"Backflip+1","floor":38},{"not_picked":["Deadly Poison","Infinite Blades+1","Underhanded Strike+1"],"picked":"Catalyst+1","floor":42},{"not_picked":["Underhanded Strike+1","Cloak And Dagger","Eviscerate+1"],"picked":"PiercingWail","floor":44}],"player_experience":133882,"relics_obtained":[{"floor":7,"key":"Odd Mushroom"},{"floor":9,"key":"Unceasing Top"},{"floor":11,"key":"The Courier"},{"floor":24,"key":"Gambling Chip"},{"floor":24,"key":"Singing Bowl"},{"floor":28,"key":"Meat on the Bone"},{"floor":30,"key":"Ancient Tea Set"},{"floor":34,"key":"Art of War"},{"floor":34,"key":"Mummified Hand"},{"floor":34,"key":"Tough Bandages"},{"floor":43,"key":"Regal Pillow"}],"event_choices":[{"damage_healed":0,"gold_gain":0,"player_choice":"Donut","damage_taken":0,"max_hp_gain":5,"max_hp_loss":0,"event_name":"Big Fish","floor":2,"gold_loss":0},{"damage_healed":0,"gold_gain":175,"player_choice":"AGREE","damage_taken":0,"max_hp_gain":0,"max_hp_loss":0,"event_name":"Liars Game","floor":5,"gold_loss":0,"cards_obtained":["Doubt"]},{"damage_healed":0,"gold_gain":0,"player_choice":"Fought Mushrooms","damage_taken":0,"max_hp_gain":0,"max_hp_loss":0,"event_name":"Mushrooms","floor":7,"gold_loss":0},{"cards_removed":["Doubt"],"damage_healed":0,"gold_gain":0,"player_choice":"Forget","damage_taken":0,"max_hp_gain":0,"max_hp_loss":0,"event_name":"Living Wall","floor":12,"gold_loss":0},{"cards_removed":["Strike_G"],"damage_healed":0,"gold_gain":0,"player_choice":"Elegance","damage_taken":0,"max_hp_gain":0,"max_hp_loss":0,"event_name":"Back to Basics","floor":22,"gold_loss":0},{"damage_healed":0,"gold_gain":0,"player_choice":"Fight","damage_taken":0,"max_hp_gain":0,"max_hp_loss":0,"event_name":"Colosseum","floor":24,"gold_loss":0},{"damage_healed":0,"gold_gain":0,"player_choice":"Fought Nobs","damage_taken":0,"max_hp_gain":0,"max_hp_loss":0,"event_name":"Colosseum","floor":24,"gold_loss":0},{"damage_healed":0,"gold_gain":100,"player_choice":"Pray","damage_taken":0,"max_hp_gain":0,"max_hp_loss":0,"event_name":"Golden Shrine","floor":37,"gold_loss":0}],"is_beta":false,"boss_relics":[{"not_picked":["Philosopher\u0027s Stone","Sozu"],"picked":"Velvet Choker"},{"not_picked":["White Beast Statue","Ring of the Serpent"],"picked":"Calling Bell"}],"items_purged_floors":[36,39,41],"is_endless":false,"potions_floor_spawned":[3,11,13,14,21,24,31,33,42],"killed_by":"Transient","ascension_level":2}