{"gold_per_floor":[114,128,61,81,94,94,108,143,143,176,176,176,187,200,200,200],"floor_reached":16,"playtime":1299,"items_purged":[],"score":125,"play_id":"f2733d1c-db34-49c5-987a-5229ed70ccc7","local_time":"20190111204541","is_ascension_mode":true,"campfire_choices":[{"data":"Rage","floor":6,"key":"SMITH"},{"floor":12,"key":"REST"},{"floor":15,"key":"REST"}],"neow_cost":"NONE","seed_source_timestamp":11924660590155707,"circlet_count":0,"master_deck":["Strike_R","Strike_R","Strike_R","Strike_R","Strike_R","Defend_R","Defend_R","Defend_R","Defend_R","Bash","Purity+1","Battle Trance","Dropkick","Rage+1","Burning Pact","Headbutt+1","Ghostly Armor","Entrench","Dropkick","Spot Weakness"],"relics":["Burning Blood","Bottled Flame","Calipers","Nunchaku"],"potions_floor_usage":[8,16,16],"damage_taken":[{"damage":8,"enemies":"Jaw Worm","floor":1,"turns":4},{"damage":1,"enemies":"Cultist","floor":2,"turns":3},{"damage":1,"enemies":"Small Slimes","floor":4,"turns":4},{"damage":28,"enemies":"Exordium Thugs","floor":5,"turns":6},{"damage":4,"enemies":"Red Slaver","floor":7,"turns":4},{"damage":8,"enemies":"Lagavulin","floor":8,"turns":9},{"damage":32,"enemies":"Gremlin Nob","floor":10,"turns":5},{"damage":11,"enemies":"Looter","floor":13,"turns":2},{"damage":8,"enemies":"Blue Slaver","floor":14,"turns":3},{"damage":65,"enemies":"Slime Boss","floor":16,"turns":8}],"seed_played":"4825383599249199807","potions_obtained":[{"floor":1,"key":"Weak Potion"},{"floor":4,"key":"SpeedPotion"},{"floor":7,"key":"BloodPotion"},{"floor":8,"key":"FearPotion"}],"is_trial":false,"path_per_floor":["M","M","$","M","M","R","M","E","T","E","?","R","M","M","R","B"],"character_chosen":"IRONCLAD","items_purchased":["Rage"],"campfire_rested":2,"item_purchase_floors":[3],"current_hp_per_floor":[78,80,80,80,58,58,60,58,58,32,16,40,35,33,57,0],"gold":200,"neow_bonus":"RANDOM_COLORLESS","is_prod":false,"is_daily":false,"chose_seed":false,"campfire_upgraded":1,"win_rate":0,"timestamp":1547235941,"path_taken":["M","M","$","M","M","R","M","E","T","E","?","R","M","M","R","BOSS"],"build_version":"2019-01-10","purchased_purges":0,"victory":false,"max_hp_per_floor":[80,80,80,80,80,80,80,80,80,80,80,80,80,80,80,80],"card_choices":[{"not_picked":["Clash","Wild Strike"],"picked":"Battle Trance","floor":1},{"not_picked":["Headbutt","Rupture"],"picked":"Dropkick","floor":2},{"not_picked":["Flex","Iron Wave"],"picked":"Burning Pact","floor":4},{"not_picked":["Armaments","Bludgeon"],"picked":"Headbutt","floor":5},{"not_picked":["Armaments","Entrench"],"picked":"Ghostly Armor","floor":7},{"not_picked":["Carnage","Body Slam","True Grit"],"picked":"SKIP","floor":8},{"not_picked":["Headbutt","True Grit"],"picked":"Entrench","floor":10},{"not_picked":["Fire Breathing","Anger"],"picked":"Dropkick","floor":13},{"not_picked":["Dual Wield","Corruption"],"picked":"Spot Weakness","floor":14}],"player_experience":195508,"relics_obtained":[{"floor":8,"key":"Bottled Flame"},{"floor":9,"key":"Calipers"},{"floor":10,"key":"Nunchaku"}],"event_choices":[{"damage_healed":0,"gold_gain":0,"player_choice":"Entered Light","damage_taken":16,"max_hp_gain":0,"max_hp_loss":0,"event_name":"Shining Light","floor":11,"gold_loss":0,"cards_upgraded":["Headbutt","Purity"]}],"is_beta":false,"boss_relics":[],"items_purged_floors":[],"is_endless":false,"potions_floor_spawned":[1,4,7,8,14],"killed_by":"Slime Boss","ascension_level":2}