{"gold_per_floor":[119,44,58,69,69,69,100,100,124,124,140,140,159,178,178,249,249,263,19,19,19],"floor_reached":21,"playtime":851,"items_purged":["Defend_R"],"score":340,"play_id":"26c9949e-3b09-4abf-8060-07cd54ecf1c6","local_time":"20190214182947","is_ascension_mode":true,"campfire_choices":[{"floor":6,"key":"REST"},{"floor":12,"key":"REST"},{"data":"Rage","floor":15,"key":"SMITH"}],"neow_cost":"NONE","seed_source_timestamp":14854553851272501,"circlet_count":0,"master_deck":["AscendersBane","Strike_R","Strike_R","Strike_R","Strike_R","Defend_R","Defend_R","Defend_R","Bash","Iron Wave","Rampage","Rage+1","Warcry","Pommel Strike","Ghostly Armor","Feed","True Grit","Corruption"],"relics":["Burning Blood","Blood Vial","Ancient Tea Set","Boot","Smiling Mask","Sozu","PreservedInsect"],"potions_floor_usage":[7,16,16],"damage_taken":[{"damage":6,"enemies":"Cultist","floor":1,"turns":3},{"damage":8,"enemies":"2 Louse","floor":3,"turns":4},{"damage":9,"enemies":"Jaw Worm","floor":4,"turns":4},{"damage":33,"enemies":"Lagavulin","floor":7,"turns":6},{"damage":14,"enemies":"2 Fungi Beasts","floor":11,"turns":5},{"damage":0,"enemies":"Blue Slaver","floor":13,"turns":2},{"damage":8,"enemies":"Exordium Wildlife","floor":14,"turns":4},{"damage":34,"enemies":"Hexaghost","floor":16,"turns":9},{"damage":53,"enemies":"Spheric Guardian","floor":18,"turns":8},{"damage":19,"enemies":"Colosseum Slavers","floor":20,"turns":8},{"damage":18,"enemies":"3 Byrds","floor":21,"turns":4}],"seed_played":"-7350969241323610961","potions_obtained":[{"floor":4,"key":"Dexterity Potion"},{"floor":13,"key":"Strength Potion"},{"floor":14,"key":"Strength Potion"},{"floor":16,"key":"Ancient Potion"}],"is_trial":false,"path_per_floor":["M","$","M","M","?","R","E","?","T","?","M","R","M","M","R","B",null,"M","$","?","M"],"character_chosen":"IRONCLAD","items_purchased":["Corruption","PreservedInsect"],"campfire_rested":2,"item_purchase_floors":[19,19],"current_hp_per_floor":[70,70,70,69,43,65,40,33,33,58,52,74,75,73,73,47,68,23,23,15,0],"gold":19,"neow_bonus":"RANDOM_COMMON_RELIC","is_prod":false,"is_daily":false,"chose_seed":false,"campfire_upgraded":1,"win_rate":0,"timestamp":1550165387,"path_taken":["M","$","M","?","?","R","E","?","T","?","M","R","M","M","R","BOSS","M","$","?","M"],"build_version":"2019-01-23","purchased_purges":1,"victory":false,"max_hp_per_floor":[75,75,75,75,75,75,75,75,75,75,75,75,75,75,75,75,75,75,75,78,78],"card_choices":[{"not_picked":["Cleave","Seeing Red"],"picked":"Iron Wave","floor":1},{"not_picked":["Anger","Body Slam"],"picked":"Rampage","floor":3},{"not_picked":["Clothesline","Armaments"],"picked":"Rage","floor":4},{"not_picked":["Bloodletting","Headbutt"],"picked":"Warcry","floor":7},{"not_picked":["Inflame","Burning Pact"],"picked":"Pommel Strike","floor":11},{"not_picked":["Pummel","Brutality","Cleave"],"picked":"SKIP","floor":13},{"not_picked":["Shrug It Off","Sever Soul"],"picked":"Ghostly Armor","floor":14},{"not_picked":["Offering","Exhume"],"picked":"Feed","floor":16},{"not_picked":["Anger","Sever Soul"],"picked":"True Grit","floor":18}],"player_experience":395741,"relics_obtained":[{"floor":7,"key":"Boot"},{"floor":9,"key":"Smiling Mask"}],"event_choices":[{"damage_healed":0,"gold_gain":0,"player_choice":"Success","damage_taken":26,"relics_obtained":["Ancient Tea Set"],"max_hp_gain":0,"max_hp_loss":0,"event_name":"Scrap Ooze","floor":5,"gold_loss":0},{"cards_removed":["Strike_R"],"damage_healed":0,"gold_gain":0,"player_choice":"Card Removal","damage_taken":7,"max_hp_gain":0,"max_hp_loss":0,"event_name":"Golden Wing","floor":8,"gold_loss":0},{"damage_healed":25,"gold_gain":0,"player_choice":"Banana","damage_taken":0,"max_hp_gain":0,"max_hp_loss":0,"event_name":"Big Fish","floor":10,"gold_loss":0},{"damage_healed":0,"gold_gain":0,"player_choice":"Fight","damage_taken":0,"max_hp_gain":0,"max_hp_loss":0,"event_name":"Colosseum","floor":20,"gold_loss":0},{"damage_healed":0,"gold_gain":0,"player_choice":"Fled From Nobs","damage_taken":0,"max_hp_gain":0,"max_hp_loss":0,"event_name":"Colosseum","floor":20,"gold_loss":0}],"is_beta":false,"boss_relics":[{"not_picked":["Lizard Tail","Coffee Dripper"],"picked":"Sozu"}],"items_purged_floors":[2],"is_endless":false,"potions_floor_spawned":[4,13,14,16,20],"killed_by":"3 Byrds","ascension_level":18}