{"gold_per_floor":[114,127,302,302,315,351,351,426,426,426,439,4,4,4],"floor_reached":14,"playtime":252,"items_purged":[],"score":132,"play_id":"f3947bb8-3a96-464a-bae6-3d6d49675fec","local_time":"20181109183031","is_ascension_mode":true,"campfire_choices":[{"data":"Venomology","floor":7,"key":"SMITH"},{"data":"Underhanded Strike","floor":10,"key":"SMITH"},{"data":"Survivor","floor":13,"key":"SMITH"}],"neow_cost":"NONE","seed_source_timestamp":175782254758188,"circlet_count":0,"master_deck":["AscendersBane","Defend_G","Defend_G","Defend_G","Defend_G","Defend_G","Strike_G","Strike_G","Strike_G","Strike_G","Strike_G","Survivor+1","Neutralize","Underhanded Strike+1","Dagger Spray","Doubt","Quick Slash","Venomology+1"],"special_seed":0,"relics":["Ring of the Snake","NeowsBlessing","Golden Idol","Sundial","Singing Bowl","Molten Egg 2","Toy Ornithopter"],"potions_floor_usage":[6,6,6,11],"damage_taken":[{"damage":0,"enemies":"Jaw Worm","floor":1,"turns":1},{"damage":0,"enemies":"Small Slimes","floor":2,"turns":1},{"damage":0,"enemies":"2 Louse","floor":5,"turns":1},{"damage":1,"enemies":"3 Sentries","floor":6,"turns":6},{"damage":15,"enemies":"Exordium Thugs","floor":11,"turns":5},{"damage":25,"enemies":"Gremlin Nob","floor":14,"turns":4}],"seed_played":"-309004189196059260","potions_obtained":[{"floor":1,"key":"PowerPotion"},{"floor":2,"key":"EssenceOfSteel"},{"floor":5,"key":"Fire Potion"}],"is_trial":false,"path_per_floor":["M","M","?","?","M","E","R","?","T","R","M","$","R","E"],"character_chosen":"THE_SILENT","items_purchased":["Molten Egg 2","Toy Ornithopter"],"campfire_rested":0,"item_purchase_floors":[12,12],"current_hp_per_floor":[63,63,63,63,63,62,62,51,51,51,52,52,52,27],"gold":4,"neow_bonus":"THREE_ENEMY_KILL","is_prod":false,"is_daily":false,"chose_seed":false,"campfire_upgraded":3,"win_rate":0,"timestamp":1541784631,"path_taken":["M","M","?","?","M","E","R","?","T","R","?","$","R","E"],"build_version":"2018-11-08","purchased_purges":0,"victory":false,"max_hp_per_floor":[70,70,70,65,65,65,65,65,65,65,67,67,67,67],"card_choices":[{"not_picked":["Deflect","Dagger Throw"],"picked":"Underhanded Strike","floor":1},{"not_picked":["Dash","Concentrate"],"picked":"Dagger Spray","floor":2},{"not_picked":["Finisher","Dagger Spray"],"picked":"Quick Slash","floor":5},{"not_picked":["Dagger Throw","PiercingWail"],"picked":"Venomology","floor":6},{"not_picked":["Underhanded Strike","Deadly Poison","Blur"],"picked":"Singing Bowl","floor":11}],"player_experience":1151740,"relics_obtained":[{"floor":6,"key":"Sundial"},{"floor":9,"key":"Singing Bowl"}],"event_choices":[{"damage_healed":0,"gold_gain":175,"player_choice":"AGREE","damage_taken":0,"max_hp_gain":0,"max_hp_loss":0,"event_name":"Liars Game","floor":3,"gold_loss":0,"cards_obtained":["Doubt"]},{"damage_healed":0,"gold_gain":0,"player_choice":"Lose Max HP","damage_taken":0,"relics_obtained":["Golden Idol"],"max_hp_gain":0,"max_hp_loss":5,"event_name":"Golden Idol","floor":4,"gold_loss":0},{"damage_healed":0,"gold_gain":75,"player_choice":"Gather Gold","damage_taken":11,"max_hp_gain":0,"max_hp_loss":0,"event_name":"World of Goop","floor":8,"gold_loss":0}],"is_beta":false,"boss_relics":[],"items_purged_floors":[],"is_endless":false,"potions_floor_spawned":[1,2,5],"killed_by":"Gremlin Nob","ascension_level":10}