{"path_per_floor":["M","?","?","M","$","E","M","E","T","E","R","M","$","M","R","B",null,"M","?","?","T","M","R","M","$","T","R","M","?","M","M","R"],"character_chosen":"THE_SILENT","items_purchased":["Acrobatics","Bag of Marbles","Block Potion"],"gold_per_floor":[118,118,118,130,106,132,151,185,185,213,213,228,2,12,12,109,109,94,94,94,94,94,94,94,45,45,45,45,45,45,45,45,45],"floor_reached":33,"campfire_rested":0,"playtime":1357,"current_hp_per_floor":[70,70,56,56,56,56,68,67,67,62,62,53,53,53,53,12,80,80,80,80,80,80,80,70,70,70,70,59,59,59,59,59,0],"items_purged":["Regret"],"gold":45,"score":350,"play_id":"18b88707-0163-4fa0-a362-91b068dca3cd","local_time":"20180511093920","is_prod":false,"is_daily":false,"chose_seed":false,"is_ascension_mode":true,"campfire_upgraded":5,"timestamp":1526024360,"path_taken":["M","?","?","?","?","E","M","E","T","E","R","M","$","M","R","BOSS","M","?","?","?","M","R","?","$","T","R","M","?","M","?","R","BOSS"],"build_version":"2018-05-10","seed_source_timestamp":85369709893499,"purchased_purges":1,"victory":false,"master_deck":["Defend_G","Defend_G","Defend_G","Defend_G","Defend_G","Strike_G","Strike_G+1","Strike_G+1","Strike_G","Strike_G","Survivor","Neutralize","Underhanded Strike+1","Acrobatics","Terror+1","Masterful Stab","Blur+1","Underhanded Strike+1","Escape Plan","Backstab","Dagger Throw+1","Unload","Slice","Outmaneuver","Caltrops+1","Prepared","Dagger Throw","Underhanded Strike","Backstab","Blur"],"max_hp_per_floor":[70,70,70,70,70,70,70,70,70,80,80,80,80,80,80,80,80,80,80,80,80,80,80,80,80,80,80,80,80,80,80,80,80],"relics":["Ring of the Snake","NeowsBlessing","Ornamental Fan","Bottled Flame","Prayer Wheel","Shuriken","Pear","Bag of Marbles","Ectoplasm","Red Mask","Darkstone Periapt","Mummified Hand","Blue Candle"],"card_choices":[{"not_picked":["Bane","Acrobatics"],"picked":"Underhanded Strike","floor":4},{"not_picked":["Sucker Punch","Backstab"],"picked":"Terror","floor":6},{"not_picked":["Slice","Prepared"],"picked":"Masterful Stab","floor":7},{"not_picked":["Slice","Riddle With Holes"],"picked":"Blur","floor":8},{"not_picked":["Noxious Fumes","Expertise"],"picked":"Underhanded Strike","floor":9},{"not_picked":["Bane","Envenom"],"picked":"Escape Plan","floor":10},{"not_picked":["Dodge and Roll","Deadly Poison"],"picked":"Backstab","floor":12},{"not_picked":["Prepared","PiercingWail"],"picked":"Dagger Throw","floor":14},{"not_picked":["Night Terror","Corpse Explosion"],"picked":"Unload","floor":16},{"not_picked":["Cloak And Dagger","Predator"],"picked":"Slice","floor":18},{"not_picked":["Deadly Poison","Bane"],"picked":"Caltrops","floor":20},{"not_picked":["Quick Slash","Deadly Poison"],"picked":"Prepared","floor":22},{"not_picked":["Prepared","Poisoned Stab"],"picked":"Dagger Throw","floor":24},{"not_picked":["Bouncing Flask","Acrobatics"],"picked":"Underhanded Strike","floor":26},{"not_picked":["Footwork","Caltrops"],"picked":"Backstab","floor":28},{"not_picked":["Acrobatics","Deadly Poison"],"picked":"Blur","floor":31}],"player_experience":454539,"potions_floor_usage":[7,8,8,31,33,33,33],"damage_taken":[{"damage":0,"enemies":"2 Louse","floor":1,"turns":1},{"damage":0,"enemies":"Jaw Worm","floor":4,"turns":1},{"damage":0,"enemies":"3 Sentries","floor":6,"turns":1},{"damage":0,"enemies":"Cultist","floor":7,"turns":5},{"damage":1,"enemies":"Gremlin Nob","floor":8,"turns":3},{"damage":15,"enemies":"3 Sentries","floor":10,"turns":6},{"damage":9,"enemies":"Exordium Wildlife","floor":12,"turns":3},{"damage":0,"enemies":"Large Slime","floor":14,"turns":3},{"damage":41,"enemies":"Slime Boss","floor":16,"turns":8},{"damage":0,"enemies":"2 Thieves","floor":18,"turns":2},{"damage":0,"enemies":"Masked Bandits","floor":20,"turns":3},{"damage":0,"enemies":"Spheric Guardian","floor":22,"turns":1},{"damage":10,"enemies":"Snecko","floor":24,"turns":3},{"damage":11,"enemies":"Centurion and Healer","floor":28,"turns":3},{"damage":0,"enemies":"Chosen and Byrds","floor":30,"turns":3},{"damage":0,"enemies":"Snake Plant","floor":31,"turns":2},{"damage":97,"enemies":"Collector","floor":33,"turns":6}],"event_choices":[{"event_name":"Big Fish","player_choice":"Box","floor":2,"damage_taken":0},{"event_name":"Shining Light","player_choice":"Entered Light","floor":3,"damage_taken":0},{"event_name":"The Library","player_choice":"Read","floor":19,"damage_taken":0},{"event_name":"Masked Bandits","player_choice":"Fought over 94 gold","floor":20,"damage_taken":0},{"event_name":"The Mausoleum","player_choice":"Yes","floor":29,"damage_taken":0}],"boss_relics":[{"not_picked":["Velvet Choker","Astrolabe"],"picked":"Ectoplasm"}],"potions_floor_spawned":[1,4,6,22,24,28,30,31],"seed_played":"1594376091143278646","killed_by":"Collector","ascension_level":4,"is_trial":false}