{"gold_per_floor":[16,16,35,35,46,46,79,79,79,113,131,144,170,188,188,289,289,307,307,322,337,355],"floor_reached":22,"playtime":762,"items_purged":[],"score":284,"play_id":"ccd57c22-18c1-4655-a9f3-1c365ecc83b9","local_time":"20180726202540","is_ascension_mode":true,"campfire_choices":[{"data":"Spot Weakness","floor":6.0,"key":"SMITH"},{"data":"Bash","floor":15.0,"key":"SMITH"}],"neow_cost":"NO_GOLD","seed_source_timestamp":875262915627504,"circlet_count":0,"master_deck":["Strike_R","Strike_R","Strike_R","Defend_R","Defend_R","Defend_R","Bash+1","Spot Weakness+1","Clash","Headbutt","Dropkick","Cleave","Shrug It Off","Bloodletting","Heavy Blade","Limit Break","Pommel Strike","Pommel Strike+1","Pommel Strike+1","Fire Breathing+1"],"special_seed":0,"relics":["Burning Blood","Ornamental Fan","Frozen Egg 2","Blue Candle","Strawberry","Sozu"],"potions_floor_usage":[16,21],"damage_taken":[{"damage":7.0,"enemies":"2 Louse","floor":1.0,"turns":3.0},{"damage":1.0,"enemies":"Cultist","floor":3.0,"turns":3.0},{"damage":2.0,"enemies":"Jaw Worm","floor":5.0,"turns":2.0},{"damage":20.0,"enemies":"Gremlin Nob","floor":7.0,"turns":4.0},{"damage":20.0,"enemies":"Lagavulin","floor":10.0,"turns":5.0},{"damage":12.0,"enemies":"Exordium Thugs","floor":11.0,"turns":3.0},{"damage":1.0,"enemies":"Lots of Slimes","floor":12.0,"turns":2.0},{"damage":11.0,"enemies":"3 Sentries","floor":13.0,"turns":7.0},{"damage":6.0,"enemies":"Looter","floor":14.0,"turns":2.0},{"damage":46,"enemies":"Hexaghost","floor":16,"turns":6},{"damage":6,"enemies":"Spheric Guardian","floor":18,"turns":3},{"damage":44,"enemies":"3 Byrds","floor":20,"turns":4},{"damage":12,"enemies":"Snecko","floor":21,"turns":4},{"damage":22,"enemies":"Centurion and Healer","floor":22,"turns":6}],"seed_played":"596181661267604734","potions_obtained":[{"floor":2.0,"key":"Energy Potion"},{"floor":2.0,"key":"Ancient Potion"},{"floor":2.0,"key":"FearPotion"},{"floor":7.0,"key":"SpeedPotion"},{"floor":11.0,"key":"Block Potion"},{"floor":13.0,"key":"AttackPotion"},{"floor":14.0,"key":"SpeedPotion"}],"is_trial":false,"path_per_floor":["M","?","M","$","M","R","E","?","T","E","M","M","E","M","R","B",null,"M","?","M","M"],"character_chosen":"IRONCLAD","items_purchased":[],"campfire_rested":0,"item_purchase_floors":[],"current_hp_per_floor":[71,71,76,76,80,80,66,66,66,52,46,51,53,53,53,13,69,69,69,31,25,9],"gold":355,"neow_bonus":"REMOVE_TWO","is_prod":false,"is_daily":false,"chose_seed":false,"campfire_upgraded":2,"win_rate":0,"timestamp":1532629540,"path_taken":["M","?","M","?","?","R","E","?","T","E","M","M","E","M","R","BOSS","M","?","M","M","?"],"build_version":"2018-07-19v2","purchased_purges":0,"victory":false,"max_hp_per_floor":[80,80,80,80,80,80,80,80,80,80,80,80,87,87,87,87,87,87,87,87,87,87],"card_choices":[{"not_picked":["Heavy Blade","Headbutt"],"picked":"Spot Weakness","floor":1.0},{"not_picked":["Warcry","Flex"],"picked":"Clash","floor":3.0},{"not_picked":["Evolve","Wild Strike"],"picked":"Headbutt","floor":5.0},{"not_picked":["Reckless Charge","Corruption","Second Wind"],"picked":"SKIP","floor":7.0},{"not_picked":["Flex","True Grit"],"picked":"Dropkick","floor":10.0},{"not_picked":["Headbutt","Rampage"],"picked":"Cleave","floor":11.0},{"not_picked":["Immolate","Headbutt"],"picked":"Shrug It Off","floor":12.0},{"not_picked":["Cleave","Power Through"],"picked":"Bloodletting","floor":13.0},{"not_picked":["Uppercut","True Grit"],"picked":"Heavy Blade","floor":14.0},{"not_picked":["Juggernaut+1","Double Tap"],"picked":"Limit Break","floor":16},{"not_picked":["Wild Strike","Clothesline"],"picked":"Pommel Strike","floor":18},{"not_picked":["Anger","Headbutt"],"picked":"Pommel Strike+1","floor":20},{"not_picked":["True Grit","Havoc"],"picked":"Pommel Strike+1","floor":21},{"not_picked":["Headbutt","Dual Wield+1"],"picked":"Fire Breathing+1","floor":22}],"player_experience":845172,"relics_obtained":[{"floor":7.0,"key":"Ornamental Fan"},{"floor":9.0,"key":"Frozen Egg 2"},{"floor":10.0,"key":"Blue Candle"},{"floor":13.0,"key":"Strawberry"}],"event_choices":[{"event_name":"The Lab","player_choice":"Got Potions","floor":2.0,"damage_taken":0.0},{"event_name":"Bonfire Elementals","player_choice":"BASIC","floor":8.0,"damage_taken":0.0},{"event_name":"Ghosts","player_choice":"Ignored","floor":19,"damage_taken":0}],"is_beta":false,"boss_relics":[{"not_picked":["Runic Dome","Mark of Pain"],"picked":"Sozu"}],"items_purged_floors":[],"is_endless":false,"potions_floor_spawned":[7,11,13,14,18,22],"killed_by":"Centurion and Healer","ascension_level":7}