{"gold_per_floor":[116,18,18,36,54,84,84,84,133,133,98,58,58,71,71,147,147,161,161,80,59,59,59,59],"floor_reached":24,"playtime":872,"items_purged":[],"score":365,"play_id":"d60e6dec-2ad0-4521-8838-17657fa32a49","local_time":"20190217190620","is_ascension_mode":true,"campfire_choices":[{"data":"Jack Of All Trades","floor":7,"key":"SMITH"},{"floor":13,"key":"REST"},{"data":"Rage","floor":15,"key":"SMITH"},{"floor":23,"key":"REST"}],"neow_cost":"NONE","seed_source_timestamp":15115925984507203,"circlet_count":0,"master_deck":["AscendersBane","Strike_R","Strike_R","Strike_R","Strike_R","Strike_R","Defend_R","Defend_R","Defend_R","Defend_R","Bash","Jack Of All Trades+1","Shrug It Off","Rage+1","Iron Wave","Feed","Iron Wave","Metallicize","Iron Wave","Ghostly","Ghostly","Ghostly"],"relics":["Burning Blood","NeowsBlessing","GremlinMask","Oddly Smooth Stone","Omamori","Cursed Key","Enchiridion"],"potions_floor_usage":[6,16],"damage_taken":[{"damage":0,"enemies":"Small Slimes","floor":1,"turns":1},{"damage":0,"enemies":"Cultist","floor":4,"turns":1},{"damage":0,"enemies":"2 Louse","floor":5,"turns":1},{"damage":44,"enemies":"3 Sentries","floor":6,"turns":13},{"damage":11,"enemies":"Looter","floor":12,"turns":4},{"damage":19,"enemies":"Blue Slaver","floor":14,"turns":4},{"damage":49,"enemies":"The Guardian","floor":16,"turns":17},{"damage":20,"enemies":"Shell Parasite","floor":18,"turns":8},{"damage":21,"enemies":"2 Thieves","floor":21,"turns":4},{"damage":28,"enemies":"Shelled Parasite and Fungi","floor":24,"turns":8}],"seed_played":"-963770946745186592","potions_obtained":[{"floor":1,"key":"SneckoOil"},{"floor":4,"key":"AttackPotion"},{"floor":6,"key":"Strength Potion"}],"is_trial":false,"path_per_floor":["M","$","?","M","M","E","R","?","T","?","?","M","R","M","R","B",null,"M","?","$","M","?","R","M"],"character_chosen":"IRONCLAD","items_purchased":["Jack Of All Trades","Metallicize"],"campfire_rested":2,"item_purchase_floors":[2,20],"current_hp_per_floor":[74,74,74,75,75,37,37,37,37,55,73,68,75,62,62,19,61,47,26,26,11,11,22,0],"gold":59,"neow_bonus":"THREE_ENEMY_KILL","is_prod":false,"is_daily":false,"chose_seed":false,"campfire_upgraded":2,"win_rate":0,"timestamp":1550426780,"path_taken":["M","$","?","M","?","E","R","?","T","?","?","M","R","M","R","BOSS","M","?","$","M","?","R","M"],"build_version":"2019-01-23","purchased_purges":0,"victory":false,"max_hp_per_floor":[75,75,75,75,75,75,75,75,75,75,75,75,75,75,75,75,75,75,75,75,75,37,37,40],"card_choices":[{"not_picked":["Entrench","Clash","Heavy Blade"],"picked":"SKIP","floor":1},{"not_picked":["Warcry","Clash"],"picked":"Shrug It Off","floor":4},{"not_picked":["Heavy Blade","Perfected Strike"],"picked":"Rage","floor":5},{"not_picked":["Carnage","Body Slam","Rupture"],"picked":"SKIP","floor":6},{"not_picked":["Searing Blow","Hemokinesis","Anger"],"picked":"SKIP","floor":12},{"not_picked":["Thunderclap","Sever Soul"],"picked":"Iron Wave","floor":14},{"not_picked":["Dark Embrace","Brutality"],"picked":"Feed","floor":16},{"not_picked":["Pommel Strike","Second Wind"],"picked":"Iron Wave","floor":18},{"not_picked":["Carnage","Reckless Charge"],"picked":"Iron Wave","floor":21}],"player_experience":411046,"relics_obtained":[{"floor":6,"key":"Oddly Smooth Stone"},{"floor":9,"key":"Omamori"},{"floor":19,"key":"Enchiridion"}],"event_choices":[{"damage_healed":0,"gold_gain":0,"player_choice":"Trade","damage_taken":0,"relics_obtained":["GremlinMask"],"max_hp_gain":0,"max_hp_loss":0,"event_name":"FaceTrader","floor":3,"gold_loss":0},{"damage_healed":0,"gold_gain":0,"player_choice":"Ignored","damage_taken":0,"max_hp_gain":0,"max_hp_loss":0,"event_name":"Golden Wing","floor":8,"gold_loss":0},{"damage_healed":18,"gold_gain":0,"player_choice":"Healed and dodged fight","damage_taken":0,"max_hp_gain":0,"max_hp_loss":0,"event_name":"Mushrooms","floor":10,"gold_loss":0,"cards_obtained":["Parasite"]},{"damage_healed":18,"gold_gain":0,"player_choice":"Healed","damage_taken":0,"max_hp_gain":0,"max_hp_loss":0,"event_name":"The Cleric","floor":11,"gold_loss":35},{"damage_healed":0,"gold_gain":0,"player_choice":"Obtained Book","damage_taken":21,"max_hp_gain":0,"max_hp_loss":0,"event_name":"Cursed Tome","floor":19,"gold_loss":0},{"damage_healed":0,"gold_gain":0,"player_choice":"Became a Ghost","damage_taken":0,"max_hp_gain":0,"max_hp_loss":38,"event_name":"Ghosts","floor":22,"gold_loss":0,"cards_obtained":["Ghostly","Ghostly","Ghostly"]}],"is_beta":false,"boss_relics":[{"not_picked":["Lizard Tail","Black Blood"],"picked":"Cursed Key"}],"items_purged_floors":[],"is_endless":false,"potions_floor_spawned":[1,4,6],"killed_by":"Shelled Parasite and Fungi","ascension_level":18}