{"path_per_floor":["M","?","?","T","M","E","M","R","T","$","E","M","M","M","R","B",null,"M","?","M","M","$","E","R","M","T","M","R","?","?","E","R","B",null,"M","?","$","?","M","R","E","$","T","E","M","R","$","M","R","B"],"character_chosen":"THE_SILENT","items_purchased":["Infinite Blades","GhostInAJar","Weak Potion","Matryoshka","Singing Bowl","Mind Blast","Bottled Tornado","Regal Pillow"],"gold_per_floor":[118,118,68,147,172,212,236,236,236,73,106,121,146,171,171,291,291,309,559,580,598,265,300,300,320,345,365,365,400,400,433,433,557,557,578,800,445,445,464,464,504,93,93,126,151,151,151,166,166,166],"floor_reached":51,"campfire_rested":5,"playtime":2164,"current_hp_per_floor":[70,70,70,70,70,70,70,70,70,70,84,78,78,78,78,78,83,79,79,77,60,60,60,60,38,38,12,37,31,31,18,43,26,70,70,70,70,70,33,58,52,52,59,61,35,77,77,67,91,59],"items_purged":["Regret","Catalyst"],"gold":166,"score":1169,"play_id":"38fb09f8-a0bc-4eb9-ba37-18e02c5d1338","local_time":"20180517154052","is_prod":false,"is_daily":false,"chose_seed":false,"is_ascension_mode":true,"campfire_upgraded":3,"timestamp":1526564452,"path_taken":["M","?","?","?","M","E","M","R","T","$","E","?","?","M","R","BOSS","M","?","M","?","$","E","R","M","T","M","R","?","?","E","R","BOSS","M","?","$","?","?","R","E","?","T","E","M","R","$","M","R","BOSS"],"build_version":"2018-05-10","seed_source_timestamp":280621465478196,"purchased_purges":2,"victory":true,"master_deck":["Survivor","Slice","Infinite Blades","Dagger Spray+1","Prepared","Infinite Blades","Finisher","Backflip","Flying Knee","Accuracy+1","Night Terror+1","Backstab","Finisher","Underhanded Strike","Dagger Throw","Poisoned Stab","Calculated Gamble","Outmaneuver","Deflect","Skewer","PiercingWail","Dodge and Roll","PiercingWail+1","Dodge and Roll+1","Accuracy+1","Burst","Blade Dance+1","Mind Blast","Cloak And Dagger+1","Footwork","Infinite Blades+1","Dodge and Roll+1","Flying Knee+1"],"max_hp_per_floor":[70,70,70,70,70,70,70,70,70,70,84,84,84,84,84,84,84,84,84,84,84,84,84,84,84,84,84,84,84,84,84,84,84,84,84,84,84,84,84,84,84,84,91,91,91,91,91,91,91,91],"relics":["Ring of the Snake","NeowsBlessing","Golden Idol","Ornamental Fan","Thread and Needle","Calipers","Mango","Pandora\u0027s Box","Matryoshka","Sundial","Snake Skull","Lantern","Red Mask","Oddly Smooth Stone","Sozu","Singing Bowl","Blood Vial","Bottled Tornado","Regal Pillow","Strawberry","Shuriken","Gremlin Horn"],"card_choices":[{"not_picked":["Expertise","Deflect"],"picked":"Slice","floor":1},{"not_picked":["Catalyst","Outmaneuver"],"picked":"Infinite Blades","floor":5},{"not_picked":["Calculated Gamble","PiercingWail"],"picked":"Dagger Spray","floor":6},{"not_picked":["Quick Slash","Choke"],"picked":"Prepared","floor":7},{"not_picked":["Malaise","Masterful Stab"],"picked":"Finisher","floor":11},{"not_picked":["Bane","Deadly Poison"],"picked":"Backflip","floor":12},{"not_picked":["Prepared","Bouncing Flask"],"picked":"Flying Knee","floor":13},{"not_picked":["Prepared","Endless Agony"],"picked":"Accuracy","floor":14},{"not_picked":["Tools of the Trade","Wraith Form v2"],"picked":"Night Terror","floor":16},{"not_picked":["Flechettes","Crippling Poison"],"picked":"PiercingWail","floor":20},{"not_picked":["Backflip","Underhanded Strike"],"picked":"Dodge and Roll","floor":23},{"not_picked":["Bane","Backflip"],"picked":"PiercingWail","floor":25},{"not_picked":["Flechettes","Malaise"],"picked":"Dodge and Roll","floor":29},{"not_picked":["Bane","Die Die Die"],"picked":"Accuracy","floor":31},{"not_picked":["Tactician","Wraith Form v2"],"picked":"Burst","floor":33},{"not_picked":["Prepared","Backflip"],"picked":"Blade Dance","floor":35},{"not_picked":["Riddle With Holes","Acrobatics"],"picked":"Cloak And Dagger","floor":39},{"not_picked":["After Image","Storm of Steel"],"picked":"Footwork","floor":41},{"not_picked":["Bouncing Flask","Sucker Punch"],"picked":"Infinite Blades","floor":44},{"not_picked":["Bane","Deadly Poison"],"picked":"Dodge and Roll","floor":45},{"not_picked":["Flechettes","Choke"],"picked":"Flying Knee","floor":48}],"player_experience":482756,"potions_floor_usage":[11,12,16,16,21,21,23,23,44],"damage_taken":[{"damage":0,"enemies":"2 Louse","floor":1,"turns":1},{"damage":0,"enemies":"Jaw Worm","floor":5,"turns":1},{"damage":0,"enemies":"Lagavulin","floor":6,"turns":1},{"damage":0,"enemies":"Cultist","floor":7,"turns":4},{"damage":0,"enemies":"3 Sentries","floor":11,"turns":4},{"damage":6,"enemies":"3 Louse","floor":12,"turns":3},{"damage":0,"enemies":"Blue Slaver","floor":13,"turns":3},{"damage":0,"enemies":"2 Fungi Beasts","floor":14,"turns":2},{"damage":0,"enemies":"Slime Boss","floor":16,"turns":5},{"damage":4,"enemies":"Chosen","floor":18,"turns":4},{"damage":2,"enemies":"Spheric Guardian","floor":20,"turns":3},{"damage":17,"enemies":"Snecko","floor":21,"turns":4},{"damage":0,"enemies":"Slavers","floor":23,"turns":2},{"damage":22,"enemies":"Centurion and Healer","floor":25,"turns":7},{"damage":26,"enemies":"Cultist and Chosen","floor":27,"turns":6},{"damage":6,"enemies":"Masked Bandits","floor":29,"turns":4},{"damage":13,"enemies":"Book of Stabbing","floor":31,"turns":5},{"damage":17,"enemies":"Champ","floor":33,"turns":11},{"damage":0,"enemies":"Orb Walker","floor":35,"turns":3},{"damage":37,"enemies":"3 Shapes","floor":39,"turns":4},{"damage":6,"enemies":"Giant Head","floor":41,"turns":6},{"damage":0,"enemies":"2 Orb Walkers","floor":44,"turns":4},{"damage":28,"enemies":"Sphere and 2 Shapes","floor":45,"turns":5},{"damage":12,"enemies":"4 Shapes","floor":48,"turns":3},{"damage":32,"enemies":"Awakened One","floor":50,"turns":8}],"event_choices":[{"event_name":"Golden Idol","player_choice":"Take Wound","floor":2,"damage_taken":0},{"event_name":"The Cleric","player_choice":"Card Removal","floor":3,"damage_taken":0},{"event_name":"Golden Shrine","player_choice":"Desecrate","floor":19,"damage_taken":0},{"event_name":"Masked Bandits","player_choice":"Fought over 365 gold","floor":29,"damage_taken":0},{"event_name":"Ghosts","player_choice":"Ignored","floor":30,"damage_taken":0},{"event_name":"Tomb of Lord Red Mask","player_choice":"Wore Mask","floor":36,"damage_taken":0}],"boss_relics":[{"not_picked":["Lizard Tail","Eternal Feather"],"picked":"Pandora\u0027s Box"},{"not_picked":["Astrolabe","Black Star"],"picked":"Sozu"}],"potions_floor_spawned":[6,11,12,16,18,21,27,33,39,44,45],"seed_played":"-8693425015525471779","ascension_level":5,"is_trial":false}