{"path_per_floor":["M","M","M","M","$","R","M","R","T","M","E","?","E","M","R","B",null,"M","$","M","?","$","R","E","$","T","E","?","E","?","E","R"],"character_chosen":"THE_SILENT","items_purchased":["Mummified Hand","Explosive Potion","Explosive Potion"],"gold_per_floor":[11,23,37,50,50,50,64,64,90,105,134,309,343,361,361,462,492,503,168,183,217,16,16,44,44,70,101,101,134,134,164,164,164],"floor_reached":33,"campfire_rested":0,"playtime":1583,"current_hp_per_floor":[70,70,70,70,70,70,69,69,69,69,64,64,64,64,64,45,75,72,72,72,62,62,62,58,58,58,67,89,89,72,60,60,0],"items_purged":["Strike_G","Doubt"],"gold":164,"score":485,"play_id":"b311e2a3-4f68-4d15-9664-42d8e71d4a2b","local_time":"20180511214127","is_prod":false,"is_daily":false,"chose_seed":false,"is_ascension_mode":true,"campfire_upgraded":5,"timestamp":1526067687,"path_taken":["M","M","M","?","?","R","?","R","T","?","E","?","E","M","R","BOSS","M","$","M","?","$","R","E","?","T","E","?","E","?","E","R","BOSS"],"build_version":"2018-05-10","seed_source_timestamp":13032133627688,"purchased_purges":2,"victory":false,"master_deck":["Defend_G","Defend_G","Defend_G","Defend_G","Defend_G","Strike_G","Strike_G+1","Strike_G","Strike_G","Survivor","Neutralize","Backstab","Deadly Poison+1","Noxious Fumes+1","Dagger Spray","Backstab","Well Laid Plans","PiercingWail","Caltrops+1","Dodge and Roll","Burst+1","Deadly Poison+1","Outmaneuver","Outmaneuver+1","Poisoned Stab+1","Noxious Fumes+1","Terror"],"max_hp_per_floor":[70,70,70,70,70,70,70,70,70,70,70,70,70,70,70,70,75,75,75,75,75,75,75,75,75,75,89,89,89,94,94,94,94],"relics":["Ring of the Snake","Thread and Needle","Bag of Preparation","Vajra","Prayer Wheel","Tiny House","Mummified Hand","Red Mask","Anchor","Pen Nib","Mango","Darkstone Periapt","Molten Egg 2"],"card_choices":[{"not_picked":["Outmaneuver","Escape Plan"],"picked":"Backstab","floor":1},{"not_picked":["Prepared","Noxious Fumes"],"picked":"Deadly Poison","floor":2},{"not_picked":["Prepared","Slice"],"picked":"Noxious Fumes","floor":3},{"not_picked":["Flechettes","Dodge and Roll"],"picked":"Dagger Spray","floor":4},{"not_picked":["Outmaneuver","Catalyst"],"picked":"Backstab","floor":7},{"not_picked":["Acrobatics","Endless Agony"],"picked":"Well Laid Plans","floor":10},{"not_picked":["Dagger Spray","Dagger Throw"],"picked":"PiercingWail","floor":11},{"not_picked":["Dagger Throw","Blade Dance"],"picked":"Caltrops","floor":13},{"not_picked":["Cloak And Dagger","Flying Knee"],"picked":"Dodge and Roll","floor":14},{"not_picked":["Unload","Venomology"],"picked":"Burst","floor":16},{"not_picked":["Dagger Spray","Acrobatics"],"picked":"Deadly Poison","floor":18},{"not_picked":["Dagger Throw","Skewer"],"picked":"Outmaneuver","floor":20},{"not_picked":["Accuracy","Finisher"],"picked":"Outmaneuver","floor":24},{"not_picked":["Dagger Throw","Cloak And Dagger"],"picked":"Poisoned Stab","floor":26},{"not_picked":["Storm of Steel","Dash"],"picked":"Noxious Fumes","floor":27},{"not_picked":["Underhanded Strike","Dodge and Roll"],"picked":"Terror","floor":31}],"player_experience":462396,"potions_floor_usage":[11,11,16,18,20,21,24,24,27,27,29],"damage_taken":[{"damage":0,"enemies":"Cultist","floor":1,"turns":4},{"damage":0,"enemies":"2 Louse","floor":2,"turns":3},{"damage":0,"enemies":"Jaw Worm","floor":3,"turns":2},{"damage":0,"enemies":"Blue Slaver","floor":4,"turns":4},{"damage":1,"enemies":"3 Louse","floor":7,"turns":3},{"damage":0,"enemies":"Large Slime","floor":10,"turns":4},{"damage":5,"enemies":"Lagavulin","floor":11,"turns":6},{"damage":0,"enemies":"3 Sentries","floor":13,"turns":5},{"damage":0,"enemies":"Blue Slaver","floor":14,"turns":2},{"damage":19,"enemies":"The Guardian","floor":16,"turns":8},{"damage":3,"enemies":"2 Thieves","floor":18,"turns":3},{"damage":0,"enemies":"Shell Parasite","floor":20,"turns":3},{"damage":10,"enemies":"Masked Bandits","floor":21,"turns":4},{"damage":4,"enemies":"Slavers","floor":24,"turns":4},{"damage":20,"enemies":"Book of Stabbing","floor":27,"turns":5},{"damage":0,"enemies":"Slavers","floor":29,"turns":5},{"damage":12,"enemies":"Book of Stabbing","floor":31,"turns":5},{"damage":92,"enemies":"Collector","floor":33,"turns":5}],"event_choices":[{"event_name":"Liars Game","player_choice":"agreed","floor":12,"damage_taken":0},{"event_name":"Masked Bandits","player_choice":"Fought over 183 gold","floor":21,"damage_taken":0},{"event_name":"The Library","player_choice":"Heal","floor":28,"damage_taken":0},{"event_name":"Forgotten Altar","player_choice":"Shed Blood","floor":30,"damage_taken":0}],"boss_relics":[{"not_picked":["White Beast Statue","Sozu"],"picked":"Tiny House"}],"potions_floor_spawned":[1,3,4,14,16,18,24,27],"seed_played":"3612296578388209432","killed_by":"Collector","ascension_level":4,"is_trial":false}