{"gold_per_floor":[110,110,285,301,376,402,402,429,429,429],"floor_reached":10,"playtime":2809,"items_purged":[],"score":158,"play_id":"bb0678ef-00a0-49c3-ab8d-7c2dd21f389b","local_time":"20190119235828","is_ascension_mode":true,"campfire_choices":[{"floor":10,"key":"REST"}],"neow_cost":"NONE","seed_source_timestamp":853698458827847,"circlet_count":0,"master_deck":["AscendersBane","Defend_G","Defend_G","Defend_G","Defend_G","Defend_G","Strike_G","Strike_G","Strike_G","Strike_G","Strike_G","Survivor","Neutralize","Escape Plan","Terror","Die Die Die","Calculated Gamble"],"relics":["Ring of the Snake","NeowsBlessing","Prayer Wheel","Blue Candle","Sundial"],"potions_floor_usage":[8],"damage_taken":[{"damage":0,"enemies":"Cultist","floor":1,"turns":1},{"damage":0,"enemies":"Jaw Worm","floor":4,"turns":1},{"damage":0,"enemies":"Lagavulin","floor":6,"turns":1},{"damage":49,"enemies":"Gremlin Nob","floor":8,"turns":5}],"seed_played":"6806930885160385081","potions_obtained":[{"floor":1,"key":"Regen Potion"},{"floor":4,"key":"Ancient Potion"},{"floor":8,"key":"Strength Potion"}],"is_trial":false,"path_per_floor":["M","?","?","M","?","E","?","E","T","R"],"character_chosen":"THE_SILENT","items_purchased":[],"campfire_rested":1,"item_purchase_floors":[],"current_hp_per_floor":[63,63,63,63,52,52,45,10,10,31],"gold":429,"neow_bonus":"THREE_ENEMY_KILL","is_prod":false,"is_daily":false,"chose_seed":false,"campfire_upgraded":0,"win_rate":0,"timestamp":1547938708,"path_taken":["M","?","?","M","?","E","?","E","T","R"],"build_version":"2019-01-17v2","purchased_purges":0,"victory":false,"max_hp_per_floor":[70,70,70,70,70,70,70,70,70,70],"card_choices":[{"not_picked":["Accuracy","Well Laid Plans"],"picked":"Escape Plan","floor":1},{"not_picked":["Heel Hook","Poisoned Stab"],"picked":"Terror","floor":4},{"not_picked":["Masterful Stab","Quick Slash"],"picked":"Die Die Die","floor":6},{"not_picked":["Dodge and Roll","Catalyst"],"picked":"Calculated Gamble","floor":8}],"player_experience":1997512,"relics_obtained":[{"floor":6,"key":"Prayer Wheel"},{"floor":8,"key":"Blue Candle"},{"floor":9,"key":"Sundial"}],"event_choices":[{"damage_healed":0,"gold_gain":0,"player_choice":"Leave","damage_taken":0,"max_hp_gain":0,"max_hp_loss":0,"event_name":"The Cleric","floor":2,"gold_loss":0},{"damage_healed":0,"gold_gain":175,"player_choice":"AGREE","damage_taken":0,"max_hp_gain":0,"max_hp_loss":0,"event_name":"Liars Game","floor":3,"gold_loss":0,"cards_obtained":["Doubt"]},{"damage_healed":0,"gold_gain":75,"player_choice":"Gather Gold","damage_taken":11,"max_hp_gain":0,"max_hp_loss":0,"event_name":"World of Goop","floor":5,"gold_loss":0},{"cards_removed":["Doubt"],"damage_healed":0,"gold_gain":0,"player_choice":"Card Removal","damage_taken":7,"max_hp_gain":0,"max_hp_loss":0,"event_name":"Golden Wing","floor":7,"gold_loss":0}],"is_beta":false,"boss_relics":[],"items_purged_floors":[],"is_endless":false,"potions_floor_spawned":[1,4,8],"ascension_level":12}