{"path_per_floor":["M","M","M","?","$","E","M","R","T","E","M","M","M","M","R","B",null,"M","M","$","M","M","R","?","M","T","M","M","R","M","M","R","B",null,"M","M","M","M","M","R","M","M","T","?","$"],"character_chosen":"IRONCLAD","items_purchased":["Feed","Apotheosis"],"gold_per_floor":[115,132,150,100,22,47,64,64,89,121,141,160,178,193,193,295,295,295,250,41,41,41,41,41,41,41,41,41,41,41,41,41,41,41,41,41,41,41,41,41,41,41,41,41,41,41],"floor_reached":46,"campfire_rested":4,"playtime":3776,"current_hp_per_floor":[80,80,80,80,80,70,62,62,62,52,53,59,53,50,50,20,92,67,65,65,51,18,51,51,53,53,69,41,77,77,37,73,56,122,120,79,64,44,32,69,43,45,45,14,14,0],"items_purged":[],"gold":41,"score":549,"play_id":"dfd7d7fc-d05d-4450-ac2b-28d82d33d06a","local_time":"20180401164331","is_prod":false,"is_daily":false,"is_ascension_mode":false,"campfire_upgraded":2,"timestamp":1522593811,"path_taken":["M","M","M","?","?","E","M","R","T","E","M","M","M","?","R","BOSS","M","M","?","M","M","R","?","M","T","M","M","R","M","M","R","BOSS","M","M","M","M","M","R","M","M","T","?","$","M"],"build_version":"2018-03-29v2","purchased_purges":1,"victory":false,"master_deck":["Strike_R","Strike_R","Strike_R","Strike_R","Strike_R","Defend_R","Defend_R","Defend_R","Bash","Spot Weakness+1","Battle Trance","Shrug It Off","Feed","Armaments","Spot Weakness+1","Carnage+1","Perfected Strike","Burning Pact","Shrug It Off","Feed","Limit Break","Pummel+1","Sword Boomerang+1","Apotheosis","Headbutt+1","Anger+1","Shrug It Off+1","Headbutt+1","Battle Trance+1","Twin Strike+1","Double Tap","Cleave+1","Berserk","Cleave+1","Iron Wave+1","Ghostly Armor+1","Armaments+1","Thunderclap+1","True Grit+1","Shrug It Off+1","Cleave+1","Rampage+1","Seeing Red+1"],"max_hp_per_floor":[80,80,80,80,80,83,86,86,86,86,89,89,92,92,92,92,92,95,101,101,105,111,111,111,114,114,122,122,122,122,122,122,122,122,122,122,126,126,126,126,126,126,126,130,130,130],"relics":["Burning Blood","Vajra","Ancient Tea Set","Centennial Puzzle","Ectoplasm","Blood Vial","Orrery","Whetstone","Torii"],"card_choices":[{"not_picked":["Armaments","Heavy Blade"],"picked":"Spot Weakness","floor":1.0},{"not_picked":["Clothesline","Warcry"],"picked":"Battle Trance","floor":2.0},{"not_picked":["Combust","Corruption"],"picked":"Shrug It Off","floor":3.0},{"not_picked":["Blood for Blood","Power Through"],"picked":"Armaments","floor":6.0},{"not_picked":["Iron Wave","Reaper"],"picked":"Spot Weakness","floor":7.0},{"not_picked":["Uppercut","Cleave"],"picked":"Carnage","floor":10.0},{"not_picked":["Entrench","Reckless Charge"],"picked":"Perfected Strike","floor":11.0},{"not_picked":["Entrench","Body Slam"],"picked":"Burning Pact","floor":12.0},{"not_picked":["Cleave","Body Slam"],"picked":"Shrug It Off","floor":13.0},{"not_picked":["Bloodletting","True Grit"],"picked":"Feed","floor":14.0},{"not_picked":["Feed","Juggernaut"],"picked":"Limit Break","floor":16.0},{"not_picked":["Body Slam","Sever Soul"],"picked":"Pummel","floor":18.0},{"not_picked":["Combust","Feel No Pain"],"picked":"Sword Boomerang","floor":19.0},{"not_picked":["Twin Strike","Corruption"],"picked":"Headbutt","floor":21.0},{"not_picked":["Carnage","Perfected Strike"],"picked":"Anger","floor":25.0},{"not_picked":["Anger","Rampage"],"picked":"Shrug It Off","floor":27.0},{"not_picked":["Perfected Strike","True Grit"],"picked":"Headbutt","floor":28.0},{"not_picked":["Clash","Thunderclap"],"picked":"Battle Trance","floor":30.0},{"not_picked":["Iron Wave","Clash"],"picked":"Twin Strike","floor":31.0},{"not_picked":["Barricade","Brutality"],"picked":"Double Tap","floor":33.0},{"not_picked":["Headbutt","Warcry"],"picked":"Cleave","floor":34.0},{"not_picked":["Carnage","Dropkick"],"picked":"Berserk","floor":34.0},{"not_picked":["Clash","Pommel Strike"],"picked":"Cleave","floor":34.0},{"not_picked":["Disarm","Cleave"],"picked":"Iron Wave","floor":34.0},{"not_picked":["Uppercut","Body Slam"],"picked":"Ghostly Armor","floor":35.0},{"not_picked":["Twin Strike","Sword Boomerang"],"picked":"Armaments","floor":36.0},{"not_picked":["Dropkick","Feel No Pain"],"picked":"Thunderclap","floor":37},{"not_picked":["Bloodletting","Anger"],"picked":"True Grit","floor":38},{"not_picked":["Fire Breathing","Hemokinesis"],"picked":"Shrug It Off","floor":39},{"not_picked":["Disarm","Corruption"],"picked":"Cleave","floor":41},{"not_picked":["Shrug It Off","Fire Breathing"],"picked":"Rampage","floor":42},{"not_picked":["Evolve","Twin Strike"],"picked":"Seeing Red","floor":44}],"player_experience":114182,"potions_floor_usage":[42,42,42],"damage_taken":[{"damage":3.0,"enemies":"2 Louse","floor":1.0,"turns":3.0},{"damage":0.0,"enemies":"Jaw Worm","floor":2.0,"turns":5.0},{"damage":1.0,"enemies":"Cultist","floor":3.0,"turns":3.0},{"damage":19.0,"enemies":"3 Sentries","floor":6.0,"turns":7.0},{"damage":17.0,"enemies":"Exordium Thugs","floor":7.0,"turns":4.0},{"damage":16.0,"enemies":"Gremlin Nob","floor":10.0,"turns":3.0},{"damage":8.0,"enemies":"Lots of Slimes","floor":11.0,"turns":4.0},{"damage":0.0,"enemies":"Exordium Wildlife","floor":12.0,"turns":3.0},{"damage":15.0,"enemies":"Exordium Thugs","floor":13.0,"turns":3.0},{"damage":9.0,"enemies":"2 Fungi Beasts","floor":14.0,"turns":2.0},{"damage":36.0,"enemies":"Hexaghost","floor":16.0,"turns":8.0},{"damage":34.0,"enemies":"3 Byrds","floor":18.0,"turns":7.0},{"damage":14.0,"enemies":"2 Thieves","floor":19.0,"turns":3.0},{"damage":24.0,"enemies":"Cultist and Chosen","floor":21.0,"turns":6.0},{"damage":45.0,"enemies":"Centurion and Healer","floor":22.0,"turns":4.0},{"damage":7.0,"enemies":"Slaver and Parasite","floor":25.0,"turns":4.0},{"damage":0.0,"enemies":"Cultist and Chosen","floor":27.0,"turns":4.0},{"damage":36.0,"enemies":"Snake Plant","floor":28.0,"turns":5.0},{"damage":8.0,"enemies":"Snecko","floor":30.0,"turns":4.0},{"damage":48.0,"enemies":"Cultist and Chosen","floor":31.0,"turns":6.0},{"damage":25.0,"enemies":"Collector","floor":33.0,"turns":5.0},{"damage":8.0,"enemies":"Orb Walker","floor":35.0,"turns":3.0},{"damage":49.0,"enemies":"3 Shapes","floor":36.0,"turns":4.0},{"damage":27,"enemies":"Sphere and 2 Shapes","floor":37,"turns":5},{"damage":28,"enemies":"3 Darklings","floor":38,"turns":5},{"damage":20,"enemies":"4 Shapes","floor":39,"turns":3},{"damage":34,"enemies":"Sphere and 2 Shapes","floor":41,"turns":4},{"damage":6,"enemies":"Maw","floor":42,"turns":7},{"damage":43,"enemies":"Mysterious Sphere","floor":44,"turns":4},{"damage":19,"enemies":"4 Shapes","floor":46,"turns":1}],"event_choices":[{"event_name":"The Cleric","player_choice":"Card Removal","floor":4.0,"damage_taken":0.0},{"event_name":"Ghosts","player_choice":"Ignored","floor":24.0,"damage_taken":0.0},{"event_name":"Mysterious Sphere","player_choice":"Fight","floor":44,"damage_taken":0}],"boss_relics":[],"potions_floor_spawned":[1,3,7,13,14,21,22,25,28,30,36,38,39],"seed_played":"-1518315486634667082","killed_by":"4 Shapes","ascension_level":0,"is_trial":false}