{"gold_per_floor":[110,122,135,154,154,187,202,202,202,267,287,0,18,49,49,148,148,160,160,16,29,42,42,58,58,85,100,117,143,143,93,93,197,197,217,217,6,6,6,6,34,34,34,61,61,61,75,88,88,88],"floor_reached":51,"playtime":2508,"items_purged":[],"score":1226,"play_id":"815b6276-c8ad-4b8d-9e29-444e86f27091","local_time":"20180811222052","is_ascension_mode":true,"campfire_choices":[{"data":"Terror","floor":8.0,"key":"SMITH"},{"floor":15.0,"key":"REST"},{"data":"Storm of Steel","floor":23.0,"key":"SMITH"},{"floor":25.0,"key":"REST"},{"floor":30.0,"key":"REST"},{"data":"Accuracy","floor":32.0,"key":"SMITH"},{"floor":40.0,"key":"DIG"},{"floor":46,"key":"DIG"},{"floor":49,"key":"REST"}],"neow_cost":"NONE","seed_source_timestamp":357968747897226,"circlet_count":0,"master_deck":["Defend_G","Defend_G","Defend_G","Defend_G","Strike_G","Strike_G","Strike_G","Strike_G","Survivor","Neutralize","Endless Agony+1","Dodge and Roll","Terror+1","Dagger Throw","Backflip","Quick Slash","Dodge and Roll","Storm of Steel+1","Cloak And Dagger","Accuracy","A Thousand Cuts","Footwork+1","Blade Dance+1","Deflect+1","Dodge and Roll","Flying Knee","Accuracy+1","Dash","After Image","Underhanded Strike+1","Panache","Dagger Spray+1","Leg Sweep+1","Infinite Blades+1","PiercingWail+1"],"special_seed":0,"relics":["Runic Pyramid","Happy Flower","Bag of Marbles","Tiny Chest","Dead Branch","Smiling Mask","WristBlade","Bronze Scales","Pen Nib","Torii","Empty Cage","Frozen Egg 2","Shovel","Pantograph","Omamori","Question Card","Letter Opener","Bottled Tornado","Toxic Egg 2"],"potions_floor_usage":[50,50],"damage_taken":[{"damage":2.0,"enemies":"Cultist","floor":1.0,"turns":5.0},{"damage":1.0,"enemies":"2 Louse","floor":2.0,"turns":4.0},{"damage":3.0,"enemies":"Jaw Worm","floor":3.0,"turns":5.0},{"damage":8.0,"enemies":"3 Louse","floor":4.0,"turns":5.0},{"damage":12.0,"enemies":"Gremlin Nob","floor":6.0,"turns":3.0},{"damage":3.0,"enemies":"Large Slime","floor":7.0,"turns":4.0},{"damage":9.0,"enemies":"Lagavulin","floor":10.0,"turns":5.0},{"damage":2.0,"enemies":"2 Fungi Beasts","floor":11.0,"turns":3.0},{"damage":0.0,"enemies":"Exordium Thugs","floor":13.0,"turns":3.0},{"damage":0.0,"enemies":"Gremlin Nob","floor":14.0,"turns":3.0},{"damage":0.0,"enemies":"Hexaghost","floor":16.0,"turns":5.0},{"damage":0.0,"enemies":"Chosen","floor":18.0,"turns":2.0},{"damage":11.0,"enemies":"2 Thieves","floor":21.0,"turns":2.0},{"damage":5.0,"enemies":"Snake Plant","floor":22.0,"turns":3.0},{"damage":26.0,"enemies":"Centurion and Healer","floor":24.0,"turns":5.0},{"damage":1.0,"enemies":"Cultist and Chosen","floor":27.0,"turns":5.0},{"damage":6.0,"enemies":"Snake Plant","floor":28.0,"turns":4.0},{"damage":0.0,"enemies":"Slavers","floor":29.0,"turns":1.0},{"damage":12.0,"enemies":"Automaton","floor":33.0,"turns":6.0},{"damage":0.0,"enemies":"Orb Walker","floor":35.0,"turns":2.0},{"damage":1.0,"floor":39.0,"turns":3.0},{"damage":21.0,"enemies":"Giant Head","floor":41.0,"turns":6.0},{"damage":12,"enemies":"2 Orb Walkers","floor":44,"turns":4},{"damage":26,"enemies":"3 Darklings","floor":47,"turns":5},{"damage":0,"enemies":"Sphere and 2 Shapes","floor":48,"turns":3},{"damage":24,"enemies":"Donu and Deca","floor":50,"turns":8}],"seed_played":"-8461840495492160975","potions_obtained":[{"floor":1.0,"key":"Strength Potion"},{"floor":4.0,"key":"PowerPotion"},{"floor":6.0,"key":"Swift Potion"},{"floor":13.0,"key":"LiquidBronze"},{"floor":21.0,"key":"SteroidPotion"},{"floor":22.0,"key":"EssenceOfSteel"},{"floor":29.0,"key":"Energy Potion"},{"floor":33.0,"key":"SkillPotion"},{"floor":36.0,"key":"Block Potion"},{"floor":39.0,"key":"Block Potion"},{"floor":41.0,"key":"Weak Potion"}],"is_trial":false,"path_per_floor":["M","M","M","M","?","E","M","R","T","E","M","$","M","E","R","B",null,"M","?","$","M","M","R","M","R","T","M","M","E","R","$","R","B",null,"M","?","$","T","?","R","E","?","T","E","T","R","M","M","R","B"],"character_chosen":"THE_SILENT","items_purchased":["Dead Branch","Bronze Scales","Block Potion","Panache"],"campfire_rested":4,"item_purchase_floors":[12,20,31,37],"current_hp_per_floor":[61,60,57,49,49,37,34,34,34,25,23,23,23,23,44,44,64,64,64,64,53,48,48,22,43,43,42,36,36,57,57,57,45,64,64,64,64,64,63,63,42,42,42,30,30,30,4,4,25,26],"gold":88,"neow_bonus":"BOSS_RELIC","is_prod":false,"is_daily":false,"chose_seed":false,"campfire_upgraded":3,"win_rate":0,"timestamp":1534018852,"path_taken":["M","M","M","?","?","E","M","R","T","E","M","$","M","E","R","BOSS","M","?","?","M","M","R","M","R","T","M","M","E","R","$","R","BOSS","M","?","$","?","?","R","E","?","T","E","?","R","M","M","R","BOSS"],"build_version":"2018-08-09","purchased_purges":0,"victory":true,"max_hp_per_floor":[70,70,70,70,70,70,70,70,70,70,70,70,70,70,70,70,70,70,70,70,70,70,70,70,70,70,70,70,70,70,70,70,70,70,70,70,70,70,70,70,70,70,70,70,70,70,70,70,70,70],"card_choices":[{"not_picked":["Escape Plan","Acrobatics"],"picked":"Endless Agony","floor":1.0},{"not_picked":["Blade Dance","PiercingWail"],"picked":"Dodge and Roll","floor":2.0},{"not_picked":["Flying Knee","Tools of the Trade"],"picked":"Terror","floor":3.0},{"not_picked":["Bouncing Flask","Outmaneuver"],"picked":"Dagger Throw","floor":4.0},{"not_picked":["Dagger Spray","Reflex"],"picked":"Backflip","floor":6.0},{"not_picked":["Prepared","Poisoned Stab"],"picked":"Quick Slash","floor":7.0},{"not_picked":["Backflip","Terror"],"picked":"Dodge and Roll","floor":10.0},{"not_picked":["Backflip","Heel Hook"],"picked":"Storm of Steel","floor":11.0},{"not_picked":["Choke","PiercingWail"],"picked":"Cloak And Dagger","floor":13.0},{"not_picked":["Outmaneuver","Dagger Throw"],"picked":"Accuracy","floor":14.0},{"not_picked":["Unload","Storm of Steel"],"picked":"A Thousand Cuts","floor":16.0},{"not_picked":["Endless Agony","Flechettes"],"picked":"Footwork+1","floor":18.0},{"not_picked":["PiercingWail","Acrobatics"],"picked":"Blade Dance","floor":21.0},{"not_picked":["Deadly Poison","Slice"],"picked":"Deflect+1","floor":22.0},{"not_picked":["All Out Attack","Underhanded Strike+1"],"picked":"Dodge and Roll","floor":24.0},{"not_picked":["Terror","Blur"],"picked":"Flying Knee","floor":27.0},{"not_picked":["Endless Agony+1","Catalyst"],"picked":"Accuracy","floor":28.0},{"not_picked":["Escape Plan","Prepared+1"],"picked":"Dash","floor":29.0},{"not_picked":["Die Die Die","Storm of Steel"],"picked":"After Image","floor":33.0},{"not_picked":["Dash","Dodge and Roll+1"],"picked":"Underhanded Strike+1","floor":35.0},{"not_picked":["Poisoned Stab","Bane+1"],"picked":"Dagger Spray+1","floor":39.0},{"not_picked":["Blur","A Thousand Cuts+1","Deadly Poison+1"],"picked":"SKIP","floor":41.0},{"not_picked":["Catalyst+1","Well Laid Plans+1","Bane"],"picked":"Leg Sweep+1","floor":44},{"not_picked":["Tactician+1","Flying Knee","Slice+1"],"picked":"Infinite Blades+1","floor":47},{"not_picked":["Acrobatics+1","Dagger Spray","Deadly Poison+1"],"picked":"PiercingWail+1","floor":48}],"player_experience":876813,"relics_obtained":[{"floor":6.0,"key":"Happy Flower"},{"floor":9.0,"key":"Bag of Marbles"},{"floor":10.0,"key":"Tiny Chest"},{"floor":14.0,"key":"Smiling Mask"},{"floor":26.0,"key":"Pen Nib"},{"floor":29.0,"key":"Torii"},{"floor":38.0,"key":"Frozen Egg 2"},{"floor":39.0,"key":"Shovel"},{"floor":40.0,"key":"Pantograph"},{"floor":41.0,"key":"Omamori"},{"floor":43.0,"key":"Question Card"},{"floor":44,"key":"Letter Opener"},{"floor":45,"key":"Bottled Tornado"},{"floor":46,"key":"Toxic Egg 2"}],"event_choices":[{"event_name":"Living Wall","player_choice":"Grow","floor":5.0,"damage_taken":0.0},{"event_name":"Vampires","player_choice":"Ignored","floor":19.0,"damage_taken":0.0},{"event_name":"The Lab","player_choice":"Got Potions","floor":36.0,"damage_taken":0.0},{"event_name":"MindBloom","player_choice":"Fight","floor":39.0,"damage_taken":0.0},{"event_name":"Accursed Blacksmith","player_choice":"Forge","floor":42.0,"damage_taken":0.0}],"is_beta":false,"boss_relics":[{"not_picked":["Black Star","Velvet Choker"],"picked":"WristBlade"},{"not_picked":["Astrolabe","Pandora\u0027s Box"],"picked":"Empty Cage"}],"items_purged_floors":[],"is_endless":false,"potions_floor_spawned":[1,4,6,13,21,22,29,33,39,41],"ascension_level":8}