{"path_per_floor":["M","?","M","M","?","E","R","E","T","M"],"character_chosen":"DEFECT","items_purchased":[],"gold_per_floor":[112,112,130,149,249,280,280,306,306,325,325],"floor_reached":11,"campfire_rested":1,"playtime":683,"item_purchase_floors":[],"current_hp_per_floor":[70,55,53,47,47,23,45,23,23,12,0],"items_purged":[],"gold":325,"score":100,"play_id":"59322469-3ad8-4095-8e7d-b17f64ebeb42","local_time":"20180618133046","is_prod":false,"is_daily":false,"chose_seed":false,"is_ascension_mode":true,"campfire_upgraded":0,"win_rate":0,"timestamp":1529321446,"campfire_choices":[{"floor":7,"key":"REST"}],"path_taken":["M","?","M","M","?","E","R","E","T","?","E"],"build_version":"2018-06-14v2","seed_source_timestamp":416523605116060,"purchased_purges":0,"victory":false,"master_deck":["Strike_B","Strike_B","Strike_B","Strike_B","Defend_B","Defend_B+1","Defend_B","Defend_B","Zap+1","Dualcast","Fusion","Steam","Conserve Battery","Conserve Battery+1","Loop","Lockon"],"max_hp_per_floor":[75,75,75,75,75,75,75,75,75,75,75],"relics":["Cracked Core","Toxic Egg 2","Dream Catcher","Matryoshka"],"card_choices":[{"not_picked":["Rebound","Hologram"],"picked":"Fusion","floor":1},{"not_picked":["Leap","Hologram"],"picked":"Steam","floor":3},{"not_picked":["Buffer","Beam Cell"],"picked":"Conserve Battery","floor":4},{"not_picked":["Heatsinks","Gash"],"picked":"Conserve Battery","floor":6},{"not_picked":["Leap+1","Fusion+1"],"picked":"Loop","floor":8},{"not_picked":["Turbo+1","Hello World"],"picked":"Lockon","floor":10}],"player_experience":712134,"potions_floor_usage":[8,10],"damage_taken":[{"damage":5,"enemies":"Small Slimes","floor":1,"turns":3},{"damage":2,"enemies":"2 Louse","floor":3,"turns":3},{"damage":6,"enemies":"Jaw Worm","floor":4,"turns":3},{"damage":24,"enemies":"3 Sentries","floor":6,"turns":11},{"damage":22,"enemies":"Lagavulin","floor":8,"turns":9},{"damage":11,"enemies":"Lots of Slimes","floor":10,"turns":4},{"damage":13,"enemies":"Gremlin Nob","floor":11,"turns":2}],"relics_obtained":[{"floor":6,"key":"Toxic Egg 2"},{"floor":8,"key":"Dream Catcher"},{"floor":9,"key":"Matryoshka"}],"event_choices":[{"event_name":"Shining Light","player_choice":"Entered Light","floor":2,"damage_taken":0},{"event_name":"Golden Shrine","player_choice":"Pray","floor":5,"damage_taken":0}],"boss_relics":[],"items_purged_floors":[],"is_endless":false,"potions_floor_spawned":[1,8],"seed_played":"3510123362538177760","killed_by":"Gremlin Nob","ascension_level":4,"potions_obtained":[{"floor":1,"key":"Poison Potion"},{"floor":8,"key":"FocusPotion"}],"is_trial":false}