{"gold_per_floor":[114,129,148,158,43,43,76,76,76,76,76,76],"floor_reached":12,"playtime":528,"items_purged":[],"score":156,"play_id":"341978e0-958b-4f6d-9fe5-741de3652c21","local_time":"20190208142804","is_ascension_mode":true,"campfire_choices":[{"data":"Skewer","floor":6.0,"key":"SMITH"},{"data":"Neutralize","floor":8.0,"key":"SMITH"}],"neow_cost":"NONE","seed_source_timestamp":5985706547201,"circlet_count":0,"master_deck":["AscendersBane","Defend_G","Defend_G","Defend_G","Defend_G","Defend_G","Strike_G","Strike_G","Strike_G","Strike_G","Strike_G","Survivor","Neutralize+1","Well Laid Plans","Footwork","Deflect","Skewer+1","Crippling Poison","PiercingWail","Cloak And Dagger","Footwork","After Image"],"special_seed":0,"relics":["Ring of the Snake","Mummified Hand","Du-Vu Doll","FossilizedHelix"],"potions_floor_usage":[],"damage_taken":[{"damage":0.0,"enemies":"Jaw Worm","floor":1.0,"turns":4.0},{"damage":3.0,"enemies":"Cultist","floor":2.0,"turns":4.0},{"damage":2.0,"enemies":"Small Slimes","floor":3.0,"turns":7.0},{"damage":2.0,"enemies":"3 Louse","floor":4.0,"turns":7.0},{"damage":14.0,"enemies":"Lagavulin","floor":7.0,"turns":9.0},{"damage":66,"enemies":"Gremlin Nob","floor":12,"turns":6}],"seed_played":"759800470966305959","potions_obtained":[{"floor":0.0,"key":"Energy Potion"},{"floor":0.0,"key":"PowerPotion"},{"floor":1.0,"key":"FearPotion"},{"floor":3.0,"key":"Dexterity Potion"}],"is_trial":false,"path_per_floor":["M","M","M","M","$","R","E","R","T","?","?","E"],"character_chosen":"THE_SILENT","items_purchased":["Skewer","Crippling Poison"],"campfire_rested":0,"item_purchase_floors":[5,5],"current_hp_per_floor":[59,56,54,52,52,52,38,38,38,33,33,0],"gold":76,"neow_bonus":"THREE_SMALL_POTIONS","is_prod":false,"is_daily":false,"chose_seed":false,"campfire_upgraded":2,"win_rate":0,"timestamp":1549654084,"path_taken":["M","M","M","M","$","R","E","R","T","?","?","E"],"build_version":"2019-01-23","purchased_purges":0,"victory":false,"max_hp_per_floor":[66,66,66,66,66,66,66,66,66,66,66,66],"card_choices":[{"not_picked":["Finisher","Acrobatics"],"picked":"Well Laid Plans","floor":1.0},{"not_picked":["Blade Dance","Backflip"],"picked":"Footwork","floor":2.0},{"not_picked":["Concentrate","Catalyst","Outmaneuver"],"picked":"SKIP","floor":3.0},{"not_picked":["Blade Dance","Bane"],"picked":"Deflect","floor":4.0},{"not_picked":["Slice","Sucker Punch"],"picked":"PiercingWail","floor":7.0}],"player_experience":1163129,"relics_obtained":[{"floor":7.0,"key":"Mummified Hand"},{"floor":9.0,"key":"Du-Vu Doll"}],"event_choices":[{"damage_healed":0.0,"max_hp_gain":0.0,"max_hp_loss":0.0,"gold_gain":0.0,"event_name":"Scrap Ooze","player_choice":"Success","floor":10.0,"gold_loss":0.0,"damage_taken":5.0,"relics_obtained":["FossilizedHelix"]},{"damage_healed":0.0,"max_hp_gain":0.0,"max_hp_loss":0.0,"gold_gain":0.0,"event_name":"Match and Keep!","player_choice":"3 cards matched","floor":11.0,"gold_loss":0.0,"damage_taken":0.0,"cards_obtained":["Cloak And Dagger","Footwork","After Image"]}],"is_beta":false,"boss_relics":[],"items_purged_floors":[],"is_endless":false,"potions_floor_spawned":[1,3],"killed_by":"Gremlin Nob","ascension_level":20}