{"gold_per_floor":[113,63,81,96,113,113,141,141,212,212,223,238,238],"floor_reached":13,"playtime":357,"items_purged":[],"score":126,"play_id":"a2cb4b3f-ce37-4360-ab44-c7e3d93d8a1b","local_time":"20181005153837","is_ascension_mode":true,"campfire_choices":[{"data":"Chaos","floor":6.0,"key":"SMITH"},{"data":"1","floor":10.0,"key":"LIFT"}],"neow_cost":"CURSE","seed_source_timestamp":310295924467285,"circlet_count":0,"master_deck":["Strike_B","Strike_B","Strike_B","Strike_B","Defend_B","Defend_B","Defend_B","Defend_B","Zap+1","Dualcast","Chaos+1","Rebound","Sweeping Beam","Stack","Doom and Gloom","Leap","Leap"],"special_seed":0,"relics":["Cracked Core","Girya","Matryoshka"],"potions_floor_usage":[],"damage_taken":[{"damage":9.0,"enemies":"Jaw Worm","floor":1.0,"turns":3.0},{"damage":3.0,"enemies":"Small Slimes","floor":3.0,"turns":4.0},{"damage":1.0,"enemies":"Cultist","floor":4.0,"turns":3.0},{"damage":14.0,"enemies":"Large Slime","floor":5.0,"turns":4.0},{"damage":12.0,"enemies":"3 Sentries","floor":7.0,"turns":6.0},{"damage":7,"enemies":"Looter","floor":11,"turns":4},{"damage":13,"enemies":"Blue Slaver","floor":12,"turns":3},{"damage":5,"enemies":"Gremlin Gang","floor":13,"turns":3}],"seed_played":"-864570497079814791","potions_obtained":[{"floor":1.0,"key":"Explosive Potion"},{"floor":3.0,"key":"Dexterity Potion"}],"is_trial":false,"path_per_floor":["M","?","M","M","M","R","E","?","T","R","M","M"],"character_chosen":"DEFECT","items_purchased":[],"campfire_rested":0,"item_purchase_floors":[],"current_hp_per_floor":[73,73,70,69,55,55,43,43,43,43,36,23,18],"gold":238,"neow_bonus":"TWENTY_PERCENT_HP_BONUS","is_prod":false,"is_daily":false,"chose_seed":false,"campfire_upgraded":1,"win_rate":0,"timestamp":1538746717,"path_taken":["M","?","M","M","M","R","E","?","T","R","M","?","M"],"build_version":"2018-10-04","purchased_purges":0,"victory":false,"max_hp_per_floor":[89,89,89,89,89,89,89,89,89,89,89,89,89],"card_choices":[{"not_picked":["Go for the Eyes","Recycle"],"picked":"Chaos","floor":1.0},{"not_picked":["Aggregate","Redo"],"picked":"Rebound","floor":3.0},{"not_picked":["Consume","Cold Snap"],"picked":"Sweeping Beam","floor":4.0},{"not_picked":["Darkness","Blizzard"],"picked":"Stack","floor":5.0},{"not_picked":["Scrape","Loop"],"picked":"Doom and Gloom","floor":7.0},{"not_picked":["Sweeping Beam","Skim"],"picked":"Leap","floor":11},{"not_picked":["Doom and Gloom","Sweeping Beam"],"picked":"Leap","floor":12}],"player_experience":1034979,"relics_obtained":[{"floor":7.0,"key":"Girya"},{"floor":9.0,"key":"Matryoshka"}],"event_choices":[{"event_name":"The Cleric","player_choice":"Card Removal","floor":2.0,"damage_taken":0.0},{"event_name":"Living Wall","player_choice":"Grow","floor":8.0,"damage_taken":0.0}],"is_beta":false,"boss_relics":[],"items_purged_floors":[],"is_endless":false,"potions_floor_spawned":[1,3],"killed_by":"Gremlin Gang","ascension_level":9}