{"gold_per_floor":[117,137,137,157,35,35,61,61,61,61,61,81,161,196,196,320,320,336,251,251,264,279,322,159,159,159,177,177,193,228,228,228,352,352,368,388,513,365,23,23,54,54,131,131,147,147,147,160,160,160,160,160,80,118,118],"floor_reached":56,"playtime":1995,"items_purged":["Regret","Strike_B"],"score":1076,"play_id":"433169f7-ce43-4a48-ac3f-9fb690cd082b","local_time":"20181031170822","is_ascension_mode":false,"campfire_choices":[{"data":"Zap","floor":6,"key":"SMITH"},{"data":"Static Discharge","floor":8,"key":"SMITH"},{"floor":11,"key":"REST"},{"data":"Defragment","floor":15,"key":"SMITH"},{"data":"Fission","floor":28,"key":"SMITH"},{"data":"Biased Cognition","floor":32,"key":"SMITH"},{"data":"Coolheaded","floor":40,"key":"SMITH"},{"data":"Loop","floor":42,"key":"SMITH"},{"floor":46,"key":"RECALL"},{"data":"Dualcast","floor":49,"key":"SMITH"},{"data":"Electrodynamics","floor":52,"key":"SMITH"}],"neow_cost":"NONE","seed_source_timestamp":48106352268182,"circlet_count":0,"master_deck":["Defend_B","Defend_B","Defend_B","Defend_B","Zap+1","Dualcast+1","Static Discharge+1","Coolheaded+1","Sunder+1","Barrage+1","Reinforced Body+1","Glacier","Defragment+1","Gash+1","Biased Cognition+1","Go for the Eyes+1","Ball Lightning+1","Leap+1","Fission+1","Core Surge+1","Go for the Eyes+1","Loop+1","Loop+1","Electrodynamics+1","Hologram+1","Cold Snap+1","Thunder Strike+1","Skim+1","Gash+1","Loop","Buffer"],"relics":["Cracked Core","Centennial Puzzle","Molten Egg 2","Boot","Letter Opener","Golden Idol","Meat on the Bone","Bird Faced Urn","Sozu","Nloth\u0027s Gift","WingedGreaves","Mummified Hand","Turnip","Empty Cage","Pocketwatch","PreservedInsect","Pear","Bronze Scales","Symbiotic Virus","Gremlin Horn"],"potions_floor_usage":[21,55],"damage_taken":[{"damage":6,"enemies":"Jaw Worm","floor":1,"turns":2},{"damage":2,"enemies":"2 Louse","floor":2,"turns":2},{"damage":9,"enemies":"Small Slimes","floor":4,"turns":3},{"damage":17,"enemies":"Lagavulin","floor":7,"turns":6},{"damage":0,"enemies":"Blue Slaver","floor":12,"turns":3},{"damage":5,"enemies":"3 Sentries","floor":13,"turns":6},{"damage":19,"enemies":"3 Sentries","floor":14,"turns":4},{"damage":0,"enemies":"Slime Boss","floor":16,"turns":7},{"damage":5,"enemies":"2 Thieves","floor":18,"turns":3},{"damage":0,"enemies":"3 Byrds","floor":21,"turns":2},{"damage":10,"enemies":"Snake Plant","floor":22,"turns":3},{"damage":20,"enemies":"Gremlin Leader","floor":23,"turns":7},{"damage":6,"enemies":"Shelled Parasite and Fungi","floor":27,"turns":3},{"damage":11,"enemies":"Centurion and Healer","floor":29,"turns":4},{"damage":30,"enemies":"Slavers","floor":30,"turns":4},{"damage":28,"enemies":"Automaton","floor":33,"turns":9},{"damage":0,"enemies":"3 Darklings","floor":35,"turns":5},{"damage":15,"enemies":"Orb Walker","floor":36,"turns":3},{"damage":6,"enemies":"Mind Bloom Boss Battle","floor":37,"turns":6},{"damage":21,"enemies":"Nemesis","floor":41,"turns":5},{"damage":0,"enemies":"4 Shapes","floor":45,"turns":4},{"damage":0,"enemies":"Sphere and 2 Shapes","floor":48,"turns":3},{"damage":4,"enemies":"Awakened One","floor":50,"turns":10},{"damage":48,"enemies":"Shield and Spear","floor":54,"turns":4},{"damage":10,"enemies":"The Heart","floor":55,"turns":8}],"seed_played":"-5484167485740200384","potions_obtained":[{"floor":1,"key":"FairyPotion"},{"floor":7,"key":"LiquidBronze"},{"floor":14,"key":"LiquidBronze"}],"is_trial":false,"path_per_floor":["M","M","?","M","$","R","E","R","T","?","R","M","?","E","R","B",null,"M","?","?","M","M","E","$","?","T","M","R","M","E","?","R","B",null,"M","M","?","$","$","R","E","R","T","?","M","R","?","M","R","B",null,"R","$","E","B",null],"character_chosen":"DEFECT","items_purchased":["Barrage+1","Core Surge+1","PreservedInsect","Pear","Gash+1","Loop"],"campfire_rested":1,"item_purchase_floors":[5,24,38,39,53,53],"current_hp_per_floor":[69,67,67,58,58,58,41,41,41,23,45,45,40,33,33,49,75,72,72,72,75,67,53,53,53,53,49,49,44,34,59,59,41,75,75,60,66,66,76,76,67,67,67,67,75,75,75,83,83,85,85,85,85,43,49],"gold":118,"neow_bonus":"RANDOM_COMMON_RELIC","is_prod":false,"is_daily":false,"chose_seed":false,"campfire_upgraded":9,"win_rate":0,"timestamp":1541020102,"path_taken":["M","M","?","M","?","R","E","R","T","?","R","M","?","E","R","BOSS","M","?","?","?","M","E","$","?","T","?","R","M","E","?","R","BOSS","M","M","?","?","$","R","E","R","T","?","?","R","?","M","R","BOSS","R","$","E","BOSS"],"build_version":"2018-10-30","purchased_purges":2,"victory":true,"max_hp_per_floor":[75,75,75,75,75,75,75,75,75,75,75,75,75,75,75,75,75,75,75,75,75,75,75,75,75,75,75,75,75,75,75,75,75,75,75,75,75,75,85,85,85,85,85,85,85,85,85,85,85,85,85,85,85,85,85],"card_choices":[{"not_picked":["Heatsinks","Turbo"],"picked":"Static Discharge","floor":1},{"not_picked":["Scrape","Beam Cell"],"picked":"Coolheaded","floor":2},{"not_picked":["Chaos","Redo"],"picked":"Sunder+1","floor":4},{"not_picked":["Skim","Scrape+1"],"picked":"Reinforced Body","floor":7},{"not_picked":["Gash+1","Rip and Tear+1"],"picked":"Glacier","floor":12},{"not_picked":["Doom and Gloom+1","Rebound+1"],"picked":"Defragment","floor":13},{"not_picked":["BootSequence","Steam"],"picked":"Gash+1","floor":14},{"not_picked":["Rainbow","Meteor Strike+1"],"picked":"Biased Cognition","floor":16},{"not_picked":["Steam","Conserve Battery"],"picked":"Go for the Eyes+1","floor":18},{"not_picked":["Steam","Genetic Algorithm"],"picked":"Ball Lightning+1","floor":21},{"not_picked":["Steam","Rip and Tear+1"],"picked":"Leap+1","floor":22},{"not_picked":["Leap","Go for the Eyes+1"],"picked":"Fission","floor":23},{"not_picked":["Storm","Coolheaded"],"picked":"Go for the Eyes+1","floor":27},{"not_picked":["Rebound+1","Double Energy"],"picked":"Loop","floor":29},{"not_picked":["Beam Cell+1","Turbo+1"],"picked":"Loop+1","floor":30},{"not_picked":["Seek","Rainbow"],"picked":"Electrodynamics","floor":33},{"not_picked":["Reprogram+1","Leap"],"picked":"Hologram+1","floor":35},{"not_picked":["Turbo","Go for the Eyes+1"],"picked":"Cold Snap+1","floor":36},{"not_picked":["Cold Snap+1","Sweeping Beam+1"],"picked":"Thunder Strike+1","floor":41},{"not_picked":["Leap+1","Turbo","Go for the Eyes+1"],"picked":"SKIP","floor":45},{"not_picked":["Leap+1","Conserve Battery+1"],"picked":"Skim+1","floor":48},{"not_picked":["Barrage+1","Hologram+1"],"picked":"Buffer","floor":54}],"player_experience":1126974,"relics_obtained":[{"floor":7,"key":"Boot"},{"floor":9,"key":"Letter Opener"},{"floor":13,"key":"Meat on the Bone"},{"floor":14,"key":"Bird Faced Urn"},{"floor":23,"key":"WingedGreaves"},{"floor":26,"key":"Mummified Hand"},{"floor":30,"key":"Turnip"},{"floor":37,"key":"Pocketwatch"},{"floor":41,"key":"Bronze Scales"},{"floor":54,"key":"Gremlin Horn"}],"event_choices":[{"damage_healed":0,"gold_gain":0,"player_choice":"Box","damage_taken":0,"relics_obtained":["Molten Egg 2"],"max_hp_gain":0,"max_hp_loss":0,"event_name":"Big Fish","floor":3,"gold_loss":0,"cards_obtained":["Regret"]},{"damage_healed":0,"gold_gain":0,"player_choice":"Take Damage","damage_taken":18,"relics_obtained":["Golden Idol"],"max_hp_gain":0,"max_hp_loss":0,"event_name":"Golden Idol","floor":10,"gold_loss":0},{"damage_healed":0,"gold_gain":0,"player_choice":"Searched \u00271\u0027 times","damage_taken":0,"max_hp_gain":0,"max_hp_loss":0,"event_name":"Dead Adventurer","floor":13,"gold_loss":0},{"damage_healed":0,"gold_gain":0,"player_choice":"Obtained Relic","damage_taken":0,"relics_obtained":["Smiling Mask"],"max_hp_gain":0,"max_hp_loss":0,"event_name":"Addict","floor":19,"gold_loss":85},{"damage_healed":0,"gold_gain":0,"player_choice":"Traded Relic","damage_taken":0,"relics_obtained":["Nloth\u0027s Gift"],"max_hp_gain":0,"max_hp_loss":0,"event_name":"N\u0027loth","floor":20,"relics_lost":["Smiling Mask"],"gold_loss":0},{"cards_removed":["Strike_B"],"damage_healed":0,"gold_gain":0,"player_choice":"Purged","damage_taken":0,"max_hp_gain":0,"max_hp_loss":0,"event_name":"Purifier","floor":25,"gold_loss":0},{"damage_healed":25,"gold_gain":0,"player_choice":"Heal","damage_taken":0,"max_hp_gain":0,"max_hp_loss":0,"event_name":"The Library","floor":31,"gold_loss":0},{"damage_healed":0,"gold_gain":0,"player_choice":"Fight","damage_taken":0,"max_hp_gain":0,"max_hp_loss":0,"event_name":"MindBloom","floor":37,"gold_loss":0},{"damage_healed":0,"gold_gain":0,"player_choice":"Gave Potion","damage_taken":0,"relics_obtained":["Symbiotic Virus"],"max_hp_gain":0,"max_hp_loss":0,"event_name":"WeMeetAgain","floor":44,"gold_loss":0},{"damage_healed":0,"gold_gain":0,"player_choice":"Forge","damage_taken":0,"max_hp_gain":0,"max_hp_loss":0,"event_name":"Accursed Blacksmith","floor":47,"gold_loss":0,"cards_upgraded":["Reinforced Body"]}],"is_beta":true,"boss_relics":[{"not_picked":["Tiny House","Fusion Hammer"],"picked":"Sozu"},{"not_picked":["White Beast Statue","Snecko Eye"],"picked":"Empty Cage"}],"items_purged_floors":[5,39],"is_endless":false,"potions_floor_spawned":[1,7,14,22,23,30,37,41,48],"ascension_level":0}