{"gold_per_floor":[110,60,71,71,23,23,57,57,110,145,145,163,174,174,174,275,275,291,291,291,390,390,390,407,440,508,537,537,556,567,586,586,687,687,702,77,126,126,32,62,62,91,145,173,173,188,223,235,235,235],"floor_reached":51,"playtime":9837,"items_purged":["Storm of Steel"],"score":1276,"play_id":"8ae0bd1f-4bf1-4163-8083-8f07b2ec8348","local_time":"20190129233538","is_ascension_mode":true,"campfire_choices":[{"data":"Neutralize","floor":6.0,"key":"SMITH"},{"floor":8.0,"key":"REST"},{"data":"All Out Attack","floor":11.0,"key":"SMITH"},{"floor":15.0,"key":"REST"},{"floor":23.0,"key":"REST"},{"floor":32.0,"key":"REST"},{"floor":49,"key":"REST"}],"neow_cost":"NONE","seed_source_timestamp":1361206875160522,"circlet_count":0,"master_deck":["AscendersBane","Survivor","Neutralize+1","Backstab","PiercingWail","Caltrops","All Out Attack+1","Leg Sweep","Corpse Explosion","Heel Hook+1","Well Laid Plans","Cloak And Dagger","Die Die Die+1","Sucker Punch+1","Footwork","Escape Plan","Bullet Time","Acrobatics","Masterful Stab+1","Footwork","Backstab+1","Expertise","Dash+1","Prepared","Dramatic Entrance+1","Flash of Steel+1","Apotheosis","Flash of Steel+1","Backflip","Grand Finale+1","Prepared+1"],"special_seed":0,"relics":["Ring of the Snake","Singing Bowl","Tiny Chest","Centennial Puzzle","Bag of Preparation","Fusion Hammer","Du-Vu Doll","Nilry\u0027s Codex","Bronze Scales","Molten Egg 2","Orichalcum","The Courier","Pandora\u0027s Box","Regal Pillow","Bird Faced Urn","Letter Opener","Tough Bandages","Pantograph","Incense Burner","Art of War","Frozen Egg 2","Turnip"],"potions_floor_usage":[50],"damage_taken":[{"damage":0.0,"enemies":"Jaw Worm","floor":1.0,"turns":4.0},{"damage":0.0,"enemies":"Cultist","floor":3.0,"turns":4.0},{"damage":6.0,"enemies":"3 Sentries","floor":7.0,"turns":12.0},{"damage":24.0,"enemies":"Gremlin Nob","floor":10.0,"turns":6.0},{"damage":0.0,"enemies":"Small Slimes","floor":12.0,"turns":2.0},{"damage":3.0,"enemies":"Gremlin Gang","floor":13.0,"turns":4.0},{"damage":22.0,"enemies":"Hexaghost","floor":16.0,"turns":13.0},{"damage":7.0,"enemies":"Shell Parasite","floor":18.0,"turns":7.0},{"damage":0.0,"enemies":"3 Byrds","floor":24.0,"turns":3.0},{"damage":12.0,"enemies":"Book of Stabbing","floor":25.0,"turns":6.0},{"damage":0.0,"enemies":"Slavers","floor":27.0,"turns":1.0},{"damage":2.0,"enemies":"Snake Plant","floor":29.0,"turns":3.0},{"damage":1.0,"enemies":"Shelled Parasite and Fungi","floor":30.0,"turns":4.0},{"damage":0.0,"enemies":"Sentry and Sphere","floor":31.0,"turns":3.0},{"damage":17.0,"enemies":"Automaton","floor":33.0,"turns":11.0},{"damage":0,"enemies":"Orb Walker","floor":35,"turns":2},{"damage":0,"enemies":"2 Orb Walkers","floor":37,"turns":2},{"damage":4,"enemies":"Giant Head","floor":40,"turns":5},{"damage":0,"enemies":"Reptomancer","floor":42,"turns":4},{"damage":6,"enemies":"Giant Head","floor":44,"turns":6},{"damage":0,"enemies":"3 Darklings","floor":46,"turns":1},{"damage":18,"enemies":"Nemesis","floor":47,"turns":7},{"damage":0,"enemies":"Maw","floor":48,"turns":5},{"damage":11,"enemies":"Time Eater","floor":50,"turns":9}],"seed_played":"-6029736259334834108","potions_obtained":[{"floor":0.0,"key":"SteroidPotion"},{"floor":0.0,"key":"GhostInAJar"},{"floor":0.0,"key":"Weak Potion"},{"floor":1.0,"key":"PowerPotion"},{"floor":7.0,"key":"PowerPotion"},{"floor":10.0,"key":"AttackPotion"},{"floor":12.0,"key":"Fire Potion"},{"floor":24.0,"key":"Fire Potion"},{"floor":30.0,"key":"GhostInAJar"},{"floor":31.0,"key":"FairyPotion"},{"floor":37,"key":"AttackPotion"}],"is_trial":false,"path_per_floor":["M","?","M","?","$","R","E","R","T","E","R","M","M","?","R","B",null,"M","T","?","?","?","R","M","E","T","E","T","M","M","M","R","B",null,"M","$","?","?","$","E","?","E","T","E","?","M","E","M","R","B",null],"character_chosen":"THE_SILENT","items_purchased":["PiercingWail","Regal Pillow","Bird Faced Urn","Letter Opener","Flash of Steel+1","Backflip"],"campfire_rested":5,"item_purchase_floors":[5,36,36,36,39,39],"current_hp_per_floor":[63,63,63,49,49,49,43,64,64,40,40,40,37,37,58,36,62,55,55,39,39,39,60,60,48,48,48,48,46,45,45,66,49,65,67,67,71,61,61,65,65,74,74,70,70,74,62,72,80,77],"gold":235,"neow_bonus":"THREE_SMALL_POTIONS","is_prod":false,"is_daily":false,"chose_seed":false,"campfire_upgraded":2,"win_rate":0,"timestamp":1548772538,"path_taken":["M","?","M","?","?","R","E","R","T","E","R","?","M","?","R","BOSS","M","?","?","?","?","R","?","E","T","E","?","?","M","M","R","BOSS","M","$","?","?","$","E","?","E","T","E","?","M","E","M","R","BOSS"],"build_version":"2019-01-23","purchased_purges":1,"victory":true,"max_hp_per_floor":[70,70,70,70,70,70,70,70,70,70,70,70,70,70,70,70,70,70,70,70,70,70,70,70,70,70,70,70,70,70,70,70,70,70,72,72,72,72,72,72,72,74,74,76,76,76,78,80,80,80],"card_choices":[{"not_picked":["Setup","Deadly Poison","Sucker Punch"],"picked":"SKIP","floor":1.0},{"not_picked":["Blade Dance","Quick Slash"],"picked":"Backstab","floor":3.0},{"not_picked":["Eviscerate","Slice"],"picked":"Caltrops","floor":7.0},{"not_picked":["Flechettes","Distraction"],"picked":"All Out Attack","floor":10.0},{"not_picked":["Deadly Poison","Terror"],"picked":"Predator","floor":12.0},{"not_picked":["Deflect","Bane"],"picked":"Leg Sweep","floor":13.0},{"not_picked":["Venomology","Envenom"],"picked":"Corpse Explosion","floor":16.0},{"not_picked":["Calculated Gamble","Backstab"],"picked":"Heel Hook+1","floor":18.0},{"not_picked":["Blade Dance","Acrobatics+1"],"picked":"Well Laid Plans","floor":24.0},{"not_picked":["Quick Slash","Endless Agony"],"picked":"Cloak And Dagger","floor":25.0},{"not_picked":["Flying Knee+1","Slice+1"],"picked":"Die Die Die+1","floor":27.0},{"not_picked":["Predator+1","Bouncing Flask"],"picked":"Sucker Punch+1","floor":29.0},{"not_picked":["Reflex","All Out Attack+1"],"picked":"Footwork","floor":30.0},{"not_picked":["Sucker Punch+1","Calculated Gamble"],"picked":"Escape Plan","floor":31.0},{"not_picked":["Malaise","Wraith Form v2"],"picked":"Bullet Time","floor":33.0},{"not_picked":["Quick Slash+1","Poisoned Stab+1","Slice+1"],"picked":"Singing Bowl","floor":35},{"not_picked":["Deadly Poison+1","Eviscerate+1"],"picked":"Prepared","floor":37},{"not_picked":["Dark Shackles","Good Instincts"],"picked":"Dramatic Entrance+1","floor":38},{"not_picked":["Discovery","Swift Strike+1"],"picked":"Flash of Steel+1","floor":38},{"not_picked":["Purity","PanicButton"],"picked":"Apotheosis","floor":38},{"not_picked":["Outmaneuver+1","PiercingWail+1"],"picked":"Terror","floor":40},{"not_picked":["Sucker Punch+1","Choke+1","Poisoned Stab+1"],"picked":"Singing Bowl","floor":42},{"not_picked":["Underhanded Strike+1","Phantasmal Killer","Sucker Punch+1"],"picked":"Singing Bowl","floor":44},{"not_picked":["Acrobatics","Outmaneuver+1"],"picked":"Prepared+1","floor":46},{"not_picked":["Cloak And Dagger","Underhanded Strike+1","Slice+1"],"picked":"Singing Bowl","floor":47},{"not_picked":["Deadly Poison","Sucker Punch+1","Riddle With Holes+1"],"picked":"Singing Bowl","floor":48}],"player_experience":461577,"relics_obtained":[{"floor":7.0,"key":"Singing Bowl"},{"floor":9.0,"key":"Tiny Chest"},{"floor":10.0,"key":"Centennial Puzzle"},{"floor":19.0,"key":"Du-Vu Doll"},{"floor":20.0,"key":"Nilry\u0027s Codex"},{"floor":25.0,"key":"Bronze Scales"},{"floor":26.0,"key":"Molten Egg 2"},{"floor":27.0,"key":"Orichalcum"},{"floor":28.0,"key":"The Courier"},{"floor":37,"key":"Tough Bandages"},{"floor":40,"key":"Pantograph"},{"floor":42,"key":"Incense Burner"},{"floor":43,"key":"Art of War"},{"floor":44,"key":"Frozen Egg 2"},{"floor":47,"key":"Turnip"}],"event_choices":[{"cards_removed":["Strike_G"],"damage_healed":0.0,"max_hp_gain":0.0,"max_hp_loss":0.0,"gold_gain":0.0,"event_name":"The Cleric","player_choice":"Card Removal","floor":2.0,"gold_loss":50.0,"damage_taken":0.0},{"damage_healed":0.0,"max_hp_gain":0.0,"max_hp_loss":0.0,"gold_gain":0.0,"event_name":"Shining Light","player_choice":"Entered Light","floor":4.0,"gold_loss":0.0,"damage_taken":14.0,"cards_upgraded":["Defend_G","Strike_G"]},{"cards_removed":["Predator"],"damage_healed":0.0,"max_hp_gain":0.0,"max_hp_loss":0.0,"gold_gain":0.0,"event_name":"WeMeetAgain","player_choice":"Gave Card","floor":14.0,"gold_loss":0.0,"damage_taken":0.0,"relics_obtained":["Bag of Preparation"]},{"damage_healed":0.0,"max_hp_gain":0.0,"max_hp_loss":0.0,"gold_gain":0.0,"event_name":"Cursed Tome","player_choice":"Obtained Book","floor":20.0,"gold_loss":0.0,"damage_taken":16.0},{"damage_healed":0.0,"max_hp_gain":0.0,"max_hp_loss":0.0,"gold_gain":99.0,"event_name":"Nest","player_choice":"Stole From Cult","floor":21.0,"gold_loss":0.0,"damage_taken":0.0},{"cards_removed":["Strike_G"],"damage_healed":0.0,"max_hp_gain":0.0,"max_hp_loss":0.0,"gold_gain":0.0,"event_name":"Bonfire Elementals","player_choice":"Offered Basic","floor":22.0,"gold_loss":0.0,"damage_taken":0.0},{"damage_healed":0,"gold_gain":0,"player_choice":"Fight","damage_taken":0,"max_hp_gain":0,"max_hp_loss":0,"event_name":"Mysterious Sphere","floor":37,"gold_loss":0},{"damage_healed":0,"gold_gain":0,"player_choice":"Memory 3","damage_taken":10,"max_hp_gain":0,"max_hp_loss":0,"event_name":"SensoryStone","floor":38,"gold_loss":0},{"cards_removed":["Terror"],"damage_healed":0,"gold_gain":0,"player_choice":"Removed Skill","damage_taken":0,"max_hp_gain":0,"max_hp_loss":0,"event_name":"Falling","floor":41,"gold_loss":0},{"damage_healed":0,"gold_gain":0,"cards_transformed":["Distraction"],"player_choice":"Transformed","damage_taken":0,"max_hp_gain":0,"max_hp_loss":0,"event_name":"Transmorgrifier","floor":45,"gold_loss":0,"cards_obtained":["Grand Finale"]}],"is_beta":false,"boss_relics":[{"not_picked":["Cursed Key","Black Star"],"picked":"Fusion Hammer"},{"not_picked":["Astrolabe","White Beast Statue"],"picked":"Pandora\u0027s Box"}],"items_purged_floors":[36],"is_endless":false,"potions_floor_spawned":[1,7,10,12,24,30,31,37,42,47,48],"ascension_level":10}