{"gold_per_floor":[119,119,133,133,133,164,164,193,193,203,234,234,253,263,263,358,358,372,287,31,31,50,77,77,77,77,77,104,104],"floor_reached":29,"playtime":2510,"items_purged":[],"score":319,"play_id":"c12d0473-af6c-4733-8014-d18bb6816b51","local_time":"20190207142442","is_ascension_mode":true,"campfire_choices":[{"data":"Electrodynamics","floor":7,"key":"SMITH"},{"data":"Storm","floor":12,"key":"SMITH"},{"data":"Echo Form","floor":15,"key":"SMITH"},{"data":"Buffer","floor":24,"key":"SMITH"}],"neow_cost":"NONE","seed_source_timestamp":275526378272316,"circlet_count":0,"master_deck":["Defend_B","Defend_B","Zap","Dualcast","Coolheaded","Go for the Eyes","Electrodynamics+1","Skim","Go for the Eyes","Auto Shields","Lockon","Storm+1","Conserve Battery","Loop","Echo Form+1","Auto Shields","Buffer+1","Creative AI+1","Ball Lightning+1","Echo Form+1","Loop+1","Sweeping Beam+1","Conserve Battery+1","Multi-Cast"],"relics":["Cracked Core","NeowsBlessing","Prayer Wheel","Bottled Tornado","Bottled Flame","Regal Pillow","Astrolabe","Blood Vial","Matryoshka","Singing Bowl","Art of War","Ornamental Fan","StoneCalendar"],"potions_floor_usage":[16,23,23,28,29],"damage_taken":[{"damage":0,"enemies":"Jaw Worm","floor":1,"turns":1},{"damage":0,"enemies":"2 Louse","floor":3,"turns":1},{"damage":0,"enemies":"Gremlin Nob","floor":6,"turns":1},{"damage":4,"enemies":"3 Sentries","floor":8,"turns":2},{"damage":0,"enemies":"Cultist","floor":10,"turns":2},{"damage":7,"enemies":"Gremlin Nob","floor":11,"turns":4},{"damage":0,"enemies":"Large Slime","floor":13,"turns":3},{"damage":9,"enemies":"Blue Slaver","floor":14,"turns":2},{"damage":14,"enemies":"Hexaghost","floor":16,"turns":7},{"damage":8,"enemies":"Shell Parasite","floor":18,"turns":5},{"damage":6,"enemies":"Chosen","floor":22,"turns":4},{"damage":35,"enemies":"Slavers","floor":23,"turns":3},{"damage":42,"enemies":"Book of Stabbing","floor":28,"turns":5},{"damage":9,"enemies":"Centurion and Healer","floor":29,"turns":1}],"seed_played":"4302165261682178070","potions_obtained":[{"floor":8,"key":"AttackPotion"},{"floor":11,"key":"FocusPotion"},{"floor":13,"key":"FearPotion"},{"floor":14,"key":"Regen Potion"},{"floor":21,"key":"Fire Potion"},{"floor":23,"key":"Regen Potion"}],"is_trial":false,"path_per_floor":["M","?","M","?","?","E","R","E","T","M","E","R","M","M","R","B",null,"M","?","$","?","M","E","R","?","T","?","E","M"],"character_chosen":"DEFECT","items_purchased":["Matryoshka"],"campfire_rested":0,"item_purchase_floors":[20],"current_hp_per_floor":[75,80,80,80,80,80,80,76,76,76,69,69,69,60,60,46,80,72,72,72,72,68,46,46,46,46,30,6,0],"gold":104,"neow_bonus":"THREE_ENEMY_KILL","is_prod":false,"is_daily":false,"chose_seed":false,"campfire_upgraded":4,"win_rate":0,"timestamp":1549578282,"path_taken":["M","?","M","?","?","E","R","E","T","M","E","R","?","M","R","BOSS","M","?","$","?","?","E","R","?","T","?","E","M"],"build_version":"2019-01-23","purchased_purges":0,"victory":false,"max_hp_per_floor":[75,80,80,80,80,80,80,80,80,80,80,80,80,80,80,80,80,80,80,80,80,80,82,82,82,82,87,89,89],"card_choices":[{"not_picked":["Sweeping Beam","Turbo"],"picked":"Coolheaded","floor":1},{"not_picked":["Conserve Battery","Redo"],"picked":"Go for the Eyes","floor":3},{"not_picked":["Steam Power","Go for the Eyes"],"picked":"Skim","floor":6},{"not_picked":["Rebound","Compile Driver"],"picked":"Go for the Eyes","floor":8},{"not_picked":["Gash","Hologram"],"picked":"Auto Shields","floor":10},{"not_picked":["Ball Lightning","Chill"],"picked":"Lockon","floor":10},{"not_picked":["Compile Driver","Redo"],"picked":"Storm","floor":11},{"not_picked":["Go for the Eyes","Aggregate"],"picked":"Conserve Battery","floor":13},{"not_picked":["Heatsinks","BootSequence"],"picked":"Loop","floor":13},{"not_picked":["Heatsinks","Streamline"],"picked":"Echo Form","floor":14},{"not_picked":["Turbo","Compile Driver"],"picked":"Auto Shields","floor":14},{"not_picked":["Amplify","Hyperbeam"],"picked":"Buffer","floor":16},{"not_picked":["Compile Driver","Beam Cell"],"picked":"Loop+1","floor":18},{"not_picked":["Consume","Ball Lightning+1"],"picked":"Sweeping Beam+1","floor":18},{"not_picked":["Steam","Darkness+1"],"picked":"Conserve Battery+1","floor":22},{"not_picked":["Undo","Hologram"],"picked":"Multi-Cast","floor":22},{"not_picked":["Gash+1","Barrage","Auto Shields"],"picked":"Singing Bowl","floor":23},{"not_picked":["Genetic Algorithm","Rebound","Steam Power"],"picked":"Singing Bowl","floor":28}],"player_experience":110244,"relics_obtained":[{"floor":6,"key":"Prayer Wheel"},{"floor":8,"key":"Bottled Tornado"},{"floor":9,"key":"Bottled Flame"},{"floor":11,"key":"Regal Pillow"},{"floor":23,"key":"Singing Bowl"},{"floor":26,"key":"Art of War"},{"floor":26,"key":"Ornamental Fan"},{"floor":28,"key":"StoneCalendar"}],"event_choices":[{"damage_healed":0,"gold_gain":0,"player_choice":"Donut","damage_taken":0,"max_hp_gain":5,"max_hp_loss":0,"event_name":"Big Fish","floor":2,"gold_loss":0},{"damage_healed":0,"gold_gain":0,"cards_transformed":["Strike_B"],"player_choice":"Change","damage_taken":0,"max_hp_gain":0,"max_hp_loss":0,"event_name":"Living Wall","floor":4,"gold_loss":0,"cards_obtained":["Electrodynamics"]},{"cards_removed":["Strike_B"],"damage_healed":0,"gold_gain":0,"player_choice":"Card Removal","damage_taken":0,"max_hp_gain":0,"max_hp_loss":0,"event_name":"Wheel of Change","floor":5,"gold_loss":0},{"damage_healed":0,"gold_gain":0,"player_choice":"Obtained Relic","damage_taken":0,"relics_obtained":["Blood Vial"],"max_hp_gain":0,"max_hp_loss":0,"event_name":"Addict","floor":19,"gold_loss":85},{"damage_healed":0,"gold_gain":0,"player_choice":"Got Potions","damage_taken":0,"max_hp_gain":0,"max_hp_loss":0,"event_name":"Lab","floor":21,"gold_loss":0},{"cards_removed":["Defend_B"],"damage_healed":0,"gold_gain":0,"player_choice":"Elegance","damage_taken":0,"max_hp_gain":0,"max_hp_loss":0,"event_name":"Back to Basics","floor":25,"gold_loss":0},{"damage_healed":0,"gold_gain":0,"player_choice":"Shed Blood","damage_taken":21,"max_hp_gain":5,"max_hp_loss":0,"event_name":"Forgotten Altar","floor":27,"gold_loss":0}],"is_beta":false,"boss_relics":[{"not_picked":["Coffee Dripper","Ectoplasm"],"picked":"Astrolabe"}],"items_purged_floors":[],"is_endless":false,"potions_floor_spawned":[8,11,13,14,23],"killed_by":"Centurion and Healer","ascension_level":1}