{"gold_per_floor":[115,133,143,143,143,174,174,207,207,172,202,214,214,163,163,236,236,236],"floor_reached":18,"playtime":569,"items_purged":[],"score":294,"play_id":"6b0d5e5a-eec8-4238-9d4b-00e773ae3cba","local_time":"20190205081737","is_ascension_mode":true,"campfire_choices":[{"data":"Sunder","floor":7.0,"key":"SMITH"},{"data":"Creative AI","floor":15,"key":"SMITH"}],"neow_cost":"NONE","seed_source_timestamp":846754322974076,"circlet_count":0,"master_deck":["AscendersBane","Strike_B","Strike_B","Strike_B","Strike_B","Defend_B","Defend_B","Defend_B","Defend_B","Zap+1","Dualcast","Stack","Sunder+1","Leap+1","FTL","Creative AI+1","Conserve Battery+1","Coolheaded+1","Echo Form"],"special_seed":0,"relics":["Cracked Core","NeowsBlessing","Pen Nib","Toxic Egg 2","Matryoshka","Molten Egg 2","Smiling Mask","Regal Pillow","Runic Pyramid"],"potions_floor_usage":[11],"damage_taken":[{"damage":0.0,"enemies":"Small Slimes","floor":1.0,"turns":1.0},{"damage":0.0,"enemies":"Jaw Worm","floor":2.0,"turns":1.0},{"damage":0.0,"enemies":"2 Louse","floor":3.0,"turns":1.0},{"damage":13.0,"enemies":"Gremlin Nob","floor":6.0,"turns":3.0},{"damage":15.0,"enemies":"3 Sentries","floor":8.0,"turns":6.0},{"damage":20,"enemies":"Lagavulin","floor":11,"turns":5},{"damage":4,"enemies":"Large Slime","floor":12,"turns":5},{"damage":39,"enemies":"Hexaghost","floor":16,"turns":15},{"damage":38,"enemies":"3 Byrds","floor":18,"turns":3}],"seed_played":"-9043228193868399854","potions_obtained":[{"floor":1.0,"key":"Poison Potion"},{"floor":3.0,"key":"Strength Potion"},{"floor":6.0,"key":"FearPotion"},{"floor":11,"key":"Strength Potion"}],"is_trial":false,"path_per_floor":["M","M","M","?","?","E","R","E","T","?","E","M","?","$","R","B",null,"M"],"character_chosen":"DEFECT","items_purchased":["Coolheaded+1"],"campfire_rested":0,"item_purchase_floors":[14],"current_hp_per_floor":[68,68,68,61,61,48,48,33,33,51,31,27,52,52,52,13,60,22],"gold":236,"neow_bonus":"THREE_ENEMY_KILL","is_prod":false,"is_daily":false,"chose_seed":false,"campfire_upgraded":2,"win_rate":0,"timestamp":1549351057,"path_taken":["M","M","M","?","?","E","R","E","T","?","E","M","?","?","R","BOSS","M"],"build_version":"2019-01-23","purchased_purges":0,"victory":false,"max_hp_per_floor":[75,75,75,75,75,75,75,75,75,75,75,75,75,75,75,75,75,75],"card_choices":[{"not_picked":["Storm","Gash"],"picked":"Stack","floor":1.0},{"not_picked":["Hologram","Compile Driver"],"picked":"Sunder","floor":2.0},{"not_picked":["Rip and Tear","Rebound","Beam Cell"],"picked":"SKIP","floor":3.0},{"not_picked":["Gash","Stack"],"picked":"Leap","floor":6.0},{"not_picked":["Conserve Battery+1","Tempest+1"],"picked":"FTL","floor":8.0},{"not_picked":["Fusion+1","Redo+1"],"picked":"Creative AI","floor":11},{"not_picked":["Rebound+1","Storm"],"picked":"Conserve Battery+1","floor":12},{"not_picked":["Amplify+1","Meteor Strike+1"],"picked":"Echo Form","floor":16}],"player_experience":2198712,"relics_obtained":[{"floor":6.0,"key":"Toxic Egg 2"},{"floor":8.0,"key":"Matryoshka"},{"floor":9.0,"key":"Molten Egg 2"},{"floor":9.0,"key":"Smiling Mask"},{"floor":11,"key":"Regal Pillow"}],"event_choices":[{"damage_healed":0.0,"max_hp_gain":0.0,"max_hp_loss":0.0,"gold_gain":0.0,"event_name":"Scrap Ooze","player_choice":"Success","floor":4.0,"gold_loss":0.0,"damage_taken":7.0,"relics_obtained":["Pen Nib"]},{"damage_healed":0.0,"max_hp_gain":0.0,"max_hp_loss":0.0,"gold_gain":0.0,"event_name":"Living Wall","player_choice":"Grow","floor":5.0,"gold_loss":0.0,"damage_taken":0.0,"cards_upgraded":["Zap"]},{"damage_healed":18.0,"max_hp_gain":0.0,"max_hp_loss":0.0,"gold_gain":0.0,"event_name":"The Cleric","player_choice":"Healed","floor":10.0,"gold_loss":35.0,"damage_taken":0.0},{"damage_healed":25,"gold_gain":0,"player_choice":"Banana","damage_taken":0,"max_hp_gain":0,"max_hp_loss":0,"event_name":"Big Fish","floor":13,"gold_loss":0}],"is_beta":false,"boss_relics":[{"not_picked":["Calling Bell","Empty Cage"],"picked":"Runic Pyramid"}],"items_purged_floors":[],"is_endless":false,"potions_floor_spawned":[1,3,6,11],"killed_by":"3 Byrds","ascension_level":13}