{"gold_per_floor":[112,112,132,132,108,108,177,177,249,280,280,295,316,11,11,130,130,150,150,163,182,182,213,213,244,244,244,244,244,278,297,297,297],"floor_reached":33,"playtime":891,"items_purged":[],"score":482,"play_id":"e7100e25-c6aa-4af5-a645-d2383cb06fba","local_time":"20190117150011","is_ascension_mode":true,"campfire_choices":[{"data":"Neutralize","floor":6.0,"key":"SMITH"},{"data":"Dagger Throw","floor":8.0,"key":"SMITH"},{"data":"Tactician","floor":15.0,"key":"SMITH"},{"floor":24.0,"key":"REST"},{"floor":27.0,"key":"REST"},{"data":"Unload","floor":29.0,"key":"SMITH"},{"floor":32.0,"key":"REST"}],"neow_cost":"NONE","seed_source_timestamp":0,"circlet_count":0,"master_deck":["AscendersBane","Defend_G","Defend_G","Defend_G","Defend_G","Defend_G","Strike_G","Strike_G","Strike_G","Strike_G","Strike_G","Survivor","Neutralize+1","Dash+1","Outmaneuver","Dagger Spray","Dagger Throw+1","Tactician+1","Dagger Spray","Reflex","Unload+1","Poisoned Stab","Cloak And Dagger","Tactician","Deadly Poison","Outmaneuver+1"],"special_seed":0,"relics":["Ring of the Snake","NeowsBlessing","Golden Idol","Bronze Scales","Ninja Scroll","Regal Pillow","Happy Flower","Unceasing Top","Busted Crown","Dodecahedron","Thread and Needle","Boot","Toxic Egg 2","Bottled Flame","Molten Egg 2"],"potions_floor_usage":[],"damage_taken":[{"damage":0.0,"enemies":"Jaw Worm","floor":1.0,"turns":1.0},{"damage":0.0,"enemies":"Small Slimes","floor":3.0,"turns":1.0},{"damage":0.0,"enemies":"Lagavulin Event","floor":7.0,"turns":1.0},{"damage":8.0,"enemies":"Gremlin Nob","floor":10.0,"turns":4.0},{"damage":0.0,"enemies":"2 Louse","floor":12.0,"turns":1.0},{"damage":0.0,"enemies":"Exordium Wildlife","floor":13.0,"turns":3.0},{"damage":18.0,"enemies":"Hexaghost","floor":16.0,"turns":9.0},{"damage":0.0,"enemies":"3 Byrds","floor":18.0,"turns":3.0},{"damage":9.0,"enemies":"Chosen","floor":20.0,"turns":4.0},{"damage":4.0,"enemies":"Centurion and Healer","floor":21.0,"turns":5.0},{"damage":19.0,"enemies":"Slavers","floor":23.0,"turns":5.0},{"damage":31.0,"enemies":"Book of Stabbing","floor":25.0,"turns":6.0},{"damage":18.0,"enemies":"Slavers","floor":30.0,"turns":7.0},{"damage":9.0,"enemies":"Shelled Parasite and Fungi","floor":31.0,"turns":3.0},{"damage":0,"enemies":"Automaton","floor":33,"turns":1}],"seed_played":"-778589382552981112","potions_obtained":[{"floor":1.0,"key":"Weak Potion"},{"floor":3.0,"key":"SkillPotion"},{"floor":16.0,"key":"FairyPotion"},{"floor":18.0,"key":"Dexterity Potion"},{"floor":25.0,"key":"SkillPotion"}],"is_trial":false,"path_per_floor":["M","?","M","?","$","R","?","R","T","E","?","M","M","$","R","B",null,"M","?","M","M","?","E","R","E","T","R","T","R","E","M","R","B"],"character_chosen":"THE_SILENT","items_purchased":["Dagger Spray","Unceasing Top"],"campfire_rested":3,"item_purchase_floors":[5,14],"current_hp_per_floor":[63,63,63,63,63,63,63,63,63,55,52,52,52,52,52,34,57,57,57,48,44,44,25,59,28,28,62,62,62,44,35,65,65],"gold":297,"neow_bonus":"THREE_ENEMY_KILL","is_prod":false,"is_daily":false,"chose_seed":false,"campfire_upgraded":4,"win_rate":0,"timestamp":1547733611,"path_taken":["M","?","M","?","$","R","?","R","T","E","?","M","M","$","R","BOSS","M","?","M","M","?","E","R","E","T","R","?","R","E","M","R","BOSS"],"build_version":"2019-01-10","purchased_purges":0,"victory":false,"max_hp_per_floor":[70,65,65,65,65,65,65,65,65,65,65,65,65,65,65,65,65,65,65,65,65,65,65,65,65,65,65,65,65,65,65,65,65],"card_choices":[{"not_picked":["Accuracy","Blade Dance"],"picked":"Dash","floor":1.0},{"not_picked":["Bane","Underhanded Strike"],"picked":"Outmaneuver","floor":3.0},{"not_picked":["Blade Dance","Leg Sweep"],"picked":"Dagger Throw","floor":7.0},{"not_picked":["Skewer","Prepared"],"picked":"Tactician","floor":10.0},{"not_picked":["Bane","Accuracy"],"picked":"Dagger Spray","floor":12.0},{"not_picked":["Doppelganger","Caltrops"],"picked":"Reflex","floor":13.0},{"not_picked":["Wraith Form v2","Night Terror"],"picked":"Unload","floor":16.0},{"not_picked":[],"picked":"Poisoned Stab","floor":18.0},{"not_picked":[],"picked":"Cloak And Dagger","floor":20.0},{"not_picked":["Flechettes"],"picked":"SKIP","floor":21.0},{"not_picked":[],"picked":"Tactician","floor":23.0},{"not_picked":[],"picked":"Deadly Poison","floor":25.0},{"not_picked":[],"picked":"Outmaneuver+1","floor":30.0},{"not_picked":["Accuracy"],"picked":"SKIP","floor":31.0}],"player_experience":1971424,"relics_obtained":[{"floor":7.0,"key":"Bronze Scales"},{"floor":9.0,"key":"Ninja Scroll"},{"floor":10.0,"key":"Regal Pillow"},{"floor":23.0,"key":"Thread and Needle"},{"floor":25.0,"key":"Boot"},{"floor":26.0,"key":"Toxic Egg 2"},{"floor":28.0,"key":"Bottled Flame"},{"floor":30.0,"key":"Molten Egg 2"}],"event_choices":[{"damage_healed":0.0,"max_hp_gain":0.0,"max_hp_loss":5.0,"gold_gain":0.0,"event_name":"Golden Idol","player_choice":"Lose Max HP","floor":2.0,"gold_loss":0.0,"damage_taken":0.0,"relics_obtained":["Golden Idol"]},{"damage_healed":0.0,"max_hp_gain":0.0,"max_hp_loss":0.0,"gold_gain":0.0,"event_name":"Living Wall","player_choice":"Grow","floor":4.0,"gold_loss":0.0,"damage_taken":0.0,"cards_upgraded":["Dash"]},{"damage_healed":0.0,"max_hp_gain":0.0,"max_hp_loss":0.0,"gold_gain":30.0,"event_name":"Dead Adventurer","player_choice":"Searched \u00272\u0027 times","floor":7.0,"gold_loss":0.0,"damage_taken":0.0},{"damage_healed":0.0,"max_hp_gain":0.0,"max_hp_loss":0.0,"gold_gain":0.0,"event_name":"Scrap Ooze","player_choice":"Success","floor":11.0,"gold_loss":0.0,"damage_taken":3.0,"relics_obtained":["Happy Flower"]},{"damage_healed":0.0,"max_hp_gain":0.0,"max_hp_loss":0.0,"gold_gain":0.0,"event_name":"The Mausoleum","player_choice":"Opened","floor":19.0,"gold_loss":0.0,"damage_taken":0.0,"relics_obtained":["Dodecahedron"]},{"damage_healed":0.0,"max_hp_gain":0.0,"max_hp_loss":0.0,"gold_gain":0.0,"event_name":"Vampires","player_choice":"Ignored","floor":22.0,"gold_loss":0.0,"damage_taken":0.0}],"is_beta":false,"boss_relics":[{"not_picked":["Velvet Choker","Fusion Hammer"],"picked":"Busted Crown"}],"items_purged_floors":[],"is_endless":false,"potions_floor_spawned":[1,3,12,16,18,20,25],"killed_by":"Automaton","ascension_level":12}