{"gold_per_floor":[117,136,147,166,185,185,213,178,231,260,260,275,310,323,323,323],"floor_reached":16,"playtime":758,"items_purged":[],"score":248,"play_id":"416f081d-b59a-4a3e-8c62-2c12ee6511a3","local_time":"20181215135026","is_ascension_mode":true,"campfire_choices":[{"data":"Corruption","floor":6.0,"key":"SMITH"},{"data":"Armaments","floor":11.0,"key":"SMITH"},{"floor":15,"key":"REST"}],"neow_cost":"NONE","seed_source_timestamp":487476613867216,"circlet_count":0,"master_deck":["AscendersBane","Strike_R","Strike_R","Strike_R","Strike_R","Strike_R","Defend_R","Defend_R","Defend_R","Defend_R","Bash","Limit Break","Armaments+1","Rampage","Corruption+1","Spot Weakness","Dropkick","Double Tap","Rampage+1","Pommel Strike+1","Iron Wave+1","Feed+1"],"special_seed":0,"relics":["Burning Blood","Ornamental Fan","Anchor","Molten Egg 2","Lantern"],"potions_floor_usage":[13],"damage_taken":[{"damage":2.0,"enemies":"2 Louse","floor":1.0,"turns":4.0},{"damage":9.0,"enemies":"Jaw Worm","floor":2.0,"turns":3.0},{"damage":2.0,"enemies":"Small Slimes","floor":3.0,"turns":5.0},{"damage":8.0,"enemies":"Blue Slaver","floor":4.0,"turns":4.0},{"damage":16.0,"enemies":"Exordium Thugs","floor":5.0,"turns":6.0},{"damage":25.0,"enemies":"3 Sentries","floor":7.0,"turns":6.0},{"damage":21.0,"enemies":"Lagavulin","floor":10.0,"turns":6.0},{"damage":19.0,"enemies":"Gremlin Gang","floor":12.0,"turns":5.0},{"damage":36,"enemies":"Gremlin Nob","floor":13,"turns":4},{"damage":10,"enemies":"Lots of Slimes","floor":14,"turns":5},{"damage":39,"enemies":"The Guardian","floor":16,"turns":5}],"seed_played":"5228380637652610491","potions_obtained":[{"floor":2.0,"key":"Regen Potion"},{"floor":3.0,"key":"PowerPotion"},{"floor":12.0,"key":"SneckoOil"}],"is_trial":false,"path_per_floor":["M","M","M","M","M","R","E","?","T","E","R","M","E","M","R","B"],"character_chosen":"IRONCLAD","items_purchased":[],"campfire_rested":1,"item_purchase_floors":[],"current_hp_per_floor":[72,69,73,71,61,61,56,74,74,59,59,46,16,12,34,0],"gold":323,"neow_bonus":"ONE_RANDOM_RARE_CARD","is_prod":false,"is_daily":false,"chose_seed":false,"campfire_upgraded":2,"win_rate":0,"timestamp":1544899826,"path_taken":["M","M","M","M","M","R","E","?","T","E","R","M","E","M","R","BOSS"],"build_version":"2018-12-13","purchased_purges":0,"victory":false,"max_hp_per_floor":[75,75,75,75,75,75,75,75,75,75,75,75,75,75,75,75],"card_choices":[{"not_picked":["Havoc","Sever Soul"],"picked":"Armaments","floor":1.0},{"not_picked":["Pommel Strike","Anger"],"picked":"Rampage","floor":2.0},{"not_picked":["Thunderclap","Sword Boomerang"],"picked":"Corruption","floor":3.0},{"not_picked":["Sword Boomerang","Anger"],"picked":"Spot Weakness","floor":4.0},{"not_picked":["Juggernaut","Rage"],"picked":"Dropkick","floor":5.0},{"not_picked":["Flame Barrier","Iron Wave"],"picked":"Double Tap","floor":7.0},{"not_picked":["Havoc","Sword Boomerang"],"picked":"Rampage","floor":10.0},{"not_picked":["Power Through","Infernal Blade"],"picked":"Pommel Strike+1","floor":12.0},{"not_picked":["Seeing Red","Blood for Blood+1"],"picked":"Iron Wave+1","floor":13},{"not_picked":["Headbutt+1","Inflame"],"picked":"Feed+1","floor":14}],"player_experience":1240527,"relics_obtained":[{"floor":7.0,"key":"Ornamental Fan"},{"floor":9.0,"key":"Anchor"},{"floor":10.0,"key":"Molten Egg 2"},{"floor":13,"key":"Lantern"}],"event_choices":[{"damage_healed":18.0,"max_hp_gain":0.0,"max_hp_loss":0.0,"gold_gain":0.0,"event_name":"The Cleric","player_choice":"Healed","floor":8.0,"gold_loss":35.0,"damage_taken":0.0}],"is_beta":true,"boss_relics":[],"items_purged_floors":[],"is_endless":false,"potions_floor_spawned":[2,3,4,5,12],"killed_by":"The Guardian","ascension_level":20}