{"gold_per_floor":[363,9,23,23,23,23,58,35,103,123,154,154,171,198,198,294,294,313,313,313,313,332,360,360,391,391,411,18,18,29,45,45,143,143,153,153,169,169,189,189,189],"floor_reached":41,"playtime":1549,"items_purged":[],"score":682,"play_id":"37fc5707-08d7-49f5-901d-d35c30e020ac","local_time":"20181006132218","is_ascension_mode":true,"campfire_choices":[{"data":"Zap","floor":6.0,"key":"SMITH"},{"data":"Chaos","floor":12.0,"key":"SMITH"},{"data":"Ball Lightning","floor":15.0,"key":"SMITH"},{"floor":24.0,"key":"REST"},{"floor":32.0,"key":"REST"},{"floor":40,"key":"REST"}],"neow_cost":"TEN_PERCENT_HP_LOSS","seed_source_timestamp":1093303705301,"circlet_count":0,"master_deck":["Strike_B","Strike_B","Strike_B","Strike_B","Defend_B","Defend_B","Defend_B","Defend_B","Zap+1","Dualcast","Chaos+1","Leap+1","Dark Shackles+1","White Noise+1","Redo+1","Ball Lightning+1","Redo+1","Conserve Battery+1","Undo+1","Auto Shields+1","Thunder Strike","Rebound","Tempest+1","Steam Power+1","Fission+1","All For One","Compile Driver","Leap+1","Darkness+1","Capacitor","Echo Form","Coolheaded+1","Conserve Battery+1","Go for the Eyes+1","Recycle+1"],"special_seed":0,"relics":["Cracked Core","Toxic Egg 2","Kunai","Pear","Turnip","DataDisk","White Beast Statue","Nloth\u0027s Gift","Letter Opener","Blue Candle","Shuriken","Cables","Darkstone Periapt","Runic Dome","Ice Cream"],"potions_floor_usage":[38,38,39,41],"damage_taken":[{"damage":2.0,"enemies":"Jaw Worm","floor":1.0,"turns":3.0},{"damage":0.0,"enemies":"Cultist","floor":3.0,"turns":3.0},{"damage":10.0,"enemies":"Lagavulin","floor":7.0,"turns":5.0},{"damage":0.0,"enemies":"Small Slimes","floor":10.0,"turns":3.0},{"damage":23.0,"enemies":"3 Sentries","floor":11.0,"turns":8.0},{"damage":1.0,"enemies":"Looter","floor":13.0,"turns":2.0},{"damage":9.0,"enemies":"Gremlin Nob","floor":14.0,"turns":4.0},{"damage":17.0,"enemies":"The Guardian","floor":16.0,"turns":8.0},{"damage":11.0,"enemies":"Shell Parasite","floor":18.0,"turns":5.0},{"damage":8.0,"enemies":"2 Thieves","floor":22.0,"turns":4.0},{"damage":45.0,"enemies":"Gremlin Leader","floor":23.0,"turns":5.0},{"damage":7.0,"enemies":"Book of Stabbing","floor":25.0,"turns":5.0},{"damage":0.0,"enemies":"Cultist and Chosen","floor":27.0,"turns":4.0},{"damage":0.0,"enemies":"Snake Plant","floor":29.0,"turns":1.0},{"damage":3.0,"enemies":"Snecko","floor":30.0,"turns":4.0},{"damage":0.0,"enemies":"Chosen and Byrds","floor":31.0,"turns":3.0},{"damage":26.0,"enemies":"Automaton","floor":33.0,"turns":8.0},{"damage":39.0,"enemies":"3 Shapes","floor":35.0,"turns":5.0},{"damage":1.0,"enemies":"Mind Bloom Boss Battle","floor":36.0,"turns":6.0},{"damage":0.0,"enemies":"Orb Walker","floor":37.0,"turns":4.0},{"damage":0,"enemies":"4 Shapes","floor":38,"turns":1},{"damage":25,"enemies":"3 Darklings","floor":39,"turns":4},{"damage":32,"enemies":"2 Orb Walkers","floor":41,"turns":2}],"seed_played":"4716236302904350543","potions_obtained":[{"floor":3.0,"key":"Ancient Potion"},{"floor":7.0,"key":"Fire Potion"},{"floor":10.0,"key":"Regen Potion"},{"floor":13.0,"key":"SmokeBomb"},{"floor":18.0,"key":"GamblersBrew"},{"floor":22.0,"key":"AttackPotion"},{"floor":23.0,"key":"GamblersBrew"},{"floor":25.0,"key":"SkillPotion"},{"floor":27.0,"key":"Fire Potion"},{"floor":30.0,"key":"EssenceOfSteel"},{"floor":31.0,"key":"Weak Potion"},{"floor":33.0,"key":"PowerPotion"},{"floor":35.0,"key":"SmokeBomb"},{"floor":36.0,"key":"Explosive Potion"},{"floor":37.0,"key":"Fruit Juice"},{"floor":39,"key":"GamblersBrew"}],"is_trial":false,"path_per_floor":["M","$","M","?","?","R","E","$","T","M","E","R","M","E","R","B",null,"M","?","?","T","M","E","R","E","T","M","$","M","M","M","R","B",null,"M","?","M","M","M","R"],"character_chosen":"DEFECT","items_purchased":["Toxic Egg 2","Leap+1","Dark Shackles+1","Ball Lightning","Leap+1","Darkstone Periapt","Block Potion","AttackPotion"],"campfire_rested":3,"item_purchase_floors":[2,2,2,8,28,28,28,28],"current_hp_per_floor":[66,66,66,66,66,66,56,56,66,66,58,58,57,48,48,31,66,55,55,55,55,47,2,25,18,18,18,18,18,15,15,38,12,62,23,22,22,27,2,26,0],"gold":189,"neow_bonus":"TWO_FIFTY_GOLD","is_prod":false,"is_daily":false,"chose_seed":false,"campfire_upgraded":3,"win_rate":0,"timestamp":1538824938,"path_taken":["M","$","M","?","?","R","E","$","T","M","E","R","?","E","R","BOSS","M","?","?","?","?","E","R","E","T","M","?","?","M","?","R","BOSS","M","?","M","M","M","R","E"],"build_version":"2018-10-04v2","purchased_purges":0,"victory":false,"max_hp_per_floor":[68,68,68,68,68,68,68,68,78,78,78,78,78,78,78,78,78,78,78,78,78,78,78,78,78,78,78,78,78,78,78,78,78,78,78,78,78,83,83,83,83],"card_choices":[{"not_picked":["Cold Snap","Coolheaded"],"picked":"Chaos","floor":1.0},{"not_picked":["Turbo+1","Redo+1"],"picked":"White Noise+1","floor":3.0},{"not_picked":["Double Energy+1","Ball Lightning"],"picked":"Redo+1","floor":7.0},{"not_picked":["Gash","Go for the Eyes"],"picked":"Redo+1","floor":10.0},{"not_picked":["Compile Driver","Creative AI"],"picked":"Conserve Battery+1","floor":11.0},{"not_picked":["Leap+1","Self Repair"],"picked":"Undo+1","floor":13.0},{"not_picked":["Recycle+1","Hologram+1"],"picked":"Auto Shields+1","floor":14.0},{"not_picked":["Machine Learning","Rainbow+1"],"picked":"Thunder Strike","floor":16.0},{"not_picked":["Compile Driver","Go for the Eyes"],"picked":"Rebound","floor":18.0},{"not_picked":["Beam Cell","Rebound"],"picked":"Steam Power+1","floor":22.0},{"not_picked":["Sweeping Beam","Barrage+1"],"picked":"Fission+1","floor":23.0},{"not_picked":["Sweeping Beam","Beam Cell"],"picked":"All For One","floor":25.0},{"not_picked":["Go for the Eyes","Streamline"],"picked":"Compile Driver","floor":27.0},{"not_picked":["Rip and Tear","Sunder"],"picked":"Darkness+1","floor":30.0},{"not_picked":["Reprogram+1","Chill+1"],"picked":"Capacitor","floor":31.0},{"not_picked":["Rainbow+1","Fission+1"],"picked":"Echo Form","floor":33.0},{"not_picked":["Recycle+1","Compile Driver"],"picked":"Coolheaded+1","floor":35.0},{"not_picked":["Gash+1","Compile Driver+1"],"picked":"Conserve Battery+1","floor":36.0},{"not_picked":["Rebound","Self Repair+1"],"picked":"Go for the Eyes+1","floor":37.0},{"not_picked":["Meteor Strike","Ball Lightning"],"picked":"Recycle+1","floor":39}],"player_experience":1045148,"relics_obtained":[{"floor":7.0,"key":"Potion Belt"},{"floor":9.0,"key":"Pear"},{"floor":11.0,"key":"Turnip"},{"floor":14.0,"key":"DataDisk"},{"floor":21.0,"key":"Letter Opener"},{"floor":23.0,"key":"Blue Candle"},{"floor":25.0,"key":"Shuriken"},{"floor":26.0,"key":"Cables"},{"floor":36.0,"key":"Ice Cream"}],"event_choices":[{"event_name":"WeMeetAgain","player_choice":"Potion","floor":4.0,"damage_taken":0.0},{"event_name":"The Cleric","player_choice":"Leave","floor":5.0,"damage_taken":0.0},{"event_name":"The Library","player_choice":"Read","floor":19.0,"damage_taken":0.0},{"event_name":"N\u0027loth","player_choice":"Traded a Potion Belt","floor":20.0,"damage_taken":0.0},{"event_name":"MindBloom","player_choice":"Fight","floor":36.0,"damage_taken":0.0}],"is_beta":false,"boss_relics":[{"not_picked":["Snecko Eye","Tiny House"],"picked":"White Beast Statue"},{"not_picked":["Velvet Choker","Orrery"],"picked":"Runic Dome"}],"items_purged_floors":[],"is_endless":false,"potions_floor_spawned":[3,7,10,13,18,22,23,25,27,29,30,31,33,35,36,37,38,39],"killed_by":"2 Orb Walkers","ascension_level":9}