{"gold_per_floor":[119,119,19,19,169,194,194,219,245,245,270,270,270,285,285,383,383,397,522,522,538,142,175,196,196,223,247,288,304,348,263,263,356,356,376,401,415,748,764,764,795,795,795,811,811,830,346,373,373,373,373,373,373,27,56,56],"floor_reached":57,"playtime":3883,"items_purged":["Doubt","Writhe","Strike_G"],"score":3072,"play_id":"80ce4c49-fae5-40c1-81b4-6c8fa3d8b2c3","local_time":"20190220230341","is_ascension_mode":true,"campfire_choices":[{"data":"Neutralize","floor":7.0,"key":"SMITH"},{"data":"Crippling Poison","floor":10.0,"key":"SMITH"},{"data":"Cloak And Dagger","floor":12.0,"key":"SMITH"},{"data":"Leg Sweep","floor":15.0,"key":"SMITH"},{"data":"Noxious Fumes","floor":25.0,"key":"SMITH"},{"data":"Leg Sweep","floor":32.0,"key":"SMITH"},{"data":"Bouncing Flask","floor":40.0,"key":"SMITH"},{"floor":45.0,"key":"RECALL"},{"data":"Acrobatics","floor":49.0,"key":"SMITH"},{"data":"Caltrops","floor":53.0,"key":"SMITH"}],"neow_cost":"NONE","seed_source_timestamp":103421033163536,"circlet_count":0,"master_deck":["AscendersBane","Defend_G","Defend_G","Defend_G","Defend_G","Defend_G","Strike_G","Strike_G","Strike_G","Strike_G","Survivor","Neutralize+1","Dagger Throw","Crippling Poison+1","Predator","Cloak And Dagger+1","Acrobatics+1","Leg Sweep+1","Corpse Explosion","Deflect","Corpse Explosion","Crippling Poison+1","Dagger Spray+1","Noxious Fumes+1","Tactician","Leg Sweep+1","Deflect","Bouncing Flask+1","Dodge and Roll","Bullet Time","PiercingWail","Noxious Fumes","Catalyst","Caltrops+1","Cloak And Dagger+1","Blur","Flash of Steel+1","Escape Plan","Concentrate","Cloak And Dagger","Leg Sweep"],"special_seed":0,"relics":["Ring of the Snake","NeowsBlessing","Ninja Scroll","Bag of Marbles","PreservedInsect","Oddly Smooth Stone","Blood Vial","Runic Pyramid","Turnip","Kunai","Membership Card","Paper Crane","Snake Skull","Centennial Puzzle","Bronze Scales","Smiling Mask","Cursed Key","Molten Egg 2","Strawberry","Pen Nib","DollysMirror","Letter Opener","Vajra","PrismaticShard","Happy Flower"],"potions_floor_usage":[56,56],"damage_taken":[{"damage":0.0,"enemies":"Cultist","floor":1.0,"turns":1.0},{"damage":0.0,"enemies":"3 Sentries","floor":6.0,"turns":1.0},{"damage":0.0,"enemies":"Lagavulin","floor":8.0,"turns":1.0},{"damage":4.0,"enemies":"3 Sentries","floor":11.0,"turns":5.0},{"damage":0.0,"enemies":"Small Slimes","floor":14.0,"turns":1.0},{"damage":25.0,"enemies":"The Guardian","floor":16.0,"turns":18.0},{"damage":7.0,"enemies":"2 Thieves","floor":18.0,"turns":4.0},{"damage":16.0,"enemies":"Colosseum Slavers","floor":19.0,"turns":3.0},{"damage":9.0,"enemies":"Colosseum Nobs","floor":19.0,"turns":3.0},{"damage":5.0,"enemies":"Shell Parasite","floor":21.0,"turns":8.0},{"damage":29.0,"enemies":"Book of Stabbing","floor":23.0,"turns":6.0},{"damage":0.0,"enemies":"Snecko","floor":24.0,"turns":4.0},{"damage":12.0,"enemies":"Shelled Parasite and Fungi","floor":27.0,"turns":5.0},{"damage":0.0,"enemies":"Slavers","floor":28.0,"turns":1.0},{"damage":1.0,"enemies":"Snake Plant","floor":29.0,"turns":5.0},{"damage":0.0,"enemies":"Gremlin Leader","floor":30.0,"turns":4.0},{"damage":5.0,"enemies":"Champ","floor":33.0,"turns":17.0},{"damage":1.0,"enemies":"Orb Walker","floor":35.0,"turns":3.0},{"damage":0.0,"enemies":"3 Shapes","floor":36.0,"turns":4.0},{"damage":7.0,"enemies":"Sphere and 2 Shapes","floor":37.0,"turns":3.0},{"damage":1.0,"enemies":"Writhing Mass","floor":39.0,"turns":5.0},{"damage":0.0,"enemies":"Nemesis","floor":41.0,"turns":7.0},{"damage":4.0,"enemies":"4 Shapes","floor":44.0,"turns":3.0},{"damage":0.0,"enemies":"Jaw Worm Horde","floor":46.0,"turns":3.0},{"damage":6.0,"enemies":"Giant Head","floor":48.0,"turns":7.0},{"damage":18.0,"enemies":"Awakened One","floor":50.0,"turns":16.0},{"damage":6.0,"enemies":"Donu and Deca","floor":51.0,"turns":7.0},{"damage":9.0,"enemies":"Shield and Spear","floor":55.0,"turns":4.0},{"damage":48,"enemies":"The Heart","floor":56,"turns":8}],"seed_played":"8128637844317322956","potions_obtained":[{"floor":6.0,"key":"PowerPotion"},{"floor":11.0,"key":"FearPotion"},{"floor":16.0,"key":"Poison Potion"},{"floor":18.0,"key":"Weak Potion"},{"floor":23.0,"key":"GhostInAJar"},{"floor":24.0,"key":"Ancient Potion"},{"floor":30.0,"key":"Fruit Juice"},{"floor":33.0,"key":"Block Potion"},{"floor":41.0,"key":"Fruit Juice"},{"floor":44.0,"key":"PowerPotion"},{"floor":55.0,"key":"LiquidBronze"}],"is_trial":false,"path_per_floor":["M","T","$","?","?","E","R","E","T","R","E","R","?","M","R","B",null,"M","?","?","M","$","E","M","R","T","M","E","M","E","?","R","B",null,"M","M","M","?","M","R","E","?","T","M","R","M","$","E","R","B","B",null,"R","$","E","B",null],"character_chosen":"THE_SILENT","items_purchased":["Crippling Poison","SteroidPotion","Membership Card","Noxious Fumes","Tactician","Regen Potion","Regen Potion","Caltrops","Strawberry","Pen Nib","DollysMirror","Blur","Flash of Steel+1","Escape Plan","Vajra","Swift Potion","Cloak And Dagger","PrismaticShard","Leg Sweep"],"campfire_rested":0,"item_purchase_floors":[3,3,22,22,22,22,22,47,47,47,47,47,47,47,54,54,54,54,54],"current_hp_per_floor":[59,59,59,59,59,59,59,59,59,59,55,55,32,34,34,11,52,47,26,26,23,23,41,43,43,43,33,35,36,43,43,43,40,63,64,66,61,61,62,62,69,69,69,67,67,69,76,72,72,56,52,75,75,75,68,22],"gold":56,"neow_bonus":"THREE_ENEMY_KILL","is_prod":false,"is_daily":false,"chose_seed":false,"campfire_upgraded":9,"win_rate":0,"timestamp":1550721821,"path_taken":["M","?","$","?","?","E","R","E","T","R","E","R","?","M","R","BOSS","M","?","?","M","$","E","?","R","T","M","E","M","E","?","R","BOSS","M","M","M","?","M","R","E","?","T","M","R","?","$","E","R","BOSS","BOSS","R","$","E","BOSS"],"build_version":"2019-01-23","purchased_purges":3,"victory":true,"max_hp_per_floor":[66,66,66,66,66,66,66,66,66,66,66,66,66,66,66,66,66,66,66,66,66,66,66,66,66,66,66,66,66,71,71,71,71,71,71,71,71,71,71,71,76,76,76,76,76,76,83,83,83,83,83,83,83,83,83,83],"card_choices":[{"not_picked":["Prepared","Catalyst"],"picked":"Dagger Throw","floor":1.0},{"not_picked":["Deadly Poison","Setup"],"picked":"Predator","floor":6.0},{"not_picked":["Deflect","Acrobatics"],"picked":"Cloak And Dagger","floor":8.0},{"not_picked":["Blade Dance","Slice"],"picked":"Acrobatics","floor":11.0},{"not_picked":["Reflex","Expertise"],"picked":"Leg Sweep","floor":14.0},{"not_picked":["Night Terror","Phantasmal Killer"],"picked":"Corpse Explosion","floor":16.0},{"not_picked":["Flying Knee","Finisher"],"picked":"Deflect","floor":18.0},{"not_picked":["Quick Slash","Prepared"],"picked":"Corpse Explosion","floor":19.0},{"not_picked":["Riddle With Holes","Prepared"],"picked":"Dagger Spray+1","floor":21.0},{"not_picked":["Quick Slash","Bane"],"picked":"Leg Sweep","floor":23.0},{"not_picked":["Blade Dance","Bane"],"picked":"Deflect","floor":24.0},{"not_picked":["Dagger Spray","Prepared"],"picked":"Bouncing Flask","floor":27.0},{"not_picked":["Flying Knee","Dagger Throw+1"],"picked":"Dodge and Roll","floor":28.0},{"not_picked":["Distraction","Predator+1","Poisoned Stab"],"picked":"SKIP","floor":29.0},{"not_picked":["Underhanded Strike+1","Poisoned Stab","Outmaneuver+1"],"picked":"SKIP","floor":30.0},{"not_picked":["A Thousand Cuts","Envenom"],"picked":"Bullet Time","floor":33.0},{"not_picked":["Masterful Stab","Distraction"],"picked":"PiercingWail","floor":35.0},{"not_picked":["Dash","Predator","Deflect"],"picked":"SKIP","floor":36.0},{"not_picked":["Flechettes","Deflect"],"picked":"Noxious Fumes","floor":37.0},{"not_picked":["Dagger Throw","Crippling Poison","Dagger Spray"],"picked":"SKIP","floor":39.0},{"not_picked":["Heel Hook","Setup","Slice"],"picked":"SKIP","floor":41.0},{"not_picked":["Masterful Stab+1","PiercingWail"],"picked":"Catalyst","floor":44.0},{"not_picked":["Quick Slash+1","Bane+1","Outmaneuver+1"],"picked":"SKIP","floor":46.0},{"not_picked":["Deflect","Finisher+1"],"picked":"Concentrate","floor":48.0},{"not_picked":["Outmaneuver","Cleave+1","Streamline+1"],"picked":"SKIP","floor":55.0}],"player_experience":1237323,"relics_obtained":[{"floor":2.0,"key":"Ninja Scroll"},{"floor":6.0,"key":"Bag of Marbles"},{"floor":8.0,"key":"PreservedInsect"},{"floor":9.0,"key":"Oddly Smooth Stone"},{"floor":11.0,"key":"Blood Vial"},{"floor":19.0,"key":"Turnip"},{"floor":19.0,"key":"Kunai"},{"floor":23.0,"key":"Paper Crane"},{"floor":26.0,"key":"Snake Skull"},{"floor":28.0,"key":"Centennial Puzzle"},{"floor":30.0,"key":"Bronze Scales"},{"floor":41.0,"key":"Molten Egg 2"},{"floor":48.0,"key":"Letter Opener"},{"floor":55.0,"key":"Happy Flower"}],"event_choices":[{"damage_healed":0.0,"max_hp_gain":0.0,"max_hp_loss":0.0,"gold_gain":0.0,"event_name":"The Cleric","player_choice":"Leave","floor":4.0,"gold_loss":0.0,"damage_taken":0.0},{"damage_healed":0.0,"max_hp_gain":0.0,"max_hp_loss":0.0,"gold_gain":150.0,"event_name":"Liars Game","player_choice":"AGREE","floor":5.0,"gold_loss":0.0,"damage_taken":0.0,"cards_obtained":["Doubt"]},{"damage_healed":0.0,"max_hp_gain":0.0,"max_hp_loss":0.0,"gold_gain":0.0,"event_name":"Golden Idol","player_choice":"Take Damage","floor":13.0,"gold_loss":0.0,"damage_taken":23.0,"relics_obtained":["Golden Idol"]},{"damage_healed":0.0,"max_hp_gain":0.0,"max_hp_loss":0.0,"gold_gain":0.0,"event_name":"Colosseum","player_choice":"Fight","floor":19.0,"gold_loss":0.0,"damage_taken":0.0},{"damage_healed":0.0,"max_hp_gain":0.0,"max_hp_loss":0.0,"gold_gain":0.0,"event_name":"Colosseum","player_choice":"Fought Nobs","floor":19.0,"gold_loss":0.0,"damage_taken":0.0},{"damage_healed":0.0,"max_hp_gain":0.0,"max_hp_loss":0.0,"gold_gain":0.0,"event_name":"Duplicator","player_choice":"Copied","floor":20.0,"gold_loss":0.0,"damage_taken":0.0,"cards_obtained":["Crippling Poison"]},{"damage_healed":0.0,"max_hp_gain":0.0,"max_hp_loss":0.0,"gold_gain":0.0,"event_name":"Addict","player_choice":"Obtained Relic","floor":31.0,"gold_loss":85.0,"damage_taken":0.0,"relics_obtained":["Smiling Mask"]},{"damage_healed":0.0,"max_hp_gain":0.0,"max_hp_loss":0.0,"gold_gain":333.0,"event_name":"The Moai Head","player_choice":"Gave Idol","floor":38.0,"relics_lost":["Golden Idol"],"gold_loss":0.0,"damage_taken":0.0},{"damage_healed":0.0,"max_hp_gain":0.0,"max_hp_loss":0.0,"gold_gain":0.0,"event_name":"Tomb of Lord Red Mask","player_choice":"Ignored","floor":42.0,"gold_loss":0.0,"damage_taken":0.0}],"is_beta":false,"boss_relics":[{"not_picked":["Lizard Tail","Velvet Choker"],"picked":"Runic Pyramid"},{"not_picked":["Runic Dome","Tiny House"],"picked":"Cursed Key"}],"items_purged_floors":[22,47,54],"is_endless":false,"potions_floor_spawned":[6,11,16,18,23,24,27,30,33,37,41,44,48,55],"ascension_level":20}