{"gold_per_floor":[118,133,133,149,119,119,153,24,24,24,58,58,58,81,81,209,209,225,225,77,77,97,97,110,110,134,134,146,177,87,101,101,101],"floor_reached":33,"playtime":3440,"items_purged":["Strike_G"],"score":353,"play_id":"137baaac-5a6d-4f3c-8ef6-69fc267ab2f8","local_time":"20190215000913","is_ascension_mode":true,"campfire_choices":[{"data":"Envenom","floor":6,"key":"SMITH"},{"floor":10,"key":"REST"},{"floor":15,"key":"REST"},{"data":"Noxious Fumes","floor":23,"key":"SMITH"},{"data":"Acrobatics","floor":25,"key":"SMITH"},{"floor":32,"key":"REST"}],"neow_cost":"NONE","seed_source_timestamp":291022711522000,"circlet_count":0,"master_deck":["Defend_G","Defend_G","Defend_G","Defend_G","Defend_G","Survivor","Neutralize","Envenom+1","Catalyst","Cloak And Dagger","Backflip","Cloak And Dagger","Accuracy","Noxious Fumes+1","Backflip","Burst","Deflect","Corpse Explosion","Accuracy+1","Noxious Fumes+1","Deflect","Flying Knee","Acrobatics+1","Backflip","Blur","Cloak And Dagger+1","Bane+1","Cloak And Dagger"],"relics":["Ring of the Serpent","Bloody Idol","Paper Crane","Mummified Hand","Bag of Preparation","Smiling Mask","CultistMask","Blood Vial","The Courier"],"potions_floor_usage":[4,16,16,28],"damage_taken":[{"damage":4,"enemies":"Jaw Worm","floor":1,"turns":4},{"damage":2,"enemies":"Small Slimes","floor":2,"turns":7},{"damage":0,"enemies":"Cultist","floor":4,"turns":4},{"damage":6,"enemies":"Looter","floor":5,"turns":4},{"damage":36,"enemies":"Lagavulin","floor":7,"turns":11},{"damage":3,"enemies":"3 Sentries","floor":11,"turns":7},{"damage":0,"enemies":"Large Slime","floor":14,"turns":6},{"damage":20,"enemies":"Hexaghost","floor":16,"turns":10},{"damage":12,"enemies":"Shell Parasite","floor":18,"turns":6},{"damage":10,"enemies":"Chosen","floor":22,"turns":6},{"damage":7,"enemies":"Snake Plant","floor":24,"turns":5},{"damage":16,"enemies":"Sentry and Sphere","floor":28,"turns":7},{"damage":31,"enemies":"Gremlin Leader","floor":29,"turns":7},{"damage":14,"enemies":"3 Cultists","floor":31,"turns":4},{"damage":48,"enemies":"Champ","floor":33,"turns":10}],"seed_played":"3410403251204366410","potions_obtained":[{"floor":2,"key":"SkillPotion"},{"floor":7,"key":"Strength Potion"},{"floor":11,"key":"AttackPotion"},{"floor":22,"key":"SkillPotion"}],"is_trial":false,"path_per_floor":["M","M","?","M","M","R","E","$","T","R","E","T","?","M","R","B",null,"M","?","$","?","M","R","M","R","T","?","M","E","?","M","R","B"],"character_chosen":"THE_SILENT","items_purchased":["Noxious Fumes","Backflip","Noxious Fumes","Deflect"],"campfire_rested":3,"item_purchase_floors":[8,8,20,20],"current_hp_per_floor":[66,64,64,64,58,58,22,22,22,41,38,38,38,38,57,37,65,53,53,53,53,50,50,50,50,55,55,46,22,22,15,34,0],"gold":101,"neow_bonus":"TRANSFORM_CARD","is_prod":false,"is_daily":false,"chose_seed":false,"campfire_upgraded":3,"win_rate":0,"timestamp":1550207353,"path_taken":["M","M","?","M","M","R","E","$","T","R","E","?","?","?","R","BOSS","M","?","$","?","M","R","M","R","T","?","M","E","?","M","R","BOSS"],"build_version":"2019-01-23","purchased_purges":1,"victory":false,"max_hp_per_floor":[70,70,65,65,65,65,65,65,65,65,65,65,65,65,65,65,65,65,65,65,65,65,65,65,65,65,65,65,65,65,65,65,65],"card_choices":[{"not_picked":["Dagger Throw","Deadly Poison"],"picked":"Catalyst","floor":1},{"not_picked":["Finisher","Escape Plan"],"picked":"Cloak And Dagger","floor":2},{"not_picked":["Concentrate","Reflex"],"picked":"Backflip","floor":4},{"not_picked":["Setup","Poisoned Stab"],"picked":"Cloak And Dagger","floor":5},{"not_picked":["Poisoned Stab","Acrobatics"],"picked":"Accuracy","floor":7},{"not_picked":["Dagger Throw","Outmaneuver"],"picked":"Burst","floor":11},{"not_picked":["Outmaneuver","Backstab"],"picked":"Deflect","floor":14},{"not_picked":["Die Die Die","Phantasmal Killer"],"picked":"Corpse Explosion","floor":16},{"not_picked":["Cloak And Dagger","Deadly Poison"],"picked":"Accuracy+1","floor":18},{"not_picked":["Tactician","Dodge and Roll"],"picked":"Flying Knee","floor":22},{"not_picked":["Flying Knee","Unload"],"picked":"Acrobatics","floor":24},{"not_picked":["Dagger Throw","Prepared+1"],"picked":"Cloak And Dagger+1","floor":28},{"not_picked":["Terror","Sucker Punch"],"picked":"Bane+1","floor":29},{"not_picked":["Escape Plan","Quick Slash"],"picked":"Cloak And Dagger","floor":31}],"player_experience":129139,"relics_obtained":[{"floor":7,"key":"Paper Crane"},{"floor":9,"key":"Mummified Hand"},{"floor":11,"key":"Bag of Preparation"},{"floor":12,"key":"Smiling Mask"},{"floor":29,"key":"The Courier"}],"event_choices":[{"damage_healed":0,"gold_gain":0,"player_choice":"Lose Max HP","damage_taken":0,"relics_obtained":["Golden Idol"],"max_hp_gain":0,"max_hp_loss":5,"event_name":"Golden Idol","floor":3,"gold_loss":0},{"damage_healed":0,"gold_gain":0,"player_choice":"Trade","damage_taken":0,"relics_obtained":["CultistMask"],"max_hp_gain":0,"max_hp_loss":0,"event_name":"FaceTrader","floor":13,"gold_loss":0},{"damage_healed":0,"gold_gain":0,"player_choice":"Gave Idol","damage_taken":0,"relics_obtained":["Bloody Idol"],"max_hp_gain":0,"max_hp_loss":0,"event_name":"Forgotten Altar","floor":19,"relics_lost":["Golden Idol"],"gold_loss":0},{"damage_healed":0,"gold_gain":0,"player_choice":"Opened","damage_taken":0,"relics_obtained":["Blood Vial"],"max_hp_gain":0,"max_hp_loss":0,"event_name":"The Mausoleum","floor":21,"gold_loss":0},{"damage_healed":0,"gold_gain":0,"cards_transformed":["Strike_G","Strike_G"],"player_choice":"Became Test Subject","damage_taken":0,"max_hp_gain":0,"max_hp_loss":0,"event_name":"Drug Dealer","floor":27,"gold_loss":0,"cards_obtained":["Backflip","Blur"]},{"cards_removed":["Strike_G"],"damage_healed":0,"gold_gain":0,"player_choice":"Upgrade and Remove","damage_taken":0,"max_hp_gain":0,"max_hp_loss":0,"event_name":"Designer","floor":30,"gold_loss":90,"cards_upgraded":["Noxious Fumes"]}],"is_beta":false,"boss_relics":[{"not_picked":["Runic Dome","Velvet Choker"],"picked":"Ring of the Serpent"}],"items_purged_floors":[20],"is_endless":false,"potions_floor_spawned":[2,7,11,22],"killed_by":"Champ","ascension_level":2}