{"gold_per_floor":[113,130,149,149,161,161,195,195,195,195],"floor_reached":10,"playtime":383,"items_purged":[],"score":136,"play_id":"ae99ed2c-1b93-453a-ae18-fa5427b3b2ac","local_time":"20181029003620","is_ascension_mode":true,"campfire_choices":[{"data":"Dagger Spray","floor":6,"key":"SMITH"},{"data":"Leg Sweep","floor":8,"key":"SMITH"}],"neow_cost":"PERCENT_DAMAGE","seed_source_timestamp":659509114334489,"circlet_count":0,"master_deck":["Defend_G","Defend_G","Defend_G","Defend_G","Defend_G","Strike_G","Strike_G","Strike_G","Strike_G","Survivor","Neutralize","AscendersBane","Flying Knee","Leg Sweep+1","Dagger Spray+1","Quick Slash"],"relics":["Ring of the Snake","Pantograph","Bottled Flame"],"potions_floor_usage":[7,10,10],"damage_taken":[{"damage":3,"enemies":"Small Slimes","floor":1,"turns":7},{"damage":0,"enemies":"Cultist","floor":2,"turns":4},{"damage":8,"enemies":"Jaw Worm","floor":3,"turns":8},{"damage":6,"enemies":"Lots of Slimes","floor":5,"turns":2},{"damage":12,"enemies":"3 Sentries","floor":7,"turns":10},{"damage":28,"enemies":"Lagavulin","floor":10,"turns":6}],"seed_played":"5354773638163808256","potions_obtained":[{"floor":2,"key":"Energy Potion"},{"floor":3,"key":"AttackPotion"},{"floor":7,"key":"AttackPotion"}],"is_trial":false,"path_per_floor":["M","M","M","?","M","R","E","R","T"],"character_chosen":"THE_SILENT","items_purchased":[],"campfire_rested":0,"item_purchase_floors":[],"current_hp_per_floor":[53,53,45,45,39,39,27,27,27,0],"gold":195,"neow_bonus":"TWENTY_PERCENT_HP_BONUS","is_prod":false,"is_daily":false,"chose_seed":false,"campfire_upgraded":2,"win_rate":0,"timestamp":1540787780,"path_taken":["M","M","M","?","M","R","E","R","T","E"],"build_version":"2018-10-25v2","purchased_purges":0,"victory":false,"max_hp_per_floor":[78,78,78,78,78,78,78,78,78,78],"card_choices":[{"not_picked":["Catalyst","Terror"],"picked":"Flying Knee","floor":1},{"not_picked":["Terror","Flying Knee"],"picked":"Leg Sweep","floor":2},{"not_picked":["Sucker Punch","Predator"],"picked":"Dagger Spray","floor":3},{"not_picked":["Outmaneuver","Blade Dance"],"picked":"Quick Slash","floor":5},{"not_picked":["Flying Knee","Bane","Dagger Throw"],"picked":"SKIP","floor":7}],"player_experience":1099733,"relics_obtained":[{"floor":7,"key":"Pantograph"},{"floor":9,"key":"Bottled Flame"}],"event_choices":[{"cards_removed":["Strike_G"],"damage_healed":0,"gold_gain":0,"player_choice":"Purged","damage_taken":0,"max_hp_gain":0,"max_hp_loss":0,"event_name":"Purifier","floor":4,"gold_loss":0}],"is_beta":false,"boss_relics":[],"items_purged_floors":[],"is_endless":false,"potions_floor_spawned":[2,3,7],"killed_by":"Lagavulin","ascension_level":20}