{"path_per_floor":["M","M","M","M","?","E","R","E","T","R","?","?","M","M","R","B",null,"M","?","?","M","$","E","M","M","T","R","T","M","R","M","R","B",null,"M","?","M","M","?","R","M","E","T","M","$","M","?","$","R","B"],"character_chosen":"THE_SILENT","items_purchased":["Shuriken","Footwork","Mummified Hand","Pear","Block Potion","Pantograph"],"gold_per_floor":[118,137,149,169,244,270,270,298,298,298,298,298,310,326,326,428,428,442,442,442,461,135,168,188,204,504,504,504,516,516,536,536,640,670,687,687,704,718,718,718,738,764,840,852,311,326,326,71,71,71],"floor_reached":51,"campfire_rested":3,"playtime":33875,"current_hp_per_floor":[69,69,69,68,57,55,55,36,36,57,62,62,62,62,62,23,75,66,66,66,66,66,50,45,35,35,35,35,49,49,41,63,49,80,79,69,52,46,46,46,45,37,37,27,37,47,47,47,74,54],"items_purged":[],"gold":71,"score":711,"play_id":"ab733875-b0ce-4980-93b3-40f8214b6280","local_time":"20180428144732","is_prod":false,"is_daily":false,"chose_seed":false,"is_ascension_mode":false,"campfire_upgraded":5,"timestamp":1524919652,"path_taken":["M","M","M","M","?","E","R","E","T","R","?","?","M","M","R","BOSS","M","?","?","M","$","E","M","M","T","R","?","?","R","M","R","BOSS","M","?","?","M","?","R","M","E","T","M","$","M","?","?","R","BOSS"],"build_version":"2018-04-27v3","seed_source_timestamp":0,"purchased_purges":1,"victory":true,"master_deck":["Defend_G+1","Defend_G+1","Defend_G+1","Defend_G+1","Defend_G+1","Strike_G+1","Strike_G+1","Strike_G+1","Strike_G+1","Strike_G+1","Survivor","Neutralize","Poisoned Stab","Deadly Poison+1","Distraction+1","Backstab","Noxious Fumes+1","Dagger Spray","PiercingWail","Poisoned Stab+1","Venomology","Backflip+1","Crippling Poison+1","Footwork","Bouncing Flask+1","Well Laid Plans","Envenom","Madness","Madness","Dash+1","Crippling Poison+1","Dodge and Roll+1"],"max_hp_per_floor":[70,70,70,70,70,70,70,70,70,70,75,75,75,75,75,75,75,75,75,75,75,75,75,75,75,75,75,75,75,75,75,75,75,80,80,80,80,80,80,80,80,80,80,80,90,90,90,90,90,90],"relics":["Ring of the Snake","Ancient Tea Set","Centennial Puzzle","Matryoshka","Velvet Choker","Shuriken","Snake Skull","Meat on the Bone","Old Coin","Letter Opener","Ninja Scroll","Tiny House","Anchor","Bottled Lightning","Mummified Hand","Pear","Pantograph"],"card_choices":[{"not_picked":["Dodge and Roll","Expertise"],"picked":"Poisoned Stab","floor":1.0},{"not_picked":["Riddle With Holes","Well Laid Plans"],"picked":"Deadly Poison","floor":2.0},{"not_picked":["Blur","Reflex"],"picked":"Distraction","floor":3.0},{"not_picked":["Acrobatics","Prepared"],"picked":"Backstab","floor":4.0},{"not_picked":["Deadly Poison","Envenom"],"picked":"Noxious Fumes","floor":6.0},{"not_picked":["All Out Attack","Tactician"],"picked":"Dagger Spray","floor":8.0},{"not_picked":["Finisher","Dash"],"picked":"PiercingWail","floor":13.0},{"not_picked":["Dagger Throw","Dagger Spray"],"picked":"Poisoned Stab","floor":14.0},{"not_picked":["Envenom","Phantasmal Killer"],"picked":"Venomology","floor":16.0},{"not_picked":["Acrobatics","Sucker Punch"],"picked":"Backflip","floor":18.0},{"not_picked":["Quick Slash","Prepared"],"picked":"Bouncing Flask","floor":23.0},{"not_picked":["Prepared","Predator"],"picked":"Well Laid Plans","floor":24.0},{"not_picked":["Unload","Tools of the Trade"],"picked":"Envenom","floor":33.0},{"not_picked":["Dagger Throw","Backflip"],"picked":"Dash","floor":37.0},{"not_picked":["Sucker Punch","Caltrops"],"picked":"Crippling Poison","floor":44.0},{"not_picked":["Finisher","Riddle With Holes"],"picked":"Dodge and Roll","floor":46.0}],"player_experience":2832,"potions_floor_usage":[50,50,50,50],"damage_taken":[{"damage":1.0,"enemies":"2 Louse","floor":1.0,"turns":3.0},{"damage":0.0,"enemies":"Jaw Worm","floor":2.0,"turns":3.0},{"damage":0.0,"enemies":"Small Slimes","floor":3.0,"turns":3.0},{"damage":1.0,"enemies":"3 Louse","floor":4.0,"turns":4.0},{"damage":2.0,"enemies":"Lagavulin","floor":6.0,"turns":7.0},{"damage":19.0,"enemies":"Gremlin Nob","floor":8.0,"turns":4.0},{"damage":0.0,"enemies":"Looter","floor":13.0,"turns":2.0},{"damage":0.0,"enemies":"Large Slime","floor":14.0,"turns":5.0},{"damage":39.0,"enemies":"Hexaghost","floor":16.0,"turns":7.0},{"damage":9.0,"enemies":"2 Thieves","floor":18.0,"turns":5.0},{"damage":0.0,"enemies":"Spheric Guardian","floor":21.0,"turns":3.0},{"damage":16.0,"enemies":"Slavers","floor":23.0,"turns":5.0},{"damage":5.0,"enemies":"Snake Plant","floor":24.0,"turns":3.0},{"damage":10.0,"enemies":"Sentry and Sphere","floor":25.0,"turns":3.0},{"damage":1.0,"enemies":"Centurion and Healer","floor":29.0,"turns":5.0},{"damage":8.0,"enemies":"Chosen and Byrds","floor":31.0,"turns":5.0},{"damage":14.0,"enemies":"Automaton","floor":33.0,"turns":8.0},{"damage":1.0,"enemies":"Flame Bruiser 1 Orb","floor":35.0,"turns":4.0},{"damage":17.0,"enemies":"3 Darklings","floor":37.0,"turns":4.0},{"damage":18.0,"enemies":"Sphere and 2 Shapes","floor":38.0,"turns":4.0},{"damage":1.0,"enemies":"4 Shapes","floor":41.0,"turns":6.0},{"damage":35.0,"enemies":"Giant Head","floor":42.0,"turns":9.0},{"damage":22.0,"enemies":"Spire Growth","floor":44.0,"turns":5.0},{"damage":2.0,"enemies":"Flame Bruiser 2 Orb","floor":46.0,"turns":4.0},{"damage":36,"enemies":"Donu and Deca","floor":50,"turns":9}],"event_choices":[{"event_name":"World of Goop","player_choice":"Gather Gold","floor":5.0,"damage_taken":0.0},{"event_name":"Big Fish","player_choice":"Donut","floor":11.0,"damage_taken":0.0},{"event_name":"Accursed Blacksmith","player_choice":"Forge","floor":12.0,"damage_taken":0.0},{"event_name":"The Library","player_choice":"Read","floor":19.0,"damage_taken":0.0},{"event_name":"Back to Basics","player_choice":"Simplicity","floor":20.0,"damage_taken":0.0},{"event_name":"Winding Halls","player_choice":"Embrace Madness","floor":36.0,"damage_taken":0.0},{"event_name":"Tomb of Lord Red Mask","player_choice":"Ignored","floor":39.0,"damage_taken":0.0},{"event_name":"SensoryStone","player_choice":"Memory 1","floor":47.0,"damage_taken":0.0}],"boss_relics":[],"potions_floor_spawned":[2,3,4,8,13,18,21,24,29,37,41,44,46],"seed_played":"-3201693491538256803","ascension_level":0,"is_trial":false}