{"gold_per_floor":[131,143,155,167,198,253,265,320,356,368,400,447,634,185,185,306,306,320,320,44,44,64,89,89],"floor_reached":24,"playtime":7024,"items_purged":["Doubt"],"score":339,"play_id":"51002adb-a03f-4eb8-a332-1a3108482b1b","local_time":"20190118211628","is_ascension_mode":true,"campfire_choices":[{"floor":7,"key":"REST"},{"floor":10,"key":"REST"},{"floor":15,"key":"REST"}],"neow_cost":"NONE","seed_source_timestamp":753318961807812,"circlet_count":0,"master_deck":["AscendersBane","Strike_B","Strike_B","Strike_B","Strike_B","Defend_B","Defend_B","Defend_B+1","Defend_B+1","Zap+1","Dualcast","Sweeping Beam","Streamline","Ball Lightning","Rainbow","Defragment","Leap","Go for the Eyes","Rainbow","White Noise","Shame","Madness","Beam Cell","Redo+1"],"relics":["Cracked Core","MawBank","Golden Idol","Vajra","Peace Pipe","Smiling Mask","Centennial Puzzle","Blue Candle","PreservedInsect","Snecko Eye","Happy Flower","Strange Spoon"],"potions_floor_usage":[8,12,23,24],"damage_taken":[{"damage":8,"enemies":"Small Slimes","floor":1,"turns":4},{"damage":0,"enemies":"2 Louse","floor":5,"turns":2},{"damage":25,"enemies":"Lagavulin","floor":6,"turns":8},{"damage":12,"enemies":"3 Sentries","floor":8,"turns":4},{"damage":4,"enemies":"Jaw Worm","floor":11,"turns":2},{"damage":27,"enemies":"Gremlin Nob","floor":12,"turns":4},{"damage":1,"enemies":"Slime Boss","floor":16,"turns":7},{"damage":18,"enemies":"2 Thieves","floor":18,"turns":4},{"damage":17,"enemies":"Shell Parasite","floor":22,"turns":4},{"damage":17,"enemies":"Cultist and Chosen","floor":23,"turns":5},{"damage":35,"enemies":"Book of Stabbing","floor":24,"turns":3}],"seed_played":"-8793315585378374206","potions_obtained":[{"floor":6,"key":"Explosive Potion"},{"floor":8,"key":"Regen Potion"},{"floor":16,"key":"Regen Potion"},{"floor":22,"key":"Fruit Juice"}],"is_trial":false,"path_per_floor":["M","?","?","?","M","E","R","E","T","R","M","E","?","$","R","B",null,"M","?","$","?","M","M","E"],"character_chosen":"DEFECT","items_purchased":["Blue Candle","PreservedInsect","Go for the Eyes","Strange Spoon","Madness"],"campfire_rested":3,"item_purchase_floors":[14,14,14,20,20],"current_hp_per_floor":[60,60,60,46,46,21,41,29,29,49,45,30,30,30,50,49,64,46,46,46,46,29,17,0],"gold":89,"neow_bonus":"RANDOM_COMMON_RELIC","is_prod":false,"is_daily":false,"chose_seed":false,"campfire_upgraded":0,"win_rate":0,"timestamp":1547842588,"path_taken":["M","?","?","?","?","E","R","E","T","R","M","E","?","?","R","BOSS","M","?","$","?","M","M","E"],"build_version":"2019-01-17v2","purchased_purges":1,"victory":false,"max_hp_per_floor":[75,69,69,69,69,69,69,69,69,69,69,69,69,69,69,69,69,69,69,69,69,69,74,74],"card_choices":[{"not_picked":["Leap","Undo"],"picked":"Sweeping Beam","floor":1},{"not_picked":["Sweeping Beam","Coolheaded"],"picked":"Streamline","floor":5},{"not_picked":["Reprogram","Doom and Gloom"],"picked":"Ball Lightning","floor":6},{"not_picked":["Seek","Rebound"],"picked":"Rainbow","floor":8},{"not_picked":["Redo","Darkness"],"picked":"Defragment","floor":11},{"not_picked":["Barrage","Gash"],"picked":"Leap","floor":12},{"not_picked":["Multi-Cast","Meteor Strike"],"picked":"Rainbow","floor":16},{"not_picked":["Redo","BootSequence"],"picked":"White Noise","floor":18},{"not_picked":["Heatsinks","Rebound"],"picked":"Beam Cell","floor":22},{"not_picked":["Sweeping Beam","Coolheaded"],"picked":"Redo+1","floor":23}],"player_experience":1976576,"relics_obtained":[{"floor":6,"key":"Vajra"},{"floor":8,"key":"Peace Pipe"},{"floor":9,"key":"Smiling Mask"},{"floor":12,"key":"Centennial Puzzle"}],"event_choices":[{"damage_healed":0,"gold_gain":0,"player_choice":"Lose Max HP","damage_taken":0,"relics_obtained":["Golden Idol"],"max_hp_gain":0,"max_hp_loss":6,"event_name":"Golden Idol","floor":2,"gold_loss":0},{"damage_healed":0,"gold_gain":0,"player_choice":"Grow","damage_taken":0,"max_hp_gain":0,"max_hp_loss":0,"event_name":"Living Wall","floor":3,"gold_loss":0,"cards_upgraded":["Zap"]},{"damage_healed":0,"gold_gain":0,"player_choice":"Entered Light","damage_taken":14,"max_hp_gain":0,"max_hp_loss":0,"event_name":"Shining Light","floor":4,"gold_loss":0,"cards_upgraded":["Defend_B","Defend_B"]},{"damage_healed":0,"gold_gain":175,"player_choice":"AGREE","damage_taken":0,"max_hp_gain":0,"max_hp_loss":0,"event_name":"Liars Game","floor":13,"gold_loss":0,"cards_obtained":["Doubt"]},{"damage_healed":0,"gold_gain":0,"player_choice":"Stole Relic","damage_taken":0,"relics_obtained":["Happy Flower"],"max_hp_gain":0,"max_hp_loss":0,"event_name":"Addict","floor":19,"gold_loss":0,"cards_obtained":["Shame"]},{"damage_healed":0,"gold_gain":0,"player_choice":"Ignored","damage_taken":0,"max_hp_gain":0,"max_hp_loss":0,"event_name":"Vampires","floor":21,"gold_loss":0}],"is_beta":false,"boss_relics":[{"not_picked":["Coffee Dripper","Philosopher\u0027s Stone"],"picked":"Snecko Eye"}],"items_purged_floors":[14],"is_endless":false,"potions_floor_spawned":[6,8,16,22],"killed_by":"Book of Stabbing","ascension_level":12}