{"path_per_floor":["M","M","M","M","M","E","M","R","T","R","E","M","M","$","R","B",null,"M","M","M"],"character_chosen":"THE_SILENT","items_purchased":["Footwork","Fire Potion","Block Potion"],"gold_per_floor":[18,31,49,69,84,117,131,131,131,131,166,179,189,20,20,119,119,130,140,157,157],"floor_reached":21,"campfire_rested":0,"playtime":1343,"item_purchase_floors":[14,14,14],"current_hp_per_floor":[63,61,61,56,55,50,46,46,60,60,54,56,58,58,58,62,79,83,65,43,0],"items_purged":[],"gold":157,"score":321,"play_id":"946d1b1a-290c-459a-9bd0-1682096455cd","local_time":"20180528132602","is_prod":false,"is_daily":false,"chose_seed":false,"is_ascension_mode":true,"campfire_upgraded":3,"win_rate":0,"timestamp":1527506762,"campfire_choices":[{"data":"Setup","floor":8,"key":"SMITH"},{"data":"Choke","floor":10,"key":"SMITH"},{"data":"Footwork","floor":15,"key":"SMITH"}],"path_taken":["M","M","M","M","?","E","?","R","T","R","E","M","?","$","R","BOSS","M","M","?","M"],"build_version":"2018-05-24","seed_source_timestamp":356245103009241,"purchased_purges":0,"victory":false,"master_deck":["Defend_G","Defend_G","Defend_G","Defend_G","Strike_G","Strike_G","Strike_G","Strike_G","Survivor+1","Neutralize","Finisher","Flechettes","Setup+1","Choke+1","Well Laid Plans","Blade Dance+1","Cloak And Dagger","Adrenaline","Deflect","Outmaneuver","Flying Knee","Predator","Footwork+1","Doppelganger","Normality","Regret","Injury","Dash","Dagger Spray"],"max_hp_per_floor":[70,70,70,70,70,70,70,70,84,84,84,84,84,84,84,84,84,84,84,84,84],"relics":["Ring of the Snake","War Paint","Mango","Bird Faced Urn","Calling Bell","Bronze Scales","Frozen Egg 2","Gambling Chip"],"card_choices":[{"not_picked":["Poisoned Stab","Deadly Poison"],"picked":"Setup","floor":1},{"not_picked":["Bane","Well Laid Plans"],"picked":"Choke","floor":2},{"not_picked":["Prepared","Bane"],"picked":"Well Laid Plans","floor":3},{"not_picked":["Quick Slash","Backflip"],"picked":"Blade Dance","floor":4},{"not_picked":["Poisoned Stab","Slice"],"picked":"Cloak And Dagger","floor":5},{"not_picked":["Quick Slash","Dagger Throw"],"picked":"Adrenaline","floor":6},{"not_picked":["Well Laid Plans","Deadly Poison"],"picked":"Deflect","floor":7},{"not_picked":["Prepared","Deflect"],"picked":"Outmaneuver","floor":11},{"not_picked":["Quick Slash","Heel Hook"],"picked":"Flying Knee","floor":12},{"not_picked":["Distraction","Masterful Stab"],"picked":"Predator","floor":13},{"not_picked":["Bullet Time","Storm of Steel"],"picked":"Doppelganger","floor":16},{"not_picked":["Acrobatics+1","Deflect+1"],"picked":"Dash","floor":18},{"not_picked":["Deadly Poison","Masterful Stab+1"],"picked":"Dagger Spray","floor":19},{"not_picked":["Backflip","Deflect","Slice"],"picked":"SKIP","floor":20}],"player_experience":523789,"potions_floor_usage":[6,6,11,16,16,19,20,20],"damage_taken":[{"damage":0,"enemies":"Cultist","floor":1,"turns":3},{"damage":2,"enemies":"Jaw Worm","floor":2,"turns":5},{"damage":0,"enemies":"2 Louse","floor":3,"turns":3},{"damage":5,"enemies":"Large Slime","floor":4,"turns":7},{"damage":1,"enemies":"Looter","floor":5,"turns":3},{"damage":5,"enemies":"3 Sentries","floor":6,"turns":7},{"damage":4,"enemies":"Lots of Slimes","floor":7,"turns":4},{"damage":6,"enemies":"Gremlin Nob","floor":11,"turns":3},{"damage":0,"enemies":"Large Slime","floor":12,"turns":5},{"damage":0,"enemies":"2 Fungi Beasts","floor":13,"turns":3},{"damage":0,"enemies":"Slime Boss","floor":16,"turns":10},{"damage":0,"enemies":"Shell Parasite","floor":18,"turns":2},{"damage":19,"enemies":"Chosen","floor":19,"turns":6},{"damage":26,"enemies":"Slaver and Parasite","floor":20,"turns":7},{"damage":54,"enemies":"Cultist and Chosen","floor":21,"turns":5}],"relics_obtained":[{"floor":6,"key":"War Paint"},{"floor":9,"key":"Mango"},{"floor":11,"key":"Bird Faced Urn"},{"floor":17,"key":"Bronze Scales"},{"floor":17,"key":"Frozen Egg 2"},{"floor":17,"key":"Gambling Chip"}],"event_choices":[],"boss_relics":[{"not_picked":["Ectoplasm","Cursed Key"],"picked":"Calling Bell"}],"items_purged_floors":[],"potions_floor_spawned":[1,2,6,11,16,19],"seed_played":"1595939871622095444","killed_by":"Cultist and Chosen","ascension_level":6,"potions_obtained":[{"floor":1,"key":"Block Potion"},{"floor":2,"key":"Energy Potion"},{"floor":6,"key":"Block Potion"},{"floor":11,"key":"Explosive Potion"},{"floor":16,"key":"AttackPotion"},{"floor":19,"key":"SpeedPotion"}],"is_trial":false}