{"gold_per_floor":[218,235,247,261,147,147,162,178,205,205,223,33,52,80,80,184,184,195,212,311,211,211,211,244,244,244,244,244,244,272,289,289,392,392,407,70,86,97,109,138,152,165,165,9,9,9,26,40,40,40],"floor_reached":51,"playtime":8621,"items_purged":["Strike_B","Strike_B","Writhe"],"score":1027,"play_id":"432fae58-12f1-4a4c-89a4-d3c74292282c","local_time":"20190122000556","is_ascension_mode":true,"campfire_choices":[{"data":"Dualcast","floor":6.0,"key":"SMITH"},{"floor":10.0,"key":"REST"},{"floor":15.0,"key":"REST"},{"data":"Fission","floor":23.0,"key":"SMITH"},{"floor":25.0,"key":"REST"},{"data":"Capacitor","floor":27.0,"key":"SMITH"},{"data":"Go for the Eyes","floor":29.0,"key":"SMITH"},{"floor":32.0,"key":"REST"},{"floor":49.0,"key":"REST"}],"neow_cost":"NONE","seed_source_timestamp":0,"circlet_count":0,"master_deck":["Strike_B","Strike_B","Defend_B+1","Defend_B","Defend_B","Defend_B","Zap","Dualcast+1","FTL","Cold Snap","Go for the Eyes+1","Conserve Battery+1","FTL","Loop","Fission+1","FTL","Cold Snap","Capacitor+1","Electrodynamics","Coolheaded","Hologram+1","Go for the Eyes+1","All For One","Steam+1","Hologram+1","All For One","Self Repair","Reinforced Body+1","Reprogram","Redo+1","FTL","Parasite","Gash+1","Parasite","Beam Cell","Reprogram","Machine Learning"],"special_seed":0,"relics":["Cracked Core","Dream Catcher","Regal Pillow","Lantern","Cursed Key","Art of War","Mercury Hourglass","Blood Vial","Fusion Hammer","Membership Card","War Paint","Du-Vu Doll","DataDisk","Ice Cream"],"potions_floor_usage":[50,50,50],"damage_taken":[{"damage":2.0,"enemies":"2 Louse","floor":1.0,"turns":3.0},{"damage":0.0,"enemies":"Cultist","floor":2.0,"turns":3.0},{"damage":0.0,"enemies":"Small Slimes","floor":3.0,"turns":3.0},{"damage":16.0,"enemies":"3 Louse","floor":4.0,"turns":3.0},{"damage":0.0,"enemies":"2 Fungi Beasts","floor":7.0,"turns":3.0},{"damage":8.0,"enemies":"Lots of Slimes","floor":8.0,"turns":4.0},{"damage":3.0,"enemies":"Gremlin Gang","floor":11.0,"turns":7.0},{"damage":10.0,"enemies":"Exordium Thugs","floor":13.0,"turns":4.0},{"damage":19.0,"enemies":"3 Sentries","floor":14.0,"turns":6.0},{"damage":4.0,"enemies":"The Guardian","floor":16.0,"turns":12.0},{"damage":5.0,"enemies":"Shell Parasite","floor":18.0,"turns":7.0},{"damage":5.0,"enemies":"3 Byrds","floor":19.0,"turns":3.0},{"damage":36.0,"enemies":"Gremlin Leader","floor":24.0,"turns":7.0},{"damage":16.0,"enemies":"Slavers","floor":30.0,"turns":4.0},{"damage":9.0,"enemies":"Centurion and Healer","floor":31.0,"turns":3.0},{"damage":56.0,"enemies":"Champ","floor":33.0,"turns":12.0},{"damage":0.0,"enemies":"3 Shapes","floor":35.0,"turns":2.0},{"damage":5.0,"enemies":"3 Darklings","floor":37.0,"turns":4.0},{"damage":22.0,"enemies":"Sphere and 2 Shapes","floor":38.0,"turns":4.0},{"damage":25.0,"enemies":"Jaw Worm Horde","floor":39.0,"turns":3.0},{"damage":7.0,"enemies":"Reptomancer","floor":40.0,"turns":7.0},{"damage":6.0,"enemies":"Transient","floor":41.0,"turns":5.0},{"damage":1.0,"enemies":"Writhing Mass","floor":42.0,"turns":9.0},{"damage":14.0,"enemies":"Spire Growth","floor":47.0,"turns":4.0},{"damage":0.0,"enemies":"Transient","floor":48.0,"turns":5.0},{"damage":16,"enemies":"Donu and Deca","floor":50,"turns":7}],"seed_played":"-1400437462204485106","potions_obtained":[{"floor":1.0,"key":"Weak Potion"},{"floor":3.0,"key":"SteroidPotion"},{"floor":8.0,"key":"Swift Potion"},{"floor":14.0,"key":"FairyPotion"},{"floor":19.0,"key":"SteroidPotion"},{"floor":24.0,"key":"SpeedPotion"},{"floor":30.0,"key":"Fruit Juice"},{"floor":31.0,"key":"FocusPotion"},{"floor":33.0,"key":"LiquidBronze"},{"floor":35.0,"key":"Block Potion"},{"floor":40.0,"key":"Regen Potion"},{"floor":42.0,"key":"Block Potion"}],"is_trial":false,"path_per_floor":["M","M","M","M","$","R","M","M","T","R","M","$","M","E","R","B",null,"M","M","?","$","?","R","E","R","T","R","?","R","E","M","R","B",null,"M","$","M","M","M","E","M","M","T","$","?","$","M","M","R","B",null],"character_chosen":"DEFECT","items_purchased":["FTL","Regal Pillow","FTL","Membership Card","War Paint","Ice Cream","Beam Cell"],"campfire_rested":5,"item_purchase_floors":[5,12,12,36,36,44,44],"current_hp_per_floor":[66,66,66,50,50,50,50,42,42,64,61,61,51,32,69,65,73,68,63,63,63,49,49,13,52,52,52,44,44,28,26,66,12,67,69,69,66,53,37,39,57,65,65,65,65,65,60,69,85,76],"gold":40,"neow_bonus":"HUNDRED_GOLD","is_prod":false,"is_daily":false,"chose_seed":false,"campfire_upgraded":4,"win_rate":0,"timestamp":1548083156,"path_taken":["M","M","M","M","$","R","M","M","T","R","M","$","M","E","R","BOSS","M","M","?","$","?","R","E","R","T","R","?","R","E","M","R","BOSS","M","$","M","M","?","E","M","M","T","$","?","?","?","M","R","BOSS"],"build_version":"2019-01-17v2","purchased_purges":3,"victory":true,"max_hp_per_floor":[75,75,75,75,75,75,75,75,75,75,75,75,75,75,75,75,75,75,75,75,75,80,80,80,80,80,80,80,80,80,85,85,85,85,85,85,85,85,85,85,85,85,85,85,85,85,85,85,85,85],"card_choices":[{"not_picked":["Aggregate","Tempest"],"picked":"FTL","floor":1.0},{"not_picked":["Steam","Aggregate"],"picked":"Cold Snap","floor":2.0},{"not_picked":["Streamline","Hologram"],"picked":"Go for the Eyes","floor":3.0},{"not_picked":["Stack","Auto Shields"],"picked":"Conserve Battery","floor":4.0},{"not_picked":["Gash","Redo","Steam Power"],"picked":"SKIP","floor":7.0},{"not_picked":["Turbo","Redo"],"picked":"Loop","floor":8.0},{"not_picked":["Fusion","Scrape"],"picked":"Fission","floor":10.0},{"not_picked":["Stack","Turbo","Hello World"],"picked":"SKIP","floor":11.0},{"not_picked":["Steam","Rip and Tear","Blizzard"],"picked":"SKIP","floor":13.0},{"not_picked":["Gash","Blizzard"],"picked":"Cold Snap","floor":14.0},{"not_picked":["Redo","Darkness"],"picked":"Capacitor","floor":15.0},{"not_picked":["Buffer","Creative AI"],"picked":"Electrodynamics","floor":16.0},{"not_picked":["Chaos+1","Static Discharge"],"picked":"Coolheaded","floor":18.0},{"not_picked":["Streamline+1","Redo","Barrage"],"picked":"SKIP","floor":19.0},{"not_picked":["Storm","Genetic Algorithm+1"],"picked":"Hologram+1","floor":24.0},{"not_picked":["Blizzard","Genetic Algorithm"],"picked":"Go for the Eyes+1","floor":25.0},{"not_picked":["Force Field","Redo"],"picked":"All For One","floor":30.0},{"not_picked":["Stack+1","Barrage+1"],"picked":"Steam+1","floor":31.0},{"not_picked":["Beam Cell+1","Steam Power"],"picked":"Hologram+1","floor":32.0},{"not_picked":["Fission","Creative AI"],"picked":"All For One","floor":33.0},{"not_picked":["Turbo+1","Static Discharge+1","Streamline+1"],"picked":"SKIP","floor":35.0},{"not_picked":["Streamline","Rebound+1"],"picked":"Self Repair","floor":37.0},{"not_picked":["Genetic Algorithm+1","Scrape+1"],"picked":"Reinforced Body+1","floor":38.0},{"not_picked":["Coolheaded","Redo"],"picked":"Reprogram","floor":39.0},{"not_picked":["Storm+1","Static Discharge+1"],"picked":"Redo+1","floor":40.0},{"not_picked":["Undo+1","Conserve Battery+1"],"picked":"FTL","floor":41.0},{"not_picked":["Undo+1","Sweeping Beam"],"picked":"Gash+1","floor":42.0},{"not_picked":["Compile Driver+1","Redo","Steam+1"],"picked":"SKIP","floor":47.0},{"not_picked":["Genetic Algorithm+1","Streamline+1"],"picked":"Machine Learning","floor":48.0}],"player_experience":404261,"relics_obtained":[{"floor":9.0,"key":"Dream Catcher"},{"floor":14.0,"key":"Lantern"},{"floor":24.0,"key":"Art of War"},{"floor":26.0,"key":"Mercury Hourglass"},{"floor":30.0,"key":"Blood Vial"},{"floor":40.0,"key":"Du-Vu Doll"},{"floor":43.0,"key":"DataDisk"}],"event_choices":[{"damage_healed":0.0,"max_hp_gain":0.0,"max_hp_loss":0.0,"gold_gain":99.0,"event_name":"Nest","player_choice":"Stole From Cult","floor":20.0,"gold_loss":0.0,"damage_taken":0.0},{"damage_healed":0.0,"max_hp_gain":5.0,"max_hp_loss":0.0,"gold_gain":0.0,"event_name":"Forgotten Altar","player_choice":"Shed Blood","floor":22.0,"gold_loss":0.0,"damage_taken":19.0},{"damage_healed":0.0,"max_hp_gain":0.0,"max_hp_loss":0.0,"gold_gain":0.0,"event_name":"Knowing Skull","player_choice":"","floor":28.0,"potions_obtained":[],"gold_loss":0.0,"damage_taken":8.0,"cards_obtained":[]},{"damage_healed":0.0,"max_hp_gain":0.0,"max_hp_loss":0.0,"gold_gain":0.0,"event_name":"Duplicator","player_choice":"Copied","floor":45.0,"gold_loss":0.0,"damage_taken":0.0,"cards_obtained":["Reprogram"]}],"is_beta":false,"boss_relics":[{"not_picked":["Snecko Eye","Coffee Dripper"],"picked":"Cursed Key"},{"not_picked":["Black Star","Orrery"],"picked":"Fusion Hammer"}],"items_purged_floors":[5,21,36],"is_endless":false,"potions_floor_spawned":[1,3,8,14,19,24,30,31,33,35,40,42,48],"ascension_level":8}