{"path_per_floor":["M","M","?","M","M","R","E","M","T","?","$","?","M","E","R"],"character_chosen":"IRONCLAD","items_purchased":["Fire Breathing"],"gold_per_floor":[18,30,30,45,64,64,105,120,144,144,29,29,54,88,88,88],"floor_reached":16,"campfire_rested":1,"playtime":5627,"item_purchase_floors":[],"current_hp_per_floor":[70,61,41,41,45,45,21,23,23,43,43,43,23,29,52,0],"items_purged":["Parasite"],"gold":88,"score":185,"play_id":"6daf9906-5f8b-42d6-9fdb-f0360fe43eb7","local_time":"20180620194208","is_prod":false,"is_daily":false,"chose_seed":false,"is_ascension_mode":true,"campfire_upgraded":1,"win_rate":0,"timestamp":1529516528,"campfire_choices":[{"data":"Flex","floor":6.0,"key":"SMITH"},{"floor":15,"key":"REST"}],"path_taken":["M","M","?","?","M","R","E","M","T","?","$","?","M","E","R","BOSS"],"build_version":"2018-06-14v2","seed_source_timestamp":606585842741267,"purchased_purges":1,"victory":false,"master_deck":["Strike_R","Strike_R","Strike_R","Strike_R","Defend_R","Defend_R+1","Defend_R","Bash","Body Slam","Clothesline","Cleave","Flex+1","Thunderclap","Ghostly Armor+1","Fire Breathing","True Grit","Entrench"],"max_hp_per_floor":[80,80,80,80,80,80,80,80,80,80,77,77,77,77,77,77],"special_seed":0,"relics":["Burning Blood","Golden Idol","Bag of Marbles","Happy Flower","War Paint"],"card_choices":[{"not_picked":["Power Through","Dual Wield"],"picked":"Body Slam","floor":1.0},{"not_picked":["Flex","Perfected Strike"],"picked":"Clothesline","floor":2.0},{"not_picked":["Sentinel","Perfected Strike"],"picked":"Cleave","floor":4.0},{"not_picked":["Cleave","Wild Strike"],"picked":"Flex","floor":5.0},{"not_picked":["Reaper","Warcry"],"picked":"Thunderclap","floor":7.0},{"not_picked":["Shrug It Off","Headbutt"],"picked":"Ghostly Armor","floor":8.0},{"not_picked":["Rupture","Heavy Blade"],"picked":"True Grit","floor":13.0},{"not_picked":["Wild Strike","Shockwave"],"picked":"Entrench","floor":14}],"player_experience":760488,"potions_floor_usage":[14],"damage_taken":[{"damage":8.0,"enemies":"Jaw Worm","floor":1.0,"turns":5.0},{"damage":15.0,"enemies":"Small Slimes","floor":2.0,"turns":4.0},{"damage":6.0,"enemies":"Cultist","floor":4.0,"turns":3.0},{"damage":2.0,"enemies":"3 Louse","floor":5.0,"turns":3.0},{"damage":30.0,"enemies":"Lagavulin","floor":7.0,"turns":5.0},{"damage":4.0,"enemies":"Exordium Wildlife","floor":8.0,"turns":2.0},{"damage":26.0,"enemies":"Exordium Thugs","floor":13.0,"turns":4.0},{"damage":0,"enemies":"3 Sentries","floor":14,"turns":4},{"damage":52,"enemies":"Hexaghost","floor":16,"turns":11}],"relics_obtained":[{"floor":7.0,"key":"Bag of Marbles"},{"floor":9.0,"key":"Happy Flower"},{"floor":14,"key":"War Paint"}],"event_choices":[{"event_name":"Golden Idol","player_choice":"Take Damage","floor":3.0,"damage_taken":0.0},{"event_name":"Mushrooms","player_choice":"Healed and dodged fight","floor":10.0,"damage_taken":0.0},{"event_name":"The Cleric","player_choice":"Leave","floor":12.0,"damage_taken":0.0}],"boss_relics":[],"items_purged_floors":[],"is_endless":false,"potions_floor_spawned":[1,4,13],"seed_played":"7187586544972307251","killed_by":"Hexaghost","ascension_level":7,"potions_obtained":[{"floor":1.0,"key":"SkillPotion"},{"floor":4.0,"key":"Explosive Potion"},{"floor":13.0,"key":"Energy Potion"}],"is_trial":false}