{"gold_per_floor":[119,133,145,125,125,125,140,168,193,205,205,205,235,246,246,246],"floor_reached":16,"playtime":790,"items_purged":[],"score":222,"play_id":"d481fc1c-91d6-4a25-a512-612512d566ff","local_time":"20190121123533","is_ascension_mode":true,"campfire_choices":[{"data":"Riddle With Holes","floor":6,"key":"SMITH"},{"data":"Glass Knife","floor":11,"key":"SMITH"},{"data":"Leg Sweep","floor":15,"key":"SMITH"}],"neow_cost":"NONE","seed_source_timestamp":987545918430405,"circlet_count":0,"master_deck":["AscendersBane","Defend_G","Defend_G","Defend_G","Defend_G","Defend_G","Strike_G","Strike_G","Strike_G+1","Strike_G","Survivor","Neutralize+1","Dagger Throw","Riddle With Holes+1","Backflip","Deadly Poison","Dodge and Roll","Glass Knife+1","Dash","Leg Sweep+1","Heel Hook"],"relics":["Ring of the Snake","Bronze Scales","Whetstone","Ancient Tea Set","Strawberry"],"potions_floor_usage":[8,16],"damage_taken":[{"damage":0,"enemies":"Jaw Worm","floor":1,"turns":4},{"damage":1,"enemies":"Cultist","floor":2,"turns":3},{"damage":1,"enemies":"2 Louse","floor":3,"turns":3},{"damage":16,"enemies":"Exordium Thugs","floor":4,"turns":4},{"damage":4,"enemies":"Looter","floor":7,"turns":3},{"damage":21,"enemies":"3 Sentries","floor":8,"turns":8},{"damage":0,"enemies":"2 Fungi Beasts","floor":10,"turns":4},{"damage":0,"enemies":"Gremlin Nob","floor":13,"turns":3},{"damage":0,"enemies":"3 Louse","floor":14,"turns":3},{"damage":19,"enemies":"Slime Boss","floor":16,"turns":5}],"seed_played":"6770526159885097738","potions_obtained":[{"floor":3,"key":"Swift Potion"},{"floor":4,"key":"Block Potion"},{"floor":5,"key":"FairyPotion"},{"floor":8,"key":"Weak Potion"},{"floor":13,"key":"Block Potion"}],"is_trial":false,"path_per_floor":["M","M","M","M","?","R","M","E","T","M","R","?","E","M","R","B"],"character_chosen":"THE_SILENT","items_purchased":[],"campfire_rested":0,"item_purchase_floors":[],"current_hp_per_floor":[63,62,61,45,45,45,41,20,20,20,20,20,27,27,27,8],"gold":246,"neow_bonus":"RANDOM_COMMON_RELIC","is_prod":false,"is_daily":false,"chose_seed":false,"campfire_upgraded":3,"win_rate":0,"timestamp":1548070533,"path_taken":["M","M","M","M","?","R","?","E","T","M","R","?","E","M","R","BOSS"],"build_version":"2019-01-17v2","purchased_purges":0,"victory":false,"max_hp_per_floor":[70,70,70,70,70,70,70,70,70,70,70,70,77,77,77,77],"card_choices":[{"not_picked":["Cloak And Dagger","Concentrate"],"picked":"Dagger Throw","floor":1},{"not_picked":["Masterful Stab","Dagger Spray"],"picked":"Riddle With Holes","floor":2},{"not_picked":["Eviscerate","Blade Dance"],"picked":"Backflip","floor":3},{"not_picked":["Slice","Prepared"],"picked":"Deadly Poison","floor":4},{"not_picked":["Cloak And Dagger","Deflect"],"picked":"Dodge and Roll","floor":7},{"not_picked":["Acrobatics","Deflect"],"picked":"Glass Knife","floor":8},{"not_picked":["Flechettes","Slice"],"picked":"Dash","floor":10},{"not_picked":["Quick Slash","Infinite Blades"],"picked":"Leg Sweep","floor":13},{"not_picked":["Flying Knee","PiercingWail"],"picked":"Heel Hook","floor":14}],"player_experience":2009845,"relics_obtained":[{"floor":8,"key":"Whetstone"},{"floor":9,"key":"Ancient Tea Set"},{"floor":13,"key":"Strawberry"}],"event_choices":[{"damage_healed":0,"gold_gain":0,"player_choice":"Got Potions","damage_taken":0,"max_hp_gain":0,"max_hp_loss":0,"event_name":"Lab","floor":5,"gold_loss":0},{"cards_removed":["Strike_G"],"damage_healed":0,"gold_gain":0,"player_choice":"Card Removal","damage_taken":0,"max_hp_gain":0,"max_hp_loss":0,"event_name":"Wheel of Change","floor":12,"gold_loss":0}],"is_beta":false,"boss_relics":[],"items_purged_floors":[],"is_endless":false,"potions_floor_spawned":[3,4,7,8,13],"killed_by":"Slime Boss","ascension_level":12}