{"gold_per_floor":[115,115,125,135,155,155,174,209,234,234,265,284,284,284],"floor_reached":14,"playtime":426,"items_purged":[],"score":204,"play_id":"1cd87784-e706-498b-a5cf-c5bfb954513f","local_time":"20181103174640","is_ascension_mode":true,"campfire_choices":[{"data":"Bash","floor":6,"key":"SMITH"},{"data":"Corruption","floor":10,"key":"SMITH"}],"neow_cost":"NONE","seed_source_timestamp":165052496585429,"circlet_count":0,"master_deck":["AscendersBane","Strike_R","Strike_R","Strike_R","Strike_R","Strike_R","Defend_R","Defend_R","Defend_R","Defend_R","Bash+1","Corruption+1","Anger","Armaments","Feel No Pain","Shrug It Off","True Grit"],"relics":["Burning Blood","NeowsBlessing","Regal Pillow","Happy Flower","Centennial Puzzle","Omamori","Blue Candle"],"potions_floor_usage":[7,8,14],"damage_taken":[{"damage":0,"enemies":"2 Louse","floor":1,"turns":1},{"damage":0,"enemies":"Cultist","floor":3,"turns":1},{"damage":0,"enemies":"Jaw Worm","floor":4,"turns":1},{"damage":11,"enemies":"Looter","floor":5,"turns":4},{"damage":21,"enemies":"Large Slime","floor":7,"turns":6},{"damage":24,"enemies":"Lagavulin","floor":8,"turns":8},{"damage":11,"enemies":"3 Sentries","floor":11,"turns":10},{"damage":5,"enemies":"Blue Slaver","floor":12,"turns":4},{"damage":24,"enemies":"Gremlin Nob","floor":14,"turns":3}],"seed_played":"5545578437277319055","potions_obtained":[{"floor":4,"key":"Energy Potion"},{"floor":5,"key":"Fire Potion"},{"floor":7,"key":"Regen Potion"},{"floor":12,"key":"SneckoOil"}],"is_trial":false,"path_per_floor":["M","?","M","M","M","R","M","E","T","R","E","M","?","E"],"character_chosen":"IRONCLAD","items_purchased":[],"campfire_rested":0,"item_purchase_floors":[],"current_hp_per_floor":[74,74,75,75,70,70,55,52,52,52,47,48,3,0],"gold":284,"neow_bonus":"THREE_ENEMY_KILL","is_prod":false,"is_daily":false,"chose_seed":false,"campfire_upgraded":2,"win_rate":0,"timestamp":1541281600,"path_taken":["M","?","M","M","?","R","M","E","T","R","E","M","?","E"],"build_version":"2018-11-02","purchased_purges":0,"victory":false,"max_hp_per_floor":[75,75,75,75,75,75,75,75,75,75,75,75,75,75],"card_choices":[{"not_picked":["Wild Strike","Sever Soul"],"picked":"Twin Strike","floor":1},{"not_picked":["Shockwave","Rage"],"picked":"Corruption","floor":3},{"not_picked":["Cleave","Dual Wield"],"picked":"Anger","floor":4},{"not_picked":["Headbutt","Perfected Strike"],"picked":"Armaments","floor":5},{"not_picked":["Armaments","Flex"],"picked":"Feel No Pain","floor":7},{"not_picked":["Thunderclap","Iron Wave"],"picked":"Shrug It Off","floor":8},{"not_picked":["Reckless Charge","Anger","Wild Strike"],"picked":"SKIP","floor":11},{"not_picked":["Sword Boomerang","Entrench"],"picked":"True Grit","floor":12}],"player_experience":1147638,"relics_obtained":[{"floor":8,"key":"Happy Flower"},{"floor":9,"key":"Centennial Puzzle"},{"floor":11,"key":"Omamori"}],"event_choices":[{"cards_removed":["Twin Strike"],"damage_healed":0,"gold_gain":0,"player_choice":"Gave Card","damage_taken":0,"relics_obtained":["Regal Pillow"],"max_hp_gain":0,"max_hp_loss":0,"event_name":"WeMeetAgain","floor":2,"gold_loss":0},{"damage_healed":0,"gold_gain":0,"player_choice":"Success","damage_taken":45,"relics_obtained":["Blue Candle"],"max_hp_gain":0,"max_hp_loss":0,"event_name":"Scrap Ooze","floor":13,"gold_loss":0}],"is_beta":true,"boss_relics":[],"items_purged_floors":[],"is_endless":false,"potions_floor_spawned":[4,5,7,12],"killed_by":"Gremlin Nob","ascension_level":20}