{"gold_per_floor":[115,115,134,134,146,146,178,195,246,246,267,292,292,292,292,396,396,410,410,443,80,91,91,101,126,126,126,126,126],"floor_reached":29,"playtime":1328,"items_purged":["Pain"],"score":397,"play_id":"78de0e18-b22a-4463-8a89-d05a3737380e","local_time":"20180914154831","is_ascension_mode":true,"campfire_choices":[{"data":"Quick Slash","floor":6,"key":"SMITH"},{"data":"Dash","floor":10,"key":"SMITH"},{"data":"Well Laid Plans","floor":13,"key":"SMITH"},{"data":"Backflip","floor":15,"key":"SMITH"},{"floor":23,"key":"REST"}],"neow_cost":"NONE","seed_source_timestamp":1174279101999563,"circlet_count":0,"master_deck":["Defend_G","Defend_G","Defend_G","Defend_G+1","Defend_G","Strike_G","Strike_G","Strike_G","Strike_G","Strike_G","Survivor","Neutralize+1","Blade Dance+1","Quick Slash+1","Well Laid Plans+1","Dash+1","Backflip+1","Backflip+1","Outmaneuver","Blind","Prepared","Calculated Gamble","Acrobatics","Accuracy"],"relics":["Busted Crown","Pantograph","Regal Pillow","Odd Mushroom","Juzu Bracelet","Sozu","WarpedTongs","Red Mask","Toolbox","Peace Pipe","Ornamental Fan"],"potions_floor_usage":[7,7,12],"damage_taken":[{"damage":2,"enemies":"Jaw Worm","floor":1,"turns":4},{"damage":0,"enemies":"2 Louse","floor":3,"turns":4},{"damage":0,"enemies":"Cultist","floor":5,"turns":3},{"damage":13,"enemies":"3 Sentries","floor":7,"turns":7},{"damage":2,"enemies":"Looter","floor":8,"turns":3},{"damage":8,"enemies":"The Mushroom Lair","floor":11,"turns":5},{"damage":11,"enemies":"Gremlin Nob","floor":12,"turns":4},{"damage":4,"enemies":"The Guardian","floor":16,"turns":14},{"damage":4,"enemies":"Spheric Guardian","floor":18,"turns":4},{"damage":42,"enemies":"Masked Bandits","floor":20,"turns":7},{"damage":0,"enemies":"Shell Parasite","floor":22,"turns":6},{"damage":6,"enemies":"3 Cultists","floor":24,"turns":8},{"damage":0,"enemies":"Book of Stabbing","floor":25,"turns":6},{"damage":51,"enemies":"Gremlin Leader","floor":29,"turns":8}],"seed_played":"4287669496808436138","potions_obtained":[{"floor":3,"key":"PowerPotion"},{"floor":5,"key":"Fruit Juice"},{"floor":8,"key":"AttackPotion"}],"is_trial":false,"path_per_floor":["M","?","M","?","M","R","E","M","T","R","?","E","R","?","R","B",null,"M","?","?","$","M","R","M","E","T","?","?"],"character_chosen":"THE_SILENT","items_purchased":["Toolbox","Blind"],"campfire_rested":1,"item_purchase_floors":[21,21],"current_hp_per_floor":[61,61,61,47,47,47,39,37,37,37,29,18,18,18,18,39,66,62,62,20,20,20,57,51,51,51,51,51,0],"gold":126,"neow_bonus":"BOSS_RELIC","is_prod":false,"is_daily":false,"chose_seed":false,"campfire_upgraded":4,"win_rate":0,"timestamp":1536932911,"path_taken":["M","?","M","?","?","R","E","M","T","R","?","E","R","?","R","BOSS","M","?","?","?","M","R","M","E","T","?","?","E"],"build_version":"2018-09-06","purchased_purges":1,"victory":false,"max_hp_per_floor":[70,70,70,70,70,70,75,75,75,75,75,75,75,75,75,75,75,75,75,75,75,75,75,75,75,75,75,75,75],"card_choices":[{"not_picked":[],"picked":"Blade Dance","floor":1},{"not_picked":[],"picked":"Quick Slash","floor":3},{"not_picked":[],"picked":"Well Laid Plans","floor":5},{"not_picked":["Poisoned Stab"],"picked":"SKIP","floor":7},{"not_picked":[],"picked":"Dash","floor":8},{"not_picked":[],"picked":"Backflip","floor":11},{"not_picked":[],"picked":"Backflip","floor":12},{"not_picked":[],"picked":"Outmaneuver","floor":18},{"not_picked":[],"picked":"Prepared","floor":22},{"not_picked":[],"picked":"Calculated Gamble","floor":24},{"not_picked":[],"picked":"Acrobatics","floor":25}],"player_experience":994458,"relics_obtained":[{"floor":7,"key":"Pantograph"},{"floor":9,"key":"Regal Pillow"},{"floor":11,"key":"Odd Mushroom"},{"floor":12,"key":"Juzu Bracelet"},{"floor":20,"key":"Red Mask"},{"floor":25,"key":"Peace Pipe"},{"floor":26,"key":"Ornamental Fan"}],"event_choices":[{"event_name":"Living Wall","player_choice":"Grow","floor":2,"damage_taken":0},{"event_name":"Shining Light","player_choice":"Entered Light","floor":4,"damage_taken":0},{"event_name":"Mushrooms","player_choice":"Fought Mushrooms","floor":11,"damage_taken":0},{"event_name":"Upgrade Shrine","player_choice":"Upgraded","floor":14,"damage_taken":0},{"event_name":"Accursed Blacksmith","player_choice":"Rummage","floor":19,"damage_taken":0},{"event_name":"Masked Bandits","player_choice":"Fought Bandits","floor":20,"damage_taken":0},{"event_name":"The Library","player_choice":"Read","floor":27,"damage_taken":0},{"event_name":"The Lab","player_choice":"Got Potions","floor":28,"damage_taken":0}],"is_beta":false,"boss_relics":[{"not_picked":["Cursed Key","Runic Pyramid"],"picked":"Sozu"}],"items_purged_floors":[21],"is_endless":false,"potions_floor_spawned":[3,5,8,24,25],"killed_by":"Gremlin Leader","ascension_level":9}