{"path_per_floor":["M","M","$","M","?","E","T","R","T","E","$","M","E","M","R","B",null,"M","?","M","M","?","R","M","M","T","R","M","M"],"character_chosen":"IRONCLAD","items_purchased":["Shrug It Off","Vajra"],"gold_per_floor":[117,129,29,42,42,101,128,128,128,155,1,11,36,51,51,154,154,168,91,108,127,127,127,140,158,209,209,229,239,239],"floor_reached":30,"campfire_rested":3,"playtime":1195,"item_purchase_floors":[3,11],"current_hp_per_floor":[68,66,66,68,52,39,39,63,73,42,42,44,64,47,78,67,95,92,92,74,62,62,95,89,74,74,74,62,39,0],"items_purged":["Injury"],"gold":239,"score":413,"play_id":"3c563ba4-a9f0-4d59-8b72-6d774714f210","local_time":"20180525180553","is_prod":false,"is_daily":false,"chose_seed":false,"is_ascension_mode":true,"campfire_upgraded":1,"win_rate":0,"timestamp":1527264353,"campfire_choices":[{"floor":8,"key":"REST"},{"floor":15,"key":"REST"},{"floor":23,"key":"REST"},{"data":"Metallicize","floor":27,"key":"SMITH"}],"path_taken":["M","M","$","M","?","E","?","R","T","E","$","?","E","M","R","BOSS","M","?","M","M","?","R","M","M","T","R","?","M","E"],"build_version":"2018-05-24","seed_source_timestamp":113965983814927,"purchased_purges":1,"victory":false,"master_deck":["Strike_R","Strike_R","Strike_R","Strike_R+1","Strike_R","Defend_R+1","Defend_R","Defend_R","Defend_R","Bash","Pommel Strike+1","Sever Soul","Shrug It Off","Metallicize+1","Rampage","Pommel Strike","Twin Strike","Seeing Red","Cleave+1","Feed","Inflame","J.A.X.","Iron Wave","Headbutt+1","Spot Weakness","Spot Weakness","Pommel Strike+1"],"max_hp_per_floor":[80,80,80,80,80,80,80,80,90,90,90,90,104,104,104,104,104,104,104,107,110,110,110,110,113,113,113,113,116,116],"relics":["Burning Blood","Champion Belt","Tiny Chest","Pen Nib","Pear","Orichalcum","Vajra","Mango","Runic Cube","Whetstone"],"card_choices":[{"not_picked":["Havoc","Burning Pact"],"picked":"Pommel Strike","floor":1},{"not_picked":["Hemokinesis","Flex"],"picked":"Sever Soul","floor":2},{"not_picked":["Cleave","Anger"],"picked":"Metallicize","floor":4},{"not_picked":["Corruption","Flex"],"picked":"Rampage","floor":6},{"not_picked":["Iron Wave","Limit Break"],"picked":"Pommel Strike","floor":10},{"not_picked":["Evolve","Heavy Blade"],"picked":"Twin Strike","floor":12},{"not_picked":["Hemokinesis","Double Tap"],"picked":"Seeing Red","floor":13},{"not_picked":["Hemokinesis","Evolve"],"picked":"Cleave","floor":14},{"not_picked":["Berserk","Exhume"],"picked":"Feed","floor":16},{"not_picked":["Flex","Armaments+1"],"picked":"Inflame","floor":18},{"not_picked":["Feel No Pain","Heavy Blade"],"picked":"Iron Wave","floor":20},{"not_picked":["Havoc","Dropkick+1"],"picked":"Headbutt+1","floor":21},{"not_picked":["Rampage","Heavy Blade"],"picked":"Spot Weakness","floor":24},{"not_picked":["Sword Boomerang","Twin Strike","Dropkick"],"picked":"SKIP","floor":25},{"not_picked":["Clothesline","Twin Strike+1","Rupture"],"picked":"SKIP","floor":28},{"not_picked":["Headbutt+1","True Grit"],"picked":"Pommel Strike+1","floor":29}],"player_experience":520896,"potions_floor_usage":[6,6,13,16,24,28,28,30,30],"damage_taken":[{"damage":10,"enemies":"Small Slimes","floor":1,"turns":6},{"damage":8,"enemies":"2 Louse","floor":2,"turns":3},{"damage":4,"enemies":"Jaw Worm","floor":4,"turns":4},{"damage":19,"enemies":"3 Sentries","floor":6,"turns":6},{"damage":37,"enemies":"Lagavulin","floor":10,"turns":7},{"damage":4,"enemies":"Exordium Wildlife","floor":12,"turns":4},{"damage":0,"enemies":"Gremlin Nob","floor":13,"turns":2},{"damage":23,"enemies":"Exordium Thugs","floor":14,"turns":6},{"damage":17,"enemies":"The Guardian","floor":16,"turns":12},{"damage":9,"enemies":"Shell Parasite","floor":18,"turns":5},{"damage":27,"enemies":"2 Thieves","floor":20,"turns":4},{"damage":21,"enemies":"Centurion and Healer","floor":21,"turns":5},{"damage":12,"enemies":"Snecko","floor":24,"turns":4},{"damage":24,"enemies":"Sentry and Sphere","floor":25,"turns":4},{"damage":18,"enemies":"Centurion and Healer","floor":28,"turns":4},{"damage":32,"enemies":"Slaver and Parasite","floor":29,"turns":5},{"damage":39,"enemies":"Book of Stabbing","floor":30,"turns":3}],"relics_obtained":[{"floor":6,"key":"Tiny Chest"},{"floor":7,"key":"Pen Nib"},{"floor":9,"key":"Pear"},{"floor":10,"key":"Orichalcum"},{"floor":13,"key":"Mango"},{"floor":26,"key":"Whetstone"}],"event_choices":[{"event_name":"Shining Light","player_choice":"Entered Light","floor":5,"damage_taken":0},{"event_name":"Drug Dealer","player_choice":"Got JAXXED","floor":19,"damage_taken":0},{"event_name":"The Library","player_choice":"Read","floor":22,"damage_taken":0}],"boss_relics":[{"not_picked":["Snecko Eye","Eternal Feather"],"picked":"Runic Cube"}],"items_purged_floors":[3],"potions_floor_spawned":[1,4,10,14,20,21,24,29],"seed_played":"-5540502208141210968","killed_by":"Book of Stabbing","ascension_level":6,"potions_obtained":[{"floor":1,"key":"Energy Potion"},{"floor":4,"key":"Swift Potion"},{"floor":10,"key":"FearPotion"},{"floor":14,"key":"SkillPotion"},{"floor":20,"key":"SkillPotion"},{"floor":21,"key":"EssenceOfSteel"},{"floor":24,"key":"Weak Potion"},{"floor":29,"key":"EntropicBrew"}],"is_trial":false}