{"gold_per_floor":[115,115,125,141,158,185,197,197],"floor_reached":8,"playtime":471,"items_purged":[],"score":69,"play_id":"20acbabb-30af-4f41-ab2f-d2355e310135","local_time":"20190219123122","is_ascension_mode":true,"campfire_choices":[],"neow_cost":"NONE","seed_source_timestamp":702833610969097,"circlet_count":0,"master_deck":["Strike_B","Strike_B","Defend_B","Defend_B","Defend_B","Defend_B","Zap","Dualcast","Coolheaded","Gash","Beam Cell"],"relics":["Cracked Core","Bronze Scales"],"potions_floor_usage":[6,7],"damage_taken":[{"damage":2,"enemies":"Jaw Worm","floor":1,"turns":3},{"damage":5,"enemies":"Small Slimes","floor":3,"turns":4},{"damage":0,"enemies":"Cultist","floor":4,"turns":4},{"damage":24,"enemies":"Large Slime","floor":5,"turns":7},{"damage":30,"enemies":"3 Sentries","floor":6,"turns":9},{"damage":2,"enemies":"Exordium Wildlife","floor":7,"turns":2},{"damage":13,"enemies":"Gremlin Nob","floor":8,"turns":2}],"seed_played":"-3304093229529104517","potions_obtained":[{"floor":5,"key":"Swift Potion"},{"floor":6,"key":"Explosive Potion"},{"floor":7,"key":"SpeedPotion"}],"is_trial":false,"path_per_floor":["M","?","M","M","M","E","M","E"],"character_chosen":"DEFECT","items_purchased":[],"campfire_rested":0,"item_purchase_floors":[],"current_hp_per_floor":[73,66,61,61,37,7,5,0],"gold":197,"neow_bonus":"REMOVE_CARD","is_prod":false,"is_daily":false,"chose_seed":false,"campfire_upgraded":0,"win_rate":0,"timestamp":1550608282,"path_taken":["M","?","M","M","M","E","M","E"],"build_version":"2019-01-23","purchased_purges":0,"victory":false,"max_hp_per_floor":[75,75,75,75,75,75,75,75],"card_choices":[{"not_picked":["Sweeping Beam","Leap"],"picked":"Coolheaded","floor":1},{"not_picked":["Capacitor","Self Repair"],"picked":"Gash","floor":3},{"not_picked":["Ball Lightning","Compile Driver","Recycle"],"picked":"SKIP","floor":4},{"not_picked":["Reprogram","Coolheaded","Rebound"],"picked":"SKIP","floor":5},{"not_picked":["Conserve Battery","Aggregate"],"picked":"Beam Cell","floor":6},{"not_picked":["Barrage","Echo Form","Conserve Battery"],"picked":"SKIP","floor":7}],"player_experience":185789,"relics_obtained":[{"floor":6,"key":"Bronze Scales"}],"event_choices":[{"cards_removed":["Strike_B"],"damage_healed":0,"gold_gain":0,"player_choice":"Card Removal","damage_taken":7,"max_hp_gain":0,"max_hp_loss":0,"event_name":"Golden Wing","floor":2,"gold_loss":0}],"is_beta":false,"boss_relics":[],"items_purged_floors":[],"is_endless":false,"potions_floor_spawned":[5,6,7],"killed_by":"Gremlin Nob","ascension_level":3}