{"gold_per_floor":[113,126,126,201,201,201,233,253,253,269,269,283,25,25],"floor_reached":14,"playtime":509,"items_purged":[],"score":230,"play_id":"1009f5f7-c643-49f1-8ea7-1857585662e2","local_time":"20181211211205","is_ascension_mode":true,"campfire_choices":[{"data":"Skewer","floor":6.0,"key":"SMITH"},{"data":"Neutralize","floor":11.0,"key":"SMITH"}],"neow_cost":"NONE","seed_source_timestamp":349081255980490,"circlet_count":0,"master_deck":["AscendersBane","Defend_G","Defend_G","Defend_G","Defend_G","Defend_G","Strike_G","Strike_G","Strike_G","Strike_G","Strike_G","Survivor","Neutralize+1","Backflip","Skewer+1","Finisher","Blade Dance","Predator","All Out Attack","Infinite Blades"],"special_seed":0,"relics":["Ring of the Snake","NeowsBlessing","Sundial","Anchor","Membership Card"],"potions_floor_usage":[14],"damage_taken":[{"damage":0.0,"enemies":"Small Slimes","floor":1.0,"turns":1.0},{"damage":0.0,"enemies":"Jaw Worm","floor":2.0,"turns":1.0},{"damage":0.0,"enemies":"3 Sentries","floor":7.0,"turns":1.0},{"damage":0.0,"enemies":"2 Louse","floor":8.0,"turns":2.0},{"damage":18.0,"enemies":"Exordium Thugs","floor":10.0,"turns":5.0},{"damage":19.0,"enemies":"Gremlin Gang","floor":12.0,"turns":5.0},{"damage":20,"enemies":"Lagavulin","floor":14,"turns":7}],"seed_played":"3446356901761073760","potions_obtained":[{"floor":10.0,"key":"SpeedPotion"},{"floor":12.0,"key":"LiquidBronze"}],"is_trial":false,"path_per_floor":["M","M","?","?","?","R","E","M","T","M","R","M","$","E"],"character_chosen":"THE_SILENT","items_purchased":["Membership Card","Infinite Blades"],"campfire_rested":0,"item_purchase_floors":[13,13],"current_hp_per_floor":[59,59,54,43,65,65,65,65,65,47,47,28,28,8],"gold":25,"neow_bonus":"THREE_ENEMY_KILL","is_prod":false,"is_daily":false,"chose_seed":false,"campfire_upgraded":2,"win_rate":0,"timestamp":1544580725,"path_taken":["M","M","?","?","?","R","E","M","T","M","R","M","$","E"],"build_version":"2018-12-10","purchased_purges":0,"victory":false,"max_hp_per_floor":[66,66,66,66,66,66,66,66,66,66,66,66,66,66],"card_choices":[{"not_picked":["Sucker Punch","Dagger Throw"],"picked":"Backflip","floor":1.0},{"not_picked":["Slice","Poisoned Stab"],"picked":"Skewer","floor":2.0},{"not_picked":["Acrobatics","Blade Dance"],"picked":"Finisher","floor":7.0},{"not_picked":["Slice","Accuracy"],"picked":"Blade Dance","floor":8.0},{"not_picked":["Masterful Stab","Dagger Spray"],"picked":"Predator","floor":10.0},{"not_picked":["Catalyst","Deadly Poison"],"picked":"All Out Attack","floor":12.0}],"player_experience":1208884,"relics_obtained":[{"floor":7.0,"key":"Anchor"}],"event_choices":[{"damage_healed":0.0,"max_hp_gain":0.0,"max_hp_loss":0.0,"gold_gain":0.0,"event_name":"Scrap Ooze","player_choice":"Success","floor":3.0,"gold_loss":0.0,"damage_taken":5.0,"relics_obtained":["Sundial"]},{"damage_healed":0.0,"max_hp_gain":0.0,"max_hp_loss":0.0,"gold_gain":75.0,"event_name":"World of Goop","player_choice":"Gather Gold","floor":4.0,"gold_loss":0.0,"damage_taken":11.0},{"damage_healed":22.0,"max_hp_gain":0.0,"max_hp_loss":0.0,"gold_gain":0.0,"event_name":"Big Fish","player_choice":"Banana","floor":5.0,"gold_loss":0.0,"damage_taken":0.0}],"is_beta":true,"boss_relics":[],"items_purged_floors":[],"is_endless":false,"potions_floor_spawned":[10,12],"killed_by":"Lagavulin","ascension_level":20}