{"gold_per_floor":[109,41,116,116,116,143,143,143,143,153,153,168,184,211,211,288,288,307,150,162,62,62,62,94,114,139,64,64,78,78,78,78,151,151,163,163,38,58,158,158,184,184,208,208,220,236,246,246,246,246],"floor_reached":51,"playtime":4442,"items_purged":["Defend_R","Strike_R","Shockwave+1"],"score":1198,"play_id":"92a7bc1e-5b3b-4241-8334-531b23b7c40a","local_time":"20190125170602","is_ascension_mode":true,"campfire_choices":[{"data":"Headbutt","floor":7.0,"key":"SMITH"},{"data":"Battle Trance","floor":11.0,"key":"SMITH"},{"data":"Metallicize","floor":15.0,"key":"SMITH"},{"data":"Iron Wave","floor":23.0,"key":"SMITH"},{"floor":30.0,"key":"REST"},{"floor":32.0,"key":"REST"},{"floor":40,"key":"DIG"},{"floor":42,"key":"DIG"},{"floor":49,"key":"DIG"}],"neow_cost":"NONE","seed_source_timestamp":13117787934756334,"circlet_count":0,"master_deck":["AscendersBane","Strike_R","Bash","Headbutt+1","Evolve+1","Battle Trance+1","Metallicize+1","Reckless Charge","Sentinel+1","Dual Wield+1","Second Wind","Iron Wave+1","Iron Wave","Feel No Pain","Madness+1","Madness+1"],"special_seed":0,"relics":["Burning Blood","NeowsBlessing","Mercury Hourglass","Bottled Tornado","Kunai","Orichalcum","Astrolabe","Toxic Egg 2","Vajra","Calipers","Busted Crown","Shovel","Oddly Smooth Stone","Bird Faced Urn","Boot","Ginger"],"potions_floor_usage":[45,46],"damage_taken":[{"damage":0.0,"enemies":"Small Slimes","floor":1.0,"turns":1.0},{"damage":0.0,"enemies":"Gremlin Nob","floor":6.0,"turns":1.0},{"damage":0.0,"enemies":"2 Louse","floor":10.0,"turns":1.0},{"damage":1.0,"enemies":"Cultist","floor":12.0,"turns":3.0},{"damage":15.0,"enemies":"Exordium Thugs","floor":13.0,"turns":3.0},{"damage":19.0,"enemies":"3 Sentries","floor":14.0,"turns":7.0},{"damage":0.0,"enemies":"Slime Boss","floor":16.0,"turns":6.0},{"damage":8.0,"enemies":"Shell Parasite","floor":18.0,"turns":7.0},{"damage":6.0,"enemies":"Chosen","floor":20.0,"turns":4.0},{"damage":42.0,"enemies":"Gremlin Leader","floor":24.0,"turns":6.0},{"damage":14.0,"enemies":"Sentry and Sphere","floor":25.0,"turns":8.0},{"damage":23.0,"enemies":"Centurion and Healer","floor":29.0,"turns":4.0},{"damage":4.0,"enemies":"Champ","floor":33.0,"turns":20.0},{"damage":15.0,"enemies":"3 Shapes","floor":35.0,"turns":9.0},{"damage":1,"enemies":"Orb Walker","floor":38,"turns":3},{"damage":0,"enemies":"Mind Bloom Boss Battle","floor":39,"turns":9},{"damage":13,"enemies":"3 Darklings","floor":45,"turns":10},{"damage":12,"enemies":"4 Shapes","floor":46,"turns":4},{"damage":0,"enemies":"Maw","floor":47,"turns":8},{"damage":73,"enemies":"Time Eater","floor":50,"turns":18}],"seed_played":"-6277622997539036532","potions_obtained":[{"floor":10.0,"key":"Explosive Potion"},{"floor":12.0,"key":"PowerPotion"},{"floor":13.0,"key":"Swift Potion"},{"floor":24.0,"key":"Explosive Potion"},{"floor":35.0,"key":"PowerPotion"},{"floor":47,"key":"AttackPotion"}],"is_trial":false,"path_per_floor":["M","$","?","?","?","E","R","T","T","M","R","M","M","E","R","B",null,"M","$","M","$","?","R","E","M","T","?","T","M","R","$","R","B",null,"M","?","$","M","?","R","T","R","T","?","M","M","M","?","R","B",null],"character_chosen":"IRONCLAD","items_purchased":["Evolve","Second Wind"],"campfire_rested":2,"item_purchase_floors":[2,19],"current_hp_per_floor":[78,78,67,67,60,66,66,66,66,72,72,77,68,55,55,61,75,73,73,73,73,73,73,37,29,29,29,29,12,36,36,60,62,76,67,67,67,72,78,78,78,78,78,78,80,80,80,70,70,21],"gold":246,"neow_bonus":"THREE_ENEMY_KILL","is_prod":false,"is_daily":false,"chose_seed":false,"campfire_upgraded":4,"win_rate":0,"timestamp":1548432362,"path_taken":["M","$","?","?","?","E","R","?","T","M","R","?","M","E","R","BOSS","M","$","M","$","?","R","E","M","T","?","?","M","R","$","R","BOSS","M","?","$","M","?","R","?","R","T","?","M","M","?","?","R","BOSS"],"build_version":"2019-01-23","purchased_purges":3,"victory":true,"max_hp_per_floor":[80,80,80,80,80,80,80,80,80,80,80,80,80,80,80,80,80,80,80,80,80,80,80,80,80,80,80,80,80,80,80,80,80,80,80,80,80,80,80,80,80,80,80,80,80,80,80,80,80,80],"card_choices":[{"not_picked":["Pommel Strike","Body Slam"],"picked":"Headbutt","floor":1.0},{"not_picked":["Headbutt","Juggernaut"],"picked":"Battle Trance","floor":6.0},{"not_picked":["Headbutt","Sword Boomerang","Shrug It Off"],"picked":"SKIP","floor":10.0},{"not_picked":["Thunderclap","Cleave"],"picked":"Metallicize","floor":12.0},{"not_picked":["Shrug It Off","Uppercut"],"picked":"Reckless Charge","floor":13.0},{"not_picked":["Entrench","Shrug It Off","Searing Blow"],"picked":"SKIP","floor":14.0},{"not_picked":["Headbutt+1","Sword Boomerang","Flex"],"picked":"SKIP","floor":18.0},{"not_picked":["Entrench","True Grit","Pommel Strike"],"picked":"SKIP","floor":20.0},{"not_picked":["Anger+1","Corruption","Clothesline"],"picked":"SKIP","floor":24.0},{"not_picked":["Sword Boomerang+1","Clothesline","Perfected Strike"],"picked":"SKIP","floor":25.0},{"not_picked":["Twin Strike","Inflame+1"],"picked":"Iron Wave","floor":29.0},{"not_picked":["Shrug It Off+1"],"picked":"SKIP","floor":35.0},{"not_picked":[],"picked":"Feel No Pain","floor":38},{"not_picked":["Power Through+1"],"picked":"SKIP","floor":45},{"not_picked":["Blood for Blood+1"],"picked":"SKIP","floor":46},{"not_picked":["Havoc+1"],"picked":"SKIP","floor":47}],"player_experience":324464,"relics_obtained":[{"floor":6.0,"key":"Mercury Hourglass"},{"floor":8.0,"key":"Bottled Tornado"},{"floor":9.0,"key":"Kunai"},{"floor":14.0,"key":"Orichalcum"},{"floor":24.0,"key":"Toxic Egg 2"},{"floor":26.0,"key":"Vajra"},{"floor":28.0,"key":"Calipers"},{"floor":39,"key":"Shovel"},{"floor":41,"key":"Oddly Smooth Stone"},{"floor":42,"key":"Bird Faced Urn"},{"floor":43,"key":"Boot"},{"floor":49,"key":"Ginger"}],"event_choices":[{"damage_healed":0.0,"max_hp_gain":0.0,"max_hp_loss":0.0,"gold_gain":75.0,"event_name":"World of Goop","player_choice":"Gather Gold","floor":3.0,"gold_loss":0.0,"damage_taken":11.0},{"damage_healed":0.0,"max_hp_gain":0.0,"max_hp_loss":0.0,"gold_gain":0.0,"event_name":"Living Wall","player_choice":"Grow","floor":4.0,"gold_loss":0.0,"damage_taken":0.0,"cards_upgraded":["Evolve"]},{"cards_removed":["Strike_R"],"damage_healed":0.0,"max_hp_gain":0.0,"max_hp_loss":0.0,"gold_gain":0.0,"event_name":"Golden Wing","player_choice":"Card Removal","floor":5.0,"gold_loss":0.0,"damage_taken":7.0},{"damage_healed":0.0,"max_hp_gain":0.0,"max_hp_loss":0.0,"gold_gain":0.0,"event_name":"The Library","player_choice":"Read","floor":22.0,"gold_loss":0.0,"damage_taken":0.0,"cards_obtained":["Iron Wave"]},{"cards_removed":["Strike_R"],"damage_healed":0.0,"max_hp_gain":0.0,"max_hp_loss":0.0,"gold_gain":0.0,"event_name":"Beggar","player_choice":"Gave Gold","floor":27.0,"gold_loss":75.0,"damage_taken":0.0},{"damage_healed":0,"gold_gain":0,"player_choice":"Ignored","damage_taken":0,"max_hp_gain":0,"max_hp_loss":0,"event_name":"Mysterious Sphere","floor":36,"gold_loss":0},{"damage_healed":0,"gold_gain":0,"player_choice":"Fight","damage_taken":0,"max_hp_gain":0,"max_hp_loss":0,"event_name":"MindBloom","floor":39,"gold_loss":0},{"cards_removed":["Defend_R"],"damage_healed":0,"gold_gain":0,"player_choice":"Removed Skill","damage_taken":0,"max_hp_gain":0,"max_hp_loss":0,"event_name":"Falling","floor":44,"gold_loss":0},{"damage_healed":0,"gold_gain":0,"player_choice":"Embrace Madness","damage_taken":10,"max_hp_gain":0,"max_hp_loss":0,"event_name":"Winding Halls","floor":48,"gold_loss":0,"cards_obtained":["Madness","Madness"]}],"is_beta":false,"boss_relics":[{"not_picked":["Calling Bell","Orrery"],"picked":"Astrolabe"},{"not_picked":["Tiny House","Pandora\u0027s Box"],"picked":"Busted Crown"}],"items_purged_floors":[19,21,37],"is_endless":false,"potions_floor_spawned":[10,12,13,14,24,33,35,47],"ascension_level":13}