{"gold_per_floor":[115,115,131,146,146,146,184,184,184,184,209,21,42,77,77,207,207,222,222,236,255,255],"floor_reached":22,"playtime":3383,"items_purged":["Pain"],"score":287,"play_id":"575ccc52-889c-4e19-9a00-ac13293bb4f9","local_time":"20190112024330","is_ascension_mode":true,"campfire_choices":[{"floor":6.0,"key":"REST"},{"data":"Reinforced Body","floor":8.0,"key":"SMITH"},{"floor":10.0,"key":"REST"},{"data":"Zap","floor":15.0,"key":"SMITH"}],"neow_cost":"NONE","seed_source_timestamp":165305176689667,"circlet_count":0,"master_deck":["Strike_B","Strike_B","Strike_B","Defend_B","Defend_B","Defend_B","Defend_B","Zap+1","Dualcast","Reinforced Body+1","Hologram","Machine Learning","Coolheaded","FTL","Self Repair","White Noise","FTL","Seek","Steam Power+1","Decay","Ball Lightning+1"],"special_seed":0,"relics":["Cracked Core","WarpedTongs","Golden Idol","Dodecahedron","Smiling Mask","Sundial","Inserter"],"potions_floor_usage":[],"damage_taken":[{"damage":0.0,"enemies":"2 Louse","floor":1.0,"turns":3.0},{"damage":7.0,"enemies":"Cultist","floor":3.0,"turns":4.0},{"damage":3.0,"enemies":"Jaw Worm","floor":4.0,"turns":3.0},{"damage":22.0,"enemies":"3 Sentries","floor":7.0,"turns":9.0},{"damage":4.0,"enemies":"Large Slime","floor":11.0,"turns":7.0},{"damage":0.0,"enemies":"Lots of Slimes","floor":13.0,"turns":5.0},{"damage":0.0,"enemies":"Lagavulin","floor":14.0,"turns":7.0},{"damage":19.0,"enemies":"Slime Boss","floor":16.0,"turns":10.0},{"damage":20.0,"enemies":"Spheric Guardian","floor":18.0,"turns":4.0},{"damage":7.0,"enemies":"3 Byrds","floor":20.0,"turns":3.0},{"damage":47,"enemies":"Snake Plant","floor":21,"turns":5},{"damage":20,"enemies":"3 Cultists","floor":22,"turns":3}],"seed_played":"8502585264544914299","potions_obtained":[{"floor":3.0,"key":"SkillPotion"},{"floor":4.0,"key":"Strength Potion"},{"floor":11.0,"key":"Dexterity Potion"},{"floor":14.0,"key":"Poison Potion"}],"is_trial":false,"path_per_floor":["M","?","M","M","?","R","E","R","T","R","M","$","M","E","R","B",null,"M","?","M","M","M"],"character_chosen":"DEFECT","items_purchased":["FTL","Self Repair"],"campfire_rested":2,"item_purchase_floors":[12,12],"current_hp_per_floor":[68,68,61,58,40,62,40,40,40,62,58,58,68,75,75,63,72,59,59,59,12,0],"gold":255,"neow_bonus":"REMOVE_CARD","is_prod":false,"is_daily":false,"chose_seed":false,"campfire_upgraded":2,"win_rate":0,"timestamp":1547228610,"path_taken":["M","?","?","M","?","R","E","R","T","R","M","$","M","E","R","BOSS","M","?","?","M","M"],"build_version":"2019-01-10","purchased_purges":1,"victory":false,"max_hp_per_floor":[75,75,75,75,75,75,75,75,75,75,75,75,75,75,75,75,75,75,75,75,75,75],"card_choices":[{"not_picked":["Go for the Eyes","Steam"],"picked":"Reinforced Body","floor":1.0},{"not_picked":["Ball Lightning","Streamline"],"picked":"Hologram","floor":3.0},{"not_picked":["Steam","Redo"],"picked":"Machine Learning","floor":4.0},{"not_picked":["Tempest","Stack"],"picked":"Coolheaded","floor":7.0},{"not_picked":["Force Field","Melter","Reprogram"],"picked":"SKIP","floor":11.0},{"not_picked":["Compile Driver","Beam Cell"],"picked":"White Noise","floor":13.0},{"not_picked":["Static Discharge","Barrage"],"picked":"FTL","floor":14.0},{"not_picked":["Biased Cognition","Machine Learning"],"picked":"Seek","floor":16.0},{"not_picked":["Rebound","Rip and Tear"],"picked":"Steam Power+1","floor":18.0},{"not_picked":["Go for the Eyes","Undo"],"picked":"Ball Lightning+1","floor":20.0},{"not_picked":["Compile Driver","Streamline","Capacitor"],"picked":"SKIP","floor":21}],"player_experience":338361,"relics_obtained":[{"floor":7.0,"key":"Dodecahedron"},{"floor":9.0,"key":"Smiling Mask"},{"floor":14.0,"key":"Sundial"}],"event_choices":[{"damage_healed":0.0,"max_hp_gain":0.0,"max_hp_loss":0.0,"gold_gain":0.0,"event_name":"Accursed Blacksmith","player_choice":"Rummage","floor":2.0,"gold_loss":0.0,"damage_taken":0.0,"relics_obtained":["WarpedTongs"],"cards_obtained":["Pain"]},{"damage_healed":0.0,"max_hp_gain":0.0,"max_hp_loss":0.0,"gold_gain":0.0,"event_name":"Golden Idol","player_choice":"Take Damage","floor":5.0,"gold_loss":0.0,"damage_taken":18.0,"relics_obtained":["Golden Idol"]},{"damage_healed":0.0,"max_hp_gain":0.0,"max_hp_loss":0.0,"gold_gain":0.0,"event_name":"Wheel of Change","player_choice":"Cursed","floor":19.0,"gold_loss":0.0,"damage_taken":0.0,"cards_obtained":["Decay"]}],"is_beta":false,"boss_relics":[{"not_picked":["Calling Bell","Black Star"],"picked":"Inserter"}],"items_purged_floors":[12],"is_endless":false,"potions_floor_spawned":[3,4,11,14],"killed_by":"3 Cultists","ascension_level":6}