{"path_per_floor":["M","?","M","M","M","R","E","R","T","E","?","M","M","M","R","B",null,"M","?","$","M","M","R","M","R","T","E"],"character_chosen":"THE_SILENT","items_purchased":["Bottled Tornado","Escape Plan+1"],"gold_per_floor":[116,66,85,96,108,108,135,135,135,167,167,180,196,210,210,329,329,348,348,29,39,60,60,81,111,111,152,152],"floor_reached":28,"campfire_rested":2,"playtime":1005,"item_purchase_floors":[20,20],"current_hp_per_floor":[54,54,52,52,47,47,31,52,52,36,36,30,24,24,45,39,62,50,50,50,48,48,48,44,44,44,6,0],"items_purged":[],"gold":152,"score":328,"play_id":"480fb8c7-3f4b-401a-9b19-a802d25c3a56","local_time":"20180525193308","is_prod":false,"is_daily":false,"chose_seed":false,"is_ascension_mode":true,"campfire_upgraded":1,"win_rate":0,"timestamp":1527269588,"campfire_choices":[{"data":"Poisoned Stab","floor":6,"key":"SMITH"},{"floor":8,"key":"REST"},{"floor":15,"key":"REST"},{"floor":23,"key":"DIG"},{"floor":25,"key":"DIG"}],"path_taken":["M","?","M","M","M","R","E","R","T","E","?","M","?","M","R","BOSS","M","?","$","M","M","R","?","R","T","E","?"],"build_version":"2018-05-24","seed_source_timestamp":119401497336354,"purchased_purges":0,"victory":false,"master_deck":["Defend_G","Defend_G","Defend_G","Defend_G","Strike_G","Strike_G","Strike_G+1","Strike_G","Strike_G","Survivor","Neutralize","PiercingWail","Deadly Poison","Heel Hook+1","Poisoned Stab+1","Catalyst+1","Dodge and Roll+1","Injury","Footwork","Deadly Poison+1","Dodge and Roll+1","Envenom","Dodge and Roll+1","Escape Plan+1","Escape Plan+1","Cloak And Dagger+1","Flying Knee+1","Terror+1"],"max_hp_per_floor":[70,70,70,70,70,70,70,70,70,70,70,70,70,70,70,70,70,70,70,70,70,70,70,70,70,70,70,70],"relics":["Ring of the Snake","Toxic Egg 2","Shovel","The Specimen","Golden Idol","Runic Dome","Bottled Tornado","Tough Bandages","Tiny Chest","Dead Branch","Whetstone"],"card_choices":[{"not_picked":["Acrobatics","Expertise"],"picked":"PiercingWail","floor":1},{"not_picked":["Riddle With Holes","Endless Agony"],"picked":"Deadly Poison","floor":3},{"not_picked":["PiercingWail","Acrobatics"],"picked":"Heel Hook","floor":4},{"not_picked":["Underhanded Strike","Prepared"],"picked":"Poisoned Stab","floor":5},{"not_picked":["Backflip","Dodge and Roll"],"picked":"Catalyst","floor":7},{"not_picked":["Dagger Spray","Well Laid Plans"],"picked":"Dodge and Roll+1","floor":10},{"not_picked":["Flying Knee","Setup+1"],"picked":"Footwork","floor":12},{"not_picked":["Glass Knife","Bane"],"picked":"Deadly Poison+1","floor":13},{"not_picked":["Underhanded Strike","Deadly Poison+1"],"picked":"Dodge and Roll+1","floor":14},{"not_picked":["After Image","Storm of Steel+1"],"picked":"Envenom","floor":16},{"not_picked":["Dagger Spray","Choke"],"picked":"Dodge and Roll+1","floor":18},{"not_picked":["Endless Agony","Reflex+1"],"picked":"Escape Plan+1","floor":21},{"not_picked":["Eviscerate","Predator"],"picked":"Cloak And Dagger+1","floor":22},{"not_picked":["Masterful Stab","Riddle With Holes"],"picked":"Flying Knee+1","floor":24},{"not_picked":["Dagger Spray","Quick Slash"],"picked":"Terror+1","floor":27}],"player_experience":522091,"potions_floor_usage":[7,12,12,14,24,24,28],"damage_taken":[{"damage":9,"enemies":"Jaw Worm","floor":1,"turns":5},{"damage":2,"enemies":"2 Louse","floor":3,"turns":3},{"damage":0,"enemies":"Small Slimes","floor":4,"turns":3},{"damage":5,"enemies":"Looter","floor":5,"turns":4},{"damage":16,"enemies":"Lagavulin","floor":7,"turns":6},{"damage":16,"enemies":"Gremlin Nob","floor":10,"turns":3},{"damage":6,"enemies":"Lots of Slimes","floor":12,"turns":4},{"damage":6,"enemies":"3 Louse","floor":13,"turns":5},{"damage":0,"enemies":"Exordium Wildlife","floor":14,"turns":1},{"damage":6,"enemies":"The Guardian","floor":16,"turns":9},{"damage":12,"enemies":"3 Byrds","floor":18,"turns":5},{"damage":2,"enemies":"2 Thieves","floor":21,"turns":4},{"damage":0,"enemies":"Snake Plant","floor":22,"turns":4},{"damage":4,"enemies":"Centurion and Healer","floor":24,"turns":5},{"damage":38,"enemies":"Book of Stabbing","floor":27,"turns":5},{"damage":11,"enemies":"Cultist and Chosen","floor":28,"turns":4}],"relics_obtained":[{"floor":7,"key":"Toxic Egg 2"},{"floor":9,"key":"Shovel"},{"floor":10,"key":"The Specimen"},{"floor":23,"key":"Tough Bandages"},{"floor":25,"key":"Tiny Chest"},{"floor":26,"key":"Dead Branch"},{"floor":27,"key":"Whetstone"}],"event_choices":[{"event_name":"The Cleric","player_choice":"Card Removal","floor":2,"damage_taken":0},{"event_name":"Golden Idol","player_choice":"Take Wound","floor":11,"damage_taken":0},{"event_name":"Drug Dealer","player_choice":"Ignored","floor":19,"damage_taken":0}],"boss_relics":[{"not_picked":["Cursed Key","Eternal Feather"],"picked":"Runic Dome"}],"items_purged_floors":[],"potions_floor_spawned":[4,5,10,12,13,21,22,24],"seed_played":"4921556966670199100","killed_by":"Cultist and Chosen","ascension_level":6,"potions_obtained":[{"floor":4,"key":"LiquidBronze"},{"floor":5,"key":"SpeedPotion"},{"floor":10,"key":"Dexterity Potion"},{"floor":12,"key":"AttackPotion"},{"floor":13,"key":"Ancient Potion"},{"floor":21,"key":"LiquidBronze"},{"floor":22,"key":"SkillPotion"},{"floor":24,"key":"Ancient Potion"}],"is_trial":false}