{"path_per_floor":["M","?","?","?","M","R","M","E","T","R","$","$","R","$","R","B",null,"M","M","?","M","M"],"character_chosen":"THE_SILENT","items_purchased":["Backstab","Mind Blast","Block Potion","Dexterity Potion","Well Laid Plans"],"gold_per_floor":[116,291,291,366,377,377,390,415,415,415,96,15,15,15,15,114,114,128,144,124,134,145,145],"floor_reached":23,"campfire_rested":1,"playtime":1070,"item_purchase_floors":[11,11,11,11,12],"current_hp_per_floor":[63,63,60,49,49,49,48,23,23,44,44,44,44,44,44,8,55,41,41,41,24,12,12],"items_purged":["Doubt"],"gold":145,"score":246,"play_id":"afec801e-f616-43a1-ab8e-ac68f9849698","local_time":"20180525134457","is_prod":false,"is_daily":false,"chose_seed":false,"is_ascension_mode":true,"campfire_upgraded":3,"win_rate":0,"timestamp":1527248697,"campfire_choices":[{"data":"Predator","floor":6,"key":"SMITH"},{"floor":10,"key":"REST"},{"data":"Neutralize","floor":13,"key":"SMITH"},{"data":"Backflip","floor":15,"key":"SMITH"}],"path_taken":["M","?","?","?","M","R","M","E","T","R","?","$","R","$","R","BOSS","M","M","?","M","?","E"],"build_version":"2018-05-24","seed_source_timestamp":98446604077067,"purchased_purges":1,"victory":false,"master_deck":["Defend_G","Defend_G","Defend_G","Defend_G","Defend_G","Strike_G","Strike_G","Strike_G","Strike_G","Strike_G","Survivor+1","Neutralize+1","Predator+1","Backflip+1","Leg Sweep+1","Heel Hook","Backstab","Mind Blast","Well Laid Plans","Glass Knife","Clumsy","Clumsy","Parasite","Flying Knee","Burst","Bouncing Flask"],"max_hp_per_floor":[70,70,70,70,70,70,70,70,70,70,70,70,70,70,70,70,70,70,70,70,70,70,70],"relics":["Lizard Tail","Gambling Chip","War Paint","Question Card","Calling Bell","Ancient Tea Set","Gremlin Horn","Dead Branch"],"card_choices":[{"not_picked":["Backflip","Caltrops"],"picked":"Predator","floor":1},{"not_picked":["Deadly Poison","Dagger Throw"],"picked":"Backflip","floor":5},{"not_picked":["Acrobatics","Noxious Fumes"],"picked":"Leg Sweep","floor":7},{"not_picked":["Deadly Poison","A Thousand Cuts"],"picked":"Heel Hook","floor":8},{"not_picked":["Venomology","Tactician","A Thousand Cuts"],"picked":"Glass Knife","floor":16},{"not_picked":["Tools of the Trade","Slice+1","Prepared"],"picked":"Flying Knee","floor":18},{"not_picked":["Dagger Throw","Acrobatics+1","Poisoned Stab","Predator"],"picked":"SKIP","floor":19},{"not_picked":["Finisher+1","Bane+1","Deflect"],"picked":"Burst","floor":21},{"not_picked":["Sucker Punch","Cloak And Dagger","Deflect"],"picked":"Bouncing Flask","floor":22}],"player_experience":519826,"potions_floor_usage":[8,8,16,16,19,21,21,21],"damage_taken":[{"damage":0,"enemies":"2 Louse","floor":1,"turns":5},{"damage":0,"enemies":"Small Slimes","floor":5,"turns":3},{"damage":1,"enemies":"Cultist","floor":7,"turns":4},{"damage":25,"enemies":"Lagavulin","floor":8,"turns":7},{"damage":36,"enemies":"Hexaghost","floor":16,"turns":18},{"damage":14,"enemies":"2 Thieves","floor":18,"turns":5},{"damage":0,"enemies":"Spheric Guardian","floor":19,"turns":2},{"damage":17,"enemies":"Snake Plant","floor":21,"turns":6},{"damage":12,"enemies":"Centurion and Healer","floor":22,"turns":12},{"damage":0,"enemies":"Book of Stabbing","floor":23,"turns":1}],"relics_obtained":[{"floor":8,"key":"War Paint"},{"floor":9,"key":"Question Card"},{"floor":17,"key":"Ancient Tea Set"},{"floor":17,"key":"Gremlin Horn"},{"floor":17,"key":"Dead Branch"}],"event_choices":[{"event_name":"Liars Game","player_choice":"agreed","floor":2,"damage_taken":0},{"event_name":"Scrap Ooze","player_choice":"success","floor":3,"damage_taken":3},{"event_name":"World of Goop","player_choice":"Gather Gold","floor":4,"damage_taken":0},{"event_name":"The Woman in Blue","player_choice":"Bought 1 Potion","floor":20,"damage_taken":0}],"boss_relics":[{"not_picked":["Cursed Key","Tiny House"],"picked":"Calling Bell"}],"items_purged_floors":[11],"potions_floor_spawned":[5,7,18,19],"seed_played":"1534817364485132548","killed_by":"Book of Stabbing","ascension_level":6,"potions_obtained":[{"floor":5,"key":"Fire Potion"},{"floor":7,"key":"GamblersBrew"},{"floor":18,"key":"Block Potion"},{"floor":19,"key":"SkillPotion"},{"floor":20,"key":"AttackPotion"}],"is_trial":false}