{"gold_per_floor":[119,132,143,163,163,163,193,193,193,213,213,245,245,262,262,360,360,374,389,142,142,57,57],"floor_reached":23,"playtime":960,"items_purged":[],"score":364,"play_id":"5ba71cc1-dd49-412f-a7d8-111201eb73f3","local_time":"20181004144420","is_ascension_mode":true,"campfire_choices":[{"floor":6.0,"key":"REST"},{"floor":8.0,"key":"REST"},{"data":"Zap","floor":13.0,"key":"SMITH"},{"data":"Streamline","floor":15.0,"key":"SMITH"}],"neow_cost":"NONE","seed_source_timestamp":0,"circlet_count":0,"master_deck":["Strike_B","Strike_B","Strike_B","Strike_B","Defend_B","Defend_B","Defend_B","Defend_B","Zap+1","Dualcast","Self Repair","Streamline+1","Leap","Beam Cell","Conserve Battery","Conserve Battery","Doom and Gloom","Auto Shields","Creative AI","Blizzard","FTL"],"special_seed":0,"relics":["FrozenCore","NeowsBlessing","Symbiotic Virus","Sundial","Singing Bowl","The Courier","Pocketwatch","PreservedInsect"],"potions_floor_usage":[23,23,23],"damage_taken":[{"damage":0.0,"enemies":"Cultist","floor":1.0,"turns":1.0},{"damage":0.0,"enemies":"Jaw Worm","floor":2.0,"turns":1.0},{"damage":0.0,"enemies":"Small Slimes","floor":3.0,"turns":1.0},{"damage":27.0,"enemies":"Gremlin Gang","floor":4.0,"turns":6.0},{"damage":36.0,"enemies":"3 Sentries","floor":7.0,"turns":7.0},{"damage":0.0,"enemies":"Red Slaver","floor":10.0,"turns":5.0},{"damage":14.0,"enemies":"Lagavulin","floor":12.0,"turns":6.0},{"damage":5.0,"enemies":"Exordium Wildlife","floor":14.0,"turns":3.0},{"damage":0.0,"enemies":"Slime Boss","floor":16.0,"turns":6.0},{"damage":16.0,"enemies":"3 Byrds","floor":18.0,"turns":6.0},{"damage":24,"enemies":"Shell Parasite","floor":19,"turns":7},{"damage":33,"enemies":"Gremlin Leader","floor":23,"turns":4}],"seed_played":"7616775051701707162","potions_obtained":[{"floor":1.0,"key":"FearPotion"},{"floor":10.0,"key":"SteroidPotion"},{"floor":16.0,"key":"FocusPotion"},{"floor":18.0,"key":"Poison Potion"},{"floor":19,"key":"Poison Potion"}],"is_trial":false,"path_per_floor":["M","M","M","M","?","R","E","R","T","M","T","E","R","M","R","B",null,"M","M","$","?","?"],"character_chosen":"DEFECT","items_purchased":["Pocketwatch"],"campfire_rested":2,"item_purchase_floors":[20],"current_hp_per_floor":[68,68,68,41,46,70,34,58,58,65,65,58,58,53,53,60,75,66,42,42,42,42,9],"gold":57,"neow_bonus":"THREE_ENEMY_KILL","is_prod":false,"is_daily":false,"chose_seed":false,"campfire_upgraded":2,"win_rate":0,"timestamp":1538657060,"path_taken":["M","M","?","M","?","R","E","R","T","?","?","E","R","?","R","BOSS","M","M","?","?","?","E"],"build_version":"2018-09-27","purchased_purges":0,"victory":false,"max_hp_per_floor":[75,75,75,75,80,80,80,80,80,80,80,80,80,80,80,80,80,80,80,80,80,80,80],"card_choices":[{"not_picked":["Blizzard","Barrage"],"picked":"Self Repair","floor":1.0},{"not_picked":["Sweeping Beam","Compile Driver"],"picked":"Streamline","floor":2.0},{"not_picked":["Rebound","Steam Power"],"picked":"Leap","floor":3.0},{"not_picked":["Leap","Go for the Eyes"],"picked":"Beam Cell","floor":4.0},{"not_picked":["Go for the Eyes","Beam Cell"],"picked":"Conserve Battery","floor":7.0},{"not_picked":["Amplify","Barrage"],"picked":"Conserve Battery","floor":10.0},{"not_picked":["Beam Cell","Fission"],"picked":"Doom and Gloom","floor":12.0},{"not_picked":["Turbo","Sweeping Beam"],"picked":"Auto Shields","floor":14.0},{"not_picked":["Hyperbeam","Machine Learning"],"picked":"Creative AI","floor":16.0},{"not_picked":["Go for the Eyes","Auto Shields"],"picked":"Blizzard","floor":18.0},{"not_picked":["Sunder+1","Barrage+1"],"picked":"FTL","floor":19}],"player_experience":1031351,"relics_obtained":[{"floor":7.0,"key":"Symbiotic Virus"},{"floor":9.0,"key":"Sundial"},{"floor":11.0,"key":"Singing Bowl"},{"floor":12.0,"key":"The Courier"}],"event_choices":[{"event_name":"Big Fish","player_choice":"Donut","floor":5.0,"damage_taken":0.0},{"event_name":"Ghosts","player_choice":"Ignored","floor":21,"damage_taken":0},{"event_name":"Addict","player_choice":"Obtained Relic","floor":22,"damage_taken":0}],"is_beta":false,"boss_relics":[{"not_picked":["Lizard Tail","Coffee Dripper"],"picked":"FrozenCore"}],"items_purged_floors":[],"is_endless":false,"potions_floor_spawned":[1,10,16,18,19],"killed_by":"Gremlin Leader","ascension_level":9}