{"gold_per_floor":[118,118,118,137,98,125,125,143,168,168],"floor_reached":10,"playtime":130,"items_purged":[],"score":141,"play_id":"f93e1b60-c350-4598-813e-803908a8bf2f","local_time":"20181203025819","is_ascension_mode":true,"campfire_choices":[{"data":"Distraction","floor":7,"key":"SMITH"}],"neow_cost":"NONE","seed_source_timestamp":1316331287235867,"circlet_count":0,"master_deck":["AscendersBane","Defend_G","Defend_G","Defend_G","Defend_G","Defend_G","Strike_G","Strike_G","Strike_G","Strike_G","Survivor","Neutralize","Distraction+1","Cloak And Dagger","Backstab","Dodge and Roll","Dagger Spray"],"relics":["Ring of the Snake","NeowsBlessing","Bag of Marbles","Sundial","Juzu Bracelet"],"potions_floor_usage":[10],"damage_taken":[{"damage":0,"enemies":"Small Slimes","floor":1,"turns":1},{"damage":0,"enemies":"Jaw Worm","floor":4,"turns":1},{"damage":0,"enemies":"Lagavulin","floor":6,"turns":1},{"damage":0,"enemies":"Cultist","floor":8,"turns":2},{"damage":18,"enemies":"Gremlin Nob","floor":10,"turns":3}],"seed_played":"3526884886603245533","potions_obtained":[{"floor":1,"key":"GamblersBrew"}],"is_trial":false,"path_per_floor":["M","?","?","M","$","E","R","M","T","E"],"character_chosen":"THE_SILENT","items_purchased":["Backstab"],"campfire_rested":0,"item_purchase_floors":[5],"current_hp_per_floor":[63,56,56,56,56,56,56,56,56,38],"gold":168,"neow_bonus":"THREE_ENEMY_KILL","is_prod":false,"is_daily":false,"chose_seed":false,"campfire_upgraded":1,"win_rate":0,"timestamp":1543802299,"path_taken":["M","?","?","?","?","E","R","M","T","E"],"build_version":"2018-11-15","purchased_purges":0,"victory":false,"max_hp_per_floor":[70,70,70,70,70,70,70,70,70,70],"card_choices":[{"not_picked":["Dodge and Roll","Finisher"],"picked":"Distraction","floor":1},{"not_picked":["Finisher","Underhanded Strike"],"picked":"Cloak And Dagger","floor":4},{"not_picked":["Flying Knee","Prepared"],"picked":"Dodge and Roll","floor":6},{"not_picked":["Sucker Punch","Outmaneuver"],"picked":"Dagger Spray","floor":8}],"player_experience":1562020,"relics_obtained":[{"floor":6,"key":"Sundial"},{"floor":9,"key":"Juzu Bracelet"}],"event_choices":[{"damage_healed":0,"gold_gain":0,"player_choice":"Success","damage_taken":7,"relics_obtained":["Bag of Marbles"],"max_hp_gain":0,"max_hp_loss":0,"event_name":"Scrap Ooze","floor":2,"gold_loss":0},{"cards_removed":["Strike_G"],"damage_healed":0,"gold_gain":0,"player_choice":"Purged","damage_taken":0,"max_hp_gain":0,"max_hp_loss":0,"event_name":"Purifier","floor":3,"gold_loss":0}],"is_beta":false,"boss_relics":[],"items_purged_floors":[],"is_endless":false,"potions_floor_spawned":[1],"killed_by":"Gremlin Nob","ascension_level":11}