{"gold_per_floor":[126,154,166,77,89,89,116,116,141,176,76,93,93,124,124,195,195,214,89,99,99,99,99],"floor_reached":23,"playtime":1423,"items_purged":["Pain","Defend_R","Strike_R"],"score":394,"play_id":"7ae41c2d-3be9-42b7-a83f-66c660909beb","local_time":"20190126111135","is_ascension_mode":true,"campfire_choices":[{"data":"Rage","floor":6,"key":"SMITH"},{"data":"Iron Wave","floor":8,"key":"SMITH"},{"data":"Evolve","floor":13,"key":"SMITH"},{"floor":15,"key":"REST"}],"neow_cost":"NONE","seed_source_timestamp":13186090560219833,"circlet_count":0,"master_deck":["AscendersBane","Strike_R","Strike_R","Strike_R","Defend_R","Defend_R","Defend_R","Bash","Iron Wave+1","Evolve+1","Cleave","Rage+1","Rampage","Spot Weakness","Headbutt","Sever Soul","Berserk","Rage+1"],"relics":["Burning Blood","MawBank","WarpedTongs","Orichalcum","Strawberry","Matryoshka","FossilizedHelix","Eternal Feather"],"potions_floor_usage":[2,7,16,16,23,23],"damage_taken":[{"damage":0,"enemies":"Small Slimes","floor":1,"turns":3},{"damage":5,"enemies":"Cultist","floor":2,"turns":4},{"damage":5,"enemies":"2 Louse","floor":5,"turns":3},{"damage":0,"enemies":"Gremlin Nob","floor":7,"turns":3},{"damage":4,"enemies":"3 Sentries","floor":10,"turns":8},{"damage":2,"enemies":"Large Slime","floor":12,"turns":5},{"damage":42,"enemies":"Gremlin Nob","floor":14,"turns":5},{"damage":31,"enemies":"The Guardian","floor":16,"turns":10},{"damage":45,"enemies":"3 Byrds","floor":18,"turns":7},{"damage":29,"enemies":"Spheric Guardian","floor":20,"turns":4},{"damage":27,"enemies":"Slavers","floor":23,"turns":3}],"seed_played":"-8524381019401332200","potions_obtained":[{"floor":1,"key":"Fruit Juice"},{"floor":2,"key":"AttackPotion"},{"floor":7,"key":"Strength Potion"},{"floor":14,"key":"Swift Potion"},{"floor":16,"key":"Strength Potion"},{"floor":20,"key":"Ancient Potion"}],"is_trial":false,"path_per_floor":["M","M","?","$","M","R","E","R","T","E","$","M","R","E","R","B",null,"M","$","M","?","?","E"],"character_chosen":"IRONCLAD","items_purchased":["Cleave"],"campfire_rested":1,"item_purchase_floors":[4],"current_hp_per_floor":[74,80,80,80,80,80,80,80,87,87,87,87,87,51,77,52,78,39,39,16,16,16,0],"gold":99,"neow_bonus":"RANDOM_COMMON_RELIC","is_prod":false,"is_daily":false,"chose_seed":false,"campfire_upgraded":3,"win_rate":0,"timestamp":1548497495,"path_taken":["M","M","?","?","M","R","E","R","T","E","$","M","R","E","R","BOSS","M","$","M","?","?","E"],"build_version":"2019-01-23","purchased_purges":3,"victory":false,"max_hp_per_floor":[75,80,80,80,80,80,80,80,87,87,87,87,87,87,87,87,87,87,87,87,87,87,87],"card_choices":[{"not_picked":["Whirlwind","Flex"],"picked":"Iron Wave","floor":1},{"not_picked":["Twin Strike","Inflame"],"picked":"Evolve","floor":2},{"not_picked":["Metallicize","Thunderclap"],"picked":"Rage","floor":5},{"not_picked":["Heavy Blade","Dual Wield"],"picked":"Rampage","floor":7},{"not_picked":["Clash","Fire Breathing"],"picked":"Spot Weakness","floor":10},{"not_picked":["Clothesline","Sword Boomerang"],"picked":"Headbutt","floor":12},{"not_picked":["Clothesline","Shrug It Off"],"picked":"Sever Soul","floor":14},{"not_picked":["Double Tap","Bludgeon"],"picked":"Berserk","floor":16},{"not_picked":["Perfected Strike","Thunderclap","Twin Strike"],"picked":"SKIP","floor":18},{"not_picked":["Fire Breathing","Anger","Hemokinesis"],"picked":"SKIP","floor":20}],"player_experience":335529,"relics_obtained":[{"floor":7,"key":"Orichalcum"},{"floor":9,"key":"Strawberry"},{"floor":10,"key":"Matryoshka"},{"floor":14,"key":"FossilizedHelix"}],"event_choices":[{"damage_healed":0,"gold_gain":0,"player_choice":"Rummage","damage_taken":0,"relics_obtained":["WarpedTongs"],"max_hp_gain":0,"max_hp_loss":0,"event_name":"Accursed Blacksmith","floor":3,"gold_loss":0,"cards_obtained":["Pain"]},{"cards_removed":["Strike_R"],"damage_healed":0,"gold_gain":0,"player_choice":"Elegance","damage_taken":0,"max_hp_gain":0,"max_hp_loss":0,"event_name":"Back to Basics","floor":21,"gold_loss":0},{"damage_healed":0,"gold_gain":0,"player_choice":"Copied","damage_taken":0,"max_hp_gain":0,"max_hp_loss":0,"event_name":"Duplicator","floor":22,"gold_loss":0,"cards_obtained":["Rage"]}],"is_beta":false,"boss_relics":[{"not_picked":["Velvet Choker","Snecko Eye"],"picked":"Eternal Feather"}],"items_purged_floors":[4,11,19],"is_endless":false,"potions_floor_spawned":[1,2,7,14,16,20],"killed_by":"Slavers","ascension_level":14}