{"gold_per_floor":[119,6,6,16,31,31,57,57,130,149,167,67,81,94,94,191,191,211,211,226,101,200,231,246,246,272,288,288,299,309,84,84,188,188,202,220,70,70,0,0,29,29,102,32,47,65,75,93,93,93,93,93,41,71,71],"floor_reached":56,"playtime":4211,"items_purged":["Strike_B","Strike_B","Strike_B","Strike_B"],"score":1178,"play_id":"54f5a0e2-a56e-4ab0-893f-a5b06fc835d3","local_time":"20190221183400","is_ascension_mode":false,"campfire_choices":[{"data":"Recycle","floor":6,"key":"SMITH"},{"data":"Dualcast","floor":8,"key":"SMITH"},{"data":"Hologram","floor":15,"key":"SMITH"},{"floor":25,"key":"REST"},{"data":"Coolheaded","floor":28,"key":"SMITH"},{"data":"Fission","floor":32,"key":"SMITH"},{"data":"Coolheaded","floor":40,"key":"SMITH"},{"floor":42,"key":"REST"},{"floor":49,"key":"RECALL"},{"data":"Defragment","floor":52,"key":"SMITH"}],"neow_cost":"NONE","seed_source_timestamp":0,"circlet_count":0,"master_deck":["Defend_B","Defend_B","Defend_B","Defend_B","Zap+1","Dualcast+1","FTL","Recycle+1","Ball Lightning","Cold Snap","Gash","Hologram+1","Core Surge","Echo Form","Coolheaded+1","Genetic Algorithm","Conserve Battery","Skim","Compile Driver","Fission+1","Coolheaded+1","Impatience","Finesse","Deep Breath","Glacier+1","Defragment+1","Gash+1"],"relics":["Cracked Core","NeowsBlessing","Bag of Preparation","White Beast Statue","Calipers","Oddly Smooth Stone","Happy Flower","Philosopher\u0027s Stone","Red Mask","Peace Pipe","Bottled Flame","DataDisk"],"potions_floor_usage":[23,23,27,29,30,33,35,41,45,50,55,55,55],"damage_taken":[{"damage":0,"enemies":"Small Slimes","floor":1,"turns":1},{"damage":0,"enemies":"Cultist","floor":4,"turns":1},{"damage":0,"enemies":"Jaw Worm","floor":5,"turns":1},{"damage":12,"enemies":"Lagavulin","floor":7,"turns":6},{"damage":0,"enemies":"Looter","floor":10,"turns":2},{"damage":0,"enemies":"Large Slime","floor":11,"turns":4},{"damage":0,"enemies":"Blue Slaver","floor":13,"turns":2},{"damage":0,"enemies":"2 Fungi Beasts","floor":14,"turns":2},{"damage":23,"enemies":"The Guardian","floor":16,"turns":11},{"damage":3,"enemies":"Spheric Guardian","floor":18,"turns":3},{"damage":4,"enemies":"3 Byrds","floor":20,"turns":5},{"damage":37,"enemies":"Slavers","floor":23,"turns":6},{"damage":9,"enemies":"Sentry and Sphere","floor":24,"turns":5},{"damage":0,"enemies":"Centurion and Healer","floor":27,"turns":5},{"damage":0,"enemies":"Chosen and Byrds","floor":29,"turns":6},{"damage":0,"enemies":"3 Cultists","floor":30,"turns":5},{"damage":43,"enemies":"Automaton","floor":33,"turns":9},{"damage":0,"enemies":"3 Darklings","floor":35,"turns":5},{"damage":0,"enemies":"3 Shapes","floor":36,"turns":5},{"damage":52,"enemies":"Nemesis","floor":41,"turns":11},{"damage":4,"enemies":"Spire Growth","floor":45,"turns":5},{"damage":0,"enemies":"Sphere and 2 Shapes","floor":46,"turns":4},{"damage":4,"enemies":"Transient","floor":47,"turns":5},{"damage":1,"enemies":"Jaw Worm Horde","floor":48,"turns":4},{"damage":31,"enemies":"Awakened One","floor":50,"turns":11},{"damage":0,"enemies":"Shield and Spear","floor":54,"turns":7},{"damage":26,"enemies":"The Heart","floor":55,"turns":11}],"seed_played":"-7554730940685468872","potions_obtained":[{"floor":1,"key":"Regen Potion"},{"floor":7,"key":"Swift Potion"},{"floor":16,"key":"EssenceOfSteel"},{"floor":18,"key":"FocusPotion"},{"floor":23,"key":"AttackPotion"},{"floor":24,"key":"AttackPotion"},{"floor":27,"key":"Strength Potion"},{"floor":29,"key":"FairyPotion"},{"floor":30,"key":"LiquidBronze"},{"floor":33,"key":"FearPotion"},{"floor":35,"key":"GamblersBrew"},{"floor":41,"key":"Strength Potion"},{"floor":45,"key":"LiquidBronze"},{"floor":47,"key":"LiquidBronze"},{"floor":54,"key":"PowerPotion"}],"is_trial":false,"path_per_floor":["M","$","?","M","M","R","E","R","T","M","M","$","M","M","R","B",null,"M","?","M","$","?","E","M","R","T","M","R","M","M","$","R","B",null,"M","M","$","?","?","R","E","R","T","$","M","M","M","M","R","B",null,"R","$","E","B",null],"character_chosen":"DEFECT","items_purchased":["Recycle","Fission","Happy Flower","Defragment","Dexterity Potion"],"campfire_rested":2,"item_purchase_floors":[2,31,31,44,53],"current_hp_per_floor":[75,75,75,75,75,75,63,63,63,63,63,63,63,63,63,40,75,72,72,68,68,68,31,22,44,44,44,44,44,44,44,44,1,75,75,75,75,65,65,65,13,35,35,35,31,31,27,26,26,7,75,75,75,75,49],"gold":71,"neow_bonus":"THREE_ENEMY_KILL","is_prod":false,"is_daily":false,"chose_seed":true,"campfire_upgraded":7,"win_rate":0,"timestamp":1550741640,"path_taken":["M","$","?","M","?","R","E","R","T","M","M","$","M","M","R","BOSS","M","?","M","$","?","E","M","R","T","M","R","M","M","$","R","BOSS","M","M","$","?","?","R","E","R","T","?","M","M","M","M","R","BOSS","R","$","E","BOSS"],"build_version":"2019-01-23","purchased_purges":4,"victory":true,"max_hp_per_floor":[75,75,75,75,75,75,75,75,75,75,75,75,75,75,75,75,75,75,75,75,75,75,75,75,75,75,75,75,75,75,75,75,75,75,75,75,75,75,75,75,75,75,75,75,75,75,75,75,75,75,75,75,75,75,75],"card_choices":[{"not_picked":["Rebound","Redo"],"picked":"FTL","floor":1},{"not_picked":["Steam Power","Genetic Algorithm"],"picked":"Ball Lightning","floor":4},{"not_picked":["Go for the Eyes","Rebound"],"picked":"Cold Snap","floor":5},{"not_picked":["Capacitor","Beam Cell"],"picked":"Gash","floor":7},{"not_picked":["Stack","Force Field","Rip and Tear"],"picked":"SKIP","floor":10},{"not_picked":["Chaos","Rebound"],"picked":"Hologram","floor":11},{"not_picked":["Scrape","Ball Lightning","Steam"],"picked":"SKIP","floor":13},{"not_picked":["Storm","Go for the Eyes"],"picked":"Core Surge","floor":14},{"not_picked":["Amplify","Creative AI"],"picked":"Echo Form","floor":16},{"not_picked":["Go for the Eyes+1","Steam+1","Recycle"],"picked":"SKIP","floor":18},{"not_picked":["Hologram+1","Streamline"],"picked":"Genetic Algorithm","floor":20},{"not_picked":["Heatsinks","Melter+1"],"picked":"Conserve Battery","floor":23},{"not_picked":["Capacitor","Fusion+1","Hologram+1"],"picked":"SKIP","floor":24},{"not_picked":["Melter","Turbo","Steam"],"picked":"SKIP","floor":27},{"not_picked":["Recycle","Steam"],"picked":"Skim","floor":29},{"not_picked":["Stack","Heatsinks"],"picked":"Compile Driver","floor":30},{"not_picked":["Chaos+1","Melter","Compile Driver"],"picked":"SKIP","floor":35},{"not_picked":["Redo","Tempest"],"picked":"Coolheaded","floor":36},{"not_picked":["Discovery","Chrysalis"],"picked":"Impatience","floor":38},{"not_picked":["Forethought","Secret Weapon"],"picked":"Finesse","floor":38},{"not_picked":["Swift Strike","PanicButton"],"picked":"Deep Breath","floor":38},{"not_picked":["Redo","Conserve Battery+1"],"picked":"Glacier+1","floor":41},{"not_picked":["Force Field","Streamline","Hologram"],"picked":"SKIP","floor":45},{"not_picked":["Compile Driver","Consume+1","Cold Snap+1"],"picked":"SKIP","floor":46},{"not_picked":["Coolheaded","Turbo"],"picked":"Gash+1","floor":47},{"not_picked":["Steam+1","Sweeping Beam","Compile Driver"],"picked":"SKIP","floor":48},{"not_picked":["Turbo+1","Steam+1","Rip and Tear+1"],"picked":"SKIP","floor":54}],"player_experience":646158,"relics_obtained":[{"floor":7,"key":"Bag of Preparation"},{"floor":23,"key":"Calipers"},{"floor":26,"key":"Oddly Smooth Stone"},{"floor":41,"key":"Peace Pipe"},{"floor":43,"key":"Bottled Flame"},{"floor":54,"key":"DataDisk"}],"event_choices":[{"damage_healed":0,"gold_gain":0,"player_choice":"Upgraded","damage_taken":0,"max_hp_gain":0,"max_hp_loss":0,"event_name":"Upgrade Shrine","floor":3,"gold_loss":0,"cards_upgraded":["Zap"]},{"damage_healed":0,"gold_gain":0,"player_choice":"Read","damage_taken":0,"max_hp_gain":0,"max_hp_loss":0,"event_name":"The Library","floor":19,"gold_loss":0,"cards_obtained":["Coolheaded"]},{"damage_healed":0,"gold_gain":99,"player_choice":"Stole From Cult","damage_taken":0,"max_hp_gain":0,"max_hp_loss":0,"event_name":"Nest","floor":22,"gold_loss":0},{"damage_healed":0,"gold_gain":0,"player_choice":"Memory 3","damage_taken":10,"max_hp_gain":0,"max_hp_loss":0,"event_name":"SensoryStone","floor":38,"gold_loss":0},{"damage_healed":0,"gold_gain":0,"player_choice":"Paid","damage_taken":0,"relics_obtained":["Red Mask"],"max_hp_gain":0,"max_hp_loss":0,"event_name":"Tomb of Lord Red Mask","floor":39,"gold_loss":70}],"is_beta":false,"boss_relics":[{"not_picked":["Fusion Hammer","Lizard Tail"],"picked":"White Beast Statue"},{"not_picked":["Runic Dome","Tiny House"],"picked":"Philosopher\u0027s Stone"}],"items_purged_floors":[2,12,21,37],"is_endless":false,"potions_floor_spawned":[1,7,16,18,20,23,24,27,29,30,33,35,36,41,45,46,47,48,54],"ascension_level":0}