{"path_per_floor":["M","M","?","?","M","R","E","R","T","R","E","T","?","$","R","B",null,"M","?","M","?","?"],"character_chosen":"IRONCLAD","items_purchased":["Spot Weakness"],"gold_per_floor":[13,29,29,29,45,45,78,78,146,146,173,173,173,24,24,121,121,136,136,146,146,146,146],"floor_reached":23,"campfire_rested":1,"playtime":1676,"item_purchase_floors":[14],"current_hp_per_floor":[70,76,69,80,80,80,67,67,67,67,49,49,42,42,66,22,66,55,55,7,35,35,0],"items_purged":["Strike_R"],"gold":146,"score":254,"play_id":"efbc2ee2-7004-45bb-8f8e-c6d97b9c4894","local_time":"20180602234640","is_prod":false,"is_daily":false,"chose_seed":false,"is_ascension_mode":true,"campfire_upgraded":3,"win_rate":0,"timestamp":1527976000,"campfire_choices":[{"data":"Bash","floor":6,"key":"SMITH"},{"data":"Thunderclap","floor":8,"key":"SMITH"},{"data":"Feed","floor":10,"key":"SMITH"},{"floor":15,"key":"REST"}],"path_taken":["M","M","?","?","?","R","E","R","T","R","E","?","?","$","R","BOSS","M","?","M","?","?","E"],"build_version":"2018-05-31","seed_source_timestamp":15856015340002,"purchased_purges":1,"victory":false,"master_deck":["Strike_R","Strike_R","Defend_R","Defend_R","Defend_R","Bash+1","Intimidate","Dropkick","Pommel Strike","Thunderclap+1","Ghostly Armor","Feed+1","Thunderclap","Spot Weakness","Bludgeon+1","Shrug It Off","Decay","Armaments"],"max_hp_per_floor":[80,80,80,80,80,80,80,80,80,80,80,80,80,80,80,80,80,84,84,84,84,84,84],"relics":["Burning Blood","Anchor","Gremlin Horn","Toolbox","Potion Belt","Question Card","Eternal Feather"],"card_choices":[{"not_picked":["Blood for Blood","Clash"],"picked":"Pommel Strike","floor":1},{"not_picked":["Disarm","Twin Strike"],"picked":"Thunderclap","floor":2},{"not_picked":["Headbutt","Battle Trance"],"picked":"Ghostly Armor","floor":5},{"not_picked":["Infernal Blade","Headbutt"],"picked":"Feed","floor":7},{"not_picked":["Twin Strike","Infernal Blade"],"picked":"Thunderclap","floor":11},{"not_picked":["Berserk","Brutality","Double Tap"],"picked":"Bludgeon","floor":16},{"not_picked":["Rage","Headbutt+1","Flex"],"picked":"Shrug It Off","floor":18},{"not_picked":["Thunderclap","Infernal Blade","Evolve"],"picked":"Armaments","floor":20}],"player_experience":544388,"potions_floor_usage":[7,23],"damage_taken":[{"damage":8,"enemies":"Jaw Worm","floor":1,"turns":4},{"damage":0,"enemies":"2 Louse","floor":2,"turns":2},{"damage":0,"enemies":"Small Slimes","floor":5,"turns":2},{"damage":19,"enemies":"3 Sentries","floor":7,"turns":9},{"damage":24,"enemies":"Gremlin Nob","floor":11,"turns":4},{"damage":50,"enemies":"The Guardian","floor":16,"turns":10},{"damage":21,"enemies":"2 Thieves","floor":18,"turns":4},{"damage":54,"enemies":"3 Byrds","floor":20,"turns":6},{"damage":36,"enemies":"Book of Stabbing","floor":23,"turns":5}],"relics_obtained":[{"floor":7,"key":"Gremlin Horn"},{"floor":9,"key":"Toolbox"},{"floor":11,"key":"Potion Belt"},{"floor":12,"key":"Question Card"}],"event_choices":[{"event_name":"Scrap Ooze","player_choice":"success","floor":3,"damage_taken":7},{"event_name":"Big Fish","player_choice":"Banana","floor":4,"damage_taken":0},{"event_name":"Golden Wing","player_choice":"Card Removal","floor":13,"damage_taken":0},{"event_name":"Wheel of Change","player_choice":"Curse","floor":19,"damage_taken":0},{"event_name":"The Library","player_choice":"Heal","floor":21,"damage_taken":0},{"event_name":"Upgrade Shrine","player_choice":"Upgraded","floor":22,"damage_taken":0}],"boss_relics":[{"not_picked":["Pandora\u0027s Box","Ectoplasm"],"picked":"Eternal Feather"}],"items_purged_floors":[14],"potions_floor_spawned":[5,7,20],"seed_played":"1031225494315378884","killed_by":"Book of Stabbing","ascension_level":6,"potions_obtained":[{"floor":5,"key":"Block Potion"},{"floor":7,"key":"Explosive Potion"},{"floor":20,"key":"SkillPotion"}],"is_trial":false}