{"gold_per_floor":[114,289,61,61,76,104,104,104,157,157,182],"floor_reached":11,"playtime":8993,"items_purged":["Doubt"],"score":144,"play_id":"a7e2500c-8c9a-4b9a-a7ec-2d9ab32085bc","local_time":"20181201154631","is_ascension_mode":true,"campfire_choices":[{"data":"Deadly Poison","floor":8,"key":"SMITH"}],"neow_cost":"NONE","seed_source_timestamp":1180686861090649,"circlet_count":0,"master_deck":["AscendersBane","Defend_G","Defend_G","Defend_G","Defend_G","Defend_G","Strike_G","Strike_G","Strike_G","Strike_G","Strike_G","Survivor","Neutralize","Deadly Poison+1","Prepared","Dagger Spray"],"relics":["Ring of the Snake","NeowsBlessing","Art of War","GremlinMask","Mercury Hourglass","Pen Nib","Bronze Scales","Golden Idol"],"potions_floor_usage":[],"damage_taken":[{"damage":0,"enemies":"2 Louse","floor":1,"turns":1},{"damage":0,"enemies":"Cultist","floor":5,"turns":1},{"damage":0,"enemies":"Lagavulin","floor":6,"turns":2},{"damage":1,"enemies":"Jaw Worm","floor":11,"turns":3}],"seed_played":"-4349446632829728557","potions_obtained":[{"floor":1,"key":"Regen Potion"}],"is_trial":false,"path_per_floor":["M","?","$","?","M","E","T","R","T","?","M"],"character_chosen":"THE_SILENT","items_purchased":["Art of War"],"campfire_rested":0,"item_purchase_floors":[3],"current_hp_per_floor":[63,63,63,63,63,63,63,63,63,46,45],"gold":182,"neow_bonus":"THREE_ENEMY_KILL","is_prod":false,"is_daily":false,"chose_seed":false,"campfire_upgraded":1,"win_rate":0,"timestamp":1543675591,"path_taken":["M","?","$","?","?","E","?","R","T","?","M"],"build_version":"2018-11-15","purchased_purges":1,"victory":false,"max_hp_per_floor":[70,70,70,70,70,70,70,70,70,70,70],"card_choices":[{"not_picked":["Terror","PiercingWail"],"picked":"Deadly Poison","floor":1},{"not_picked":["Heel Hook","Underhanded Strike"],"picked":"Prepared","floor":5},{"not_picked":["Endless Agony","Slice"],"picked":"Dagger Spray","floor":6}],"player_experience":1480217,"relics_obtained":[{"floor":6,"key":"Mercury Hourglass"},{"floor":7,"key":"Pen Nib"},{"floor":9,"key":"Bronze Scales"}],"event_choices":[{"damage_healed":0,"gold_gain":175,"player_choice":"AGREE","damage_taken":0,"max_hp_gain":0,"max_hp_loss":0,"event_name":"Liars Game","floor":2,"gold_loss":0,"cards_obtained":["Doubt"]},{"damage_healed":0,"gold_gain":0,"player_choice":"Trade","damage_taken":0,"relics_obtained":["GremlinMask"],"max_hp_gain":0,"max_hp_loss":0,"event_name":"FaceTrader","floor":4,"gold_loss":0},{"damage_healed":0,"gold_gain":0,"player_choice":"Take Damage","damage_taken":17,"relics_obtained":["Golden Idol"],"max_hp_gain":0,"max_hp_loss":0,"event_name":"Golden Idol","floor":10,"gold_loss":0}],"is_beta":false,"boss_relics":[],"items_purged_floors":[3],"is_endless":false,"potions_floor_spawned":[1],"killed_by":"Jaw Worm","ascension_level":10}