{"gold_per_floor":[112,187,187,112,131,143,143,160,185,185,220,237,253,287,287,386,386,386,386,92,92,92,92,92,92,92,92,92,92,92,92,92,92,92,92,22,22,22,0,0,0,0,0,0,0,0,0,0,0,0,0,0,0,0,0],"floor_reached":56,"playtime":2242,"items_purged":["Regret"],"score":1119,"play_id":"7ccde15d-fc3c-4366-bb8e-34978ce8b1ac","local_time":"20181031184411","is_ascension_mode":false,"campfire_choices":[{"data":"Predator","floor":7.0,"key":"SMITH"},{"data":"Noxious Fumes","floor":10.0,"key":"SMITH"},{"data":"Terror","floor":15.0,"key":"SMITH"},{"data":"After Image","floor":23.0,"key":"SMITH"},{"data":"Cloak And Dagger","floor":25.0,"key":"SMITH"},{"data":"Tactician","floor":30.0,"key":"SMITH"},{"data":"Neutralize","floor":32.0,"key":"SMITH"},{"data":"Footwork","floor":40.0,"key":"SMITH"},{"floor":42.0,"key":"RECALL"},{"data":"Catalyst","floor":49.0,"key":"SMITH"},{"data":"Calculated Gamble","floor":52,"key":"SMITH"}],"neow_cost":"NONE","seed_source_timestamp":51360103115761,"circlet_count":0,"master_deck":["Defend_G+1","Defend_G+1","Defend_G+1","Defend_G+1","Defend_G+1","Strike_G+1","Strike_G+1","Strike_G+1","Strike_G+1","Strike_G+1","Survivor","Neutralize+1","Predator+1","Dagger Throw","Dagger Spray","Noxious Fumes+1","Terror+1","Escape Plan","Cloak And Dagger+1","Accuracy","After Image+1","Prepared+1","Catalyst+1","Acrobatics+1","Tactician+1","RitualDagger","Bouncing Flask+1","Tools of the Trade","Footwork+1","Calculated Gamble+1","Backstab+1","Catalyst+1","Well Laid Plans+1","Backflip+1","Footwork+1","Leg Sweep+1","Infinite Blades"],"special_seed":0,"relics":["Ring of the Serpent","NeowsBlessing","Bag of Marbles","Pen Nib","Tingsha","Meat on the Bone","Ectoplasm","Bronze Scales","Bag of Preparation","Boot","Red Mask","Potion Belt","Kunai","Bird Faced Urn","Pocketwatch"],"potions_floor_usage":[50,55,55,55,55],"damage_taken":[{"damage":0.0,"enemies":"Small Slimes","floor":1.0,"turns":1.0},{"damage":0.0,"enemies":"Jaw Worm","floor":5.0,"turns":1.0},{"damage":0.0,"enemies":"Cultist","floor":6.0,"turns":1.0},{"damage":2.0,"enemies":"Looter","floor":8.0,"turns":2.0},{"damage":11.0,"enemies":"3 Sentries","floor":11.0,"turns":4.0},{"damage":0.0,"enemies":"2 Fungi Beasts","floor":12.0,"turns":2.0},{"damage":0.0,"enemies":"Blue Slaver","floor":13.0,"turns":3.0},{"damage":3.0,"enemies":"Lagavulin","floor":14.0,"turns":5.0},{"damage":26.0,"enemies":"The Guardian","floor":16.0,"turns":9.0},{"damage":0.0,"enemies":"Shell Parasite","floor":18.0,"turns":2.0},{"damage":0.0,"enemies":"Chosen","floor":21.0,"turns":3.0},{"damage":3.0,"enemies":"Shelled Parasite and Fungi","floor":24.0,"turns":3.0},{"damage":3.0,"enemies":"Gremlin Leader","floor":27.0,"turns":4.0},{"damage":2.0,"enemies":"Snake Plant","floor":28.0,"turns":2.0},{"damage":0.0,"enemies":"3 Cultists","floor":31.0,"turns":3.0},{"damage":17.0,"enemies":"Collector","floor":33.0,"turns":5.0},{"damage":1.0,"enemies":"3 Shapes","floor":35.0,"turns":3.0},{"damage":0.0,"enemies":"3 Darklings","floor":37.0,"turns":4.0},{"damage":0.0,"enemies":"4 Shapes","floor":38.0,"turns":3.0},{"damage":0.0,"enemies":"Giant Head","floor":41.0,"turns":7.0},{"damage":1.0,"enemies":"Maw","floor":45.0,"turns":6.0},{"damage":0.0,"enemies":"3 Darklings","floor":46.0,"turns":5.0},{"damage":0.0,"enemies":"Nemesis","floor":47.0,"turns":5.0},{"damage":0.0,"enemies":"Transient","floor":48.0,"turns":5.0},{"damage":5,"enemies":"Time Eater","floor":50,"turns":8},{"damage":0,"enemies":"Shield and Spear","floor":54,"turns":6},{"damage":41,"enemies":"The Heart","floor":55,"turns":8}],"seed_played":"-8861775556805931961","potions_obtained":[{"floor":1.0,"key":"Explosive Potion"},{"floor":5.0,"key":"EssenceOfSteel"},{"floor":8.0,"key":"EssenceOfSteel"},{"floor":11.0,"key":"EntropicBrew"},{"floor":16.0,"key":"Energy Potion"},{"floor":18.0,"key":"Energy Potion"},{"floor":24.0,"key":"Strength Potion"},{"floor":28.0,"key":"SpeedPotion"},{"floor":37.0,"key":"GamblersBrew"},{"floor":45.0,"key":"Poison Potion"},{"floor":46.0,"key":"GamblersBrew"},{"floor":48.0,"key":"LiquidBronze"}],"is_trial":false,"path_per_floor":["M","?","?","$","M","M","R","M","T","R","E","M","M","E","R","B",null,"M","?","$","M","?","R","M","R","T","E","M","?","R","M","R","B",null,"M","$","M","M","?","R","E","R","T","?","M","M","E","M","R","B",null,"R","$","E","B",null],"character_chosen":"THE_SILENT","items_purchased":["Bronze Scales","Bag of Preparation","Calculated Gamble"],"campfire_rested":0,"item_purchase_floors":[20,20,36],"current_hp_per_floor":[70,59,59,59,59,59,59,57,57,57,46,46,46,43,43,29,70,70,70,70,70,57,57,54,54,54,51,49,43,43,43,43,38,75,74,74,74,74,74,74,74,74,74,71,70,70,70,71,71,71,71,71,71,71,39],"gold":0,"neow_bonus":"THREE_ENEMY_KILL","is_prod":false,"is_daily":false,"chose_seed":false,"campfire_upgraded":10,"win_rate":0,"timestamp":1541025851,"path_taken":["M","?","?","?","?","M","R","M","T","R","E","M","M","E","R","BOSS","M","?","$","M","?","R","M","R","T","E","M","?","R","M","R","BOSS","M","$","M","M","?","R","E","R","T","?","M","M","E","M","R","BOSS","R","$","E","BOSS"],"build_version":"2018-10-30","purchased_purges":1,"victory":true,"max_hp_per_floor":[70,70,70,70,70,70,70,70,70,70,70,70,70,70,70,70,70,70,70,70,70,75,75,75,75,75,75,75,75,75,75,75,75,75,75,75,75,75,75,75,75,75,75,71,71,71,71,71,71,71,71,71,71,71,71],"card_choices":[{"not_picked":["Reflex","Backflip"],"picked":"Predator","floor":1.0},{"not_picked":["Dodge and Roll","Outmaneuver"],"picked":"Dagger Throw","floor":5.0},{"not_picked":["Choke","Sucker Punch"],"picked":"Dagger Spray","floor":6.0},{"not_picked":["Backflip","Reflex"],"picked":"Noxious Fumes","floor":8.0},{"not_picked":["Bane","Quick Slash"],"picked":"Terror","floor":11.0},{"not_picked":["Dagger Spray","Acrobatics"],"picked":"Escape Plan","floor":12.0},{"not_picked":["Dagger Throw","Dagger Spray"],"picked":"Cloak And Dagger","floor":13.0},{"not_picked":["Acrobatics","Quick Slash"],"picked":"Accuracy","floor":14.0},{"not_picked":["Tools of the Trade","Phantasmal Killer"],"picked":"After Image","floor":16.0},{"not_picked":["Concentrate+1","Catalyst"],"picked":"Prepared+1","floor":18.0},{"not_picked":["Blade Dance","Quick Slash+1"],"picked":"Catalyst+1","floor":21.0},{"not_picked":["Envenom","Flying Knee+1"],"picked":"Acrobatics+1","floor":24.0},{"not_picked":["Bane","Underhanded Strike"],"picked":"Tactician","floor":27.0},{"not_picked":["Heel Hook","Finisher","Predator"],"picked":"SKIP","floor":28.0},{"not_picked":["Outmaneuver+1","Acrobatics+1"],"picked":"Bouncing Flask+1","floor":31.0},{"not_picked":["Doppelganger","Storm of Steel"],"picked":"Tools of the Trade","floor":33.0},{"not_picked":["Riddle With Holes+1","Bane+1"],"picked":"Footwork","floor":35.0},{"not_picked":["Slice+1","Sucker Punch+1"],"picked":"Backstab+1","floor":37.0},{"not_picked":["Cloak And Dagger+1","Quick Slash"],"picked":"Catalyst","floor":38.0},{"not_picked":["Venomology","Quick Slash"],"picked":"Well Laid Plans+1","floor":41.0},{"not_picked":["Dagger Spray","Expertise+1"],"picked":"Backflip+1","floor":45.0},{"not_picked":["Dagger Spray+1","Flying Knee","Distraction+1"],"picked":"SKIP","floor":46.0},{"not_picked":["Flying Knee+1","Underhanded Strike"],"picked":"Footwork+1","floor":47.0},{"not_picked":["Deflect+1","Poisoned Stab+1"],"picked":"Leg Sweep+1","floor":48.0},{"not_picked":["Backflip+1","Dodge and Roll+1"],"picked":"Infinite Blades","floor":54}],"player_experience":1128969,"relics_obtained":[{"floor":9.0,"key":"Pen Nib"},{"floor":11.0,"key":"Tingsha"},{"floor":14.0,"key":"Meat on the Bone"},{"floor":27.0,"key":"Boot"},{"floor":41.0,"key":"Potion Belt"},{"floor":43.0,"key":"Kunai"},{"floor":47.0,"key":"Bird Faced Urn"},{"floor":54,"key":"Pocketwatch"}],"event_choices":[{"damage_healed":0.0,"max_hp_gain":0.0,"max_hp_loss":0.0,"gold_gain":75.0,"event_name":"World of Goop","player_choice":"Gather Gold","floor":2.0,"gold_loss":0.0,"damage_taken":11.0},{"damage_healed":0.0,"max_hp_gain":0.0,"max_hp_loss":0.0,"gold_gain":0.0,"event_name":"Big Fish","player_choice":"Box","floor":3.0,"gold_loss":0.0,"damage_taken":0.0,"relics_obtained":["Bag of Marbles"],"cards_obtained":["Regret"]},{"damage_healed":0.0,"max_hp_gain":0.0,"max_hp_loss":0.0,"gold_gain":0.0,"event_name":"Back to Basics","player_choice":"Simplicity","floor":19.0,"gold_loss":0.0,"damage_taken":0.0,"cards_upgraded":["Defend_G","Defend_G","Defend_G","Defend_G","Defend_G","Strike_G","Strike_G","Strike_G","Strike_G","Strike_G"]},{"damage_healed":0.0,"max_hp_gain":5.0,"max_hp_loss":0.0,"gold_gain":0.0,"event_name":"Forgotten Altar","player_choice":"Shed Blood","floor":22.0,"gold_loss":0.0,"damage_taken":18.0},{"damage_healed":0.0,"max_hp_gain":0.0,"max_hp_loss":0.0,"gold_gain":0.0,"event_name":"Nest","player_choice":"Joined the Cult","floor":29.0,"gold_loss":0.0,"damage_taken":6.0,"cards_obtained":["RitualDagger"]},{"damage_healed":0.0,"max_hp_gain":0.0,"max_hp_loss":0.0,"gold_gain":0.0,"event_name":"Tomb of Lord Red Mask","player_choice":"Paid","floor":39.0,"gold_loss":22.0,"damage_taken":0.0,"relics_obtained":["Red Mask"]},{"damage_healed":0.0,"max_hp_gain":0.0,"max_hp_loss":4.0,"gold_gain":0.0,"event_name":"Winding Halls","player_choice":"Max HP","floor":44.0,"gold_loss":0.0,"damage_taken":0.0}],"is_beta":true,"boss_relics":[{"not_picked":["Philosopher\u0027s Stone","Snecko Eye"],"picked":"Ectoplasm"},{"not_picked":["Tiny House","Runic Dome"],"picked":"Ring of the Serpent"}],"items_purged_floors":[4],"is_endless":false,"potions_floor_spawned":[1,5,8,11,16,18,24,28,37,45,46,48],"ascension_level":0}