{"gold_per_floor":[109,127,77,77,95,95,130,130,130,130,155,155,167,197,197,292,292,309,309,48,58,58,58],"floor_reached":23,"playtime":896,"items_purged":[],"score":207,"play_id":"328b8199-d551-4180-9a6a-9155d8caee0b","local_time":"20190220195034","is_ascension_mode":false,"campfire_choices":[{"floor":6,"key":"RECALL"},{"floor":8,"key":"REST"},{"data":"Infernal Blade","floor":10,"key":"SMITH"},{"data":"Headbutt","floor":15,"key":"SMITH"}],"neow_cost":"TEN_PERCENT_HP_LOSS","seed_source_timestamp":662863515477377,"circlet_count":0,"master_deck":["Strike_R","Strike_R","Strike_R","Strike_R","Strike_R","Defend_R","Defend_R","Defend_R","Bash","Armaments+1","Infernal Blade+1","Headbutt+1","Reaper","Barricade","Spot Weakness","Whirlwind+1"],"relics":["Burning Blood","Unceasing Top","Du-Vu Doll","Thread and Needle","Charon\u0027s Ashes","Runic Cube","Molten Egg 2"],"potions_floor_usage":[7,13,23,23],"damage_taken":[{"damage":5,"enemies":"2 Louse","floor":1,"turns":4},{"damage":6,"enemies":"Jaw Worm","floor":2,"turns":3},{"damage":1,"enemies":"Cultist","floor":5,"turns":3},{"damage":31,"enemies":"Gremlin Nob","floor":7,"turns":5},{"damage":26,"enemies":"Lagavulin","floor":11,"turns":5},{"damage":6,"enemies":"Exordium Thugs","floor":13,"turns":3},{"damage":18,"enemies":"Gremlin Nob","floor":14,"turns":4},{"damage":53,"enemies":"Slime Boss","floor":16,"turns":12},{"damage":57,"enemies":"2 Thieves","floor":18,"turns":4},{"damage":26,"enemies":"Shell Parasite","floor":21,"turns":5},{"damage":41,"enemies":"Slavers","floor":23,"turns":2}],"seed_played":"3687231240736927490","potions_obtained":[{"floor":2,"key":"Block Potion"},{"floor":11,"key":"AttackPotion"},{"floor":13,"key":"FearPotion"},{"floor":14,"key":"Dexterity Potion"},{"floor":19,"key":"LiquidBronze"}],"is_trial":false,"path_per_floor":["M","M","?","?","M","R","E","R","T","R","E","?","M","E","R","B",null,"M","?","$","M","$","E"],"character_chosen":"IRONCLAD","items_purchased":["Molten Egg 2"],"campfire_rested":1,"item_purchase_floors":[20],"current_hp_per_floor":[72,72,72,72,72,72,47,68,68,68,48,82,82,70,70,29,82,43,43,43,23,23,0],"gold":58,"neow_bonus":"ONE_RARE_RELIC","is_prod":false,"is_daily":false,"chose_seed":false,"campfire_upgraded":2,"win_rate":0,"timestamp":1550710234,"path_taken":["M","M","?","?","M","R","E","R","T","R","E","?","M","E","R","BOSS","M","?","?","M","$","E"],"build_version":"2019-01-23","purchased_purges":0,"victory":false,"max_hp_per_floor":[72,72,72,72,72,72,72,72,72,72,72,82,82,82,82,82,82,82,82,82,82,82,82],"card_choices":[{"not_picked":["Heavy Blade","Second Wind"],"picked":"Armaments","floor":1},{"not_picked":["Power Through","Second Wind","Clothesline"],"picked":"SKIP","floor":2},{"not_picked":["Body Slam","Cleave"],"picked":"Infernal Blade","floor":5},{"not_picked":["Clothesline","Shrug It Off"],"picked":"Headbutt","floor":7},{"not_picked":["Whirlwind","Clash"],"picked":"Offering","floor":11},{"not_picked":["Havoc","Power Through","Heavy Blade"],"picked":"SKIP","floor":13},{"not_picked":["Evolve","Armaments"],"picked":"Reaper","floor":14},{"not_picked":["Bludgeon","Fiend Fire"],"picked":"Barricade","floor":16},{"not_picked":["Perfected Strike","Clash"],"picked":"Spot Weakness","floor":18},{"not_picked":["True Grit+1","Wild Strike+1"],"picked":"Whirlwind+1","floor":21}],"player_experience":644627,"relics_obtained":[{"floor":7,"key":"Du-Vu Doll"},{"floor":11,"key":"Thread and Needle"},{"floor":14,"key":"Charon\u0027s Ashes"}],"event_choices":[{"cards_removed":["Defend_R"],"damage_healed":0,"gold_gain":0,"player_choice":"Card Removal","damage_taken":0,"max_hp_gain":0,"max_hp_loss":0,"event_name":"The Cleric","floor":3,"gold_loss":50},{"damage_healed":0,"gold_gain":0,"player_choice":"Grow","damage_taken":0,"max_hp_gain":0,"max_hp_loss":0,"event_name":"Living Wall","floor":4,"gold_loss":0,"cards_upgraded":["Armaments"]},{"cards_removed":["Offering"],"damage_healed":24,"gold_gain":0,"player_choice":"Offered Rare","damage_taken":0,"max_hp_gain":10,"max_hp_loss":0,"event_name":"Bonfire Elementals","floor":12,"gold_loss":0},{"damage_healed":0,"gold_gain":0,"player_choice":"Got Potions","damage_taken":0,"max_hp_gain":0,"max_hp_loss":0,"event_name":"Lab","floor":19,"gold_loss":0}],"is_beta":false,"boss_relics":[{"not_picked":["Lizard Tail","Runic Dome"],"picked":"Runic Cube"}],"items_purged_floors":[],"is_endless":false,"potions_floor_spawned":[2,11,13,14],"killed_by":"Slavers","ascension_level":0}