{"gold_per_floor":[118,133,145,61,61,61,95,95,122,122],"floor_reached":10,"playtime":2329,"items_purged":[],"score":132,"play_id":"3a253d1b-f99e-4c88-9489-b096ac6c08b4","local_time":"20190213210407","is_ascension_mode":true,"campfire_choices":[{"data":"Zap","floor":6.0,"key":"SMITH"}],"neow_cost":"PERCENT_DAMAGE","seed_source_timestamp":57902665432284,"circlet_count":0,"master_deck":["AscendersBane","Strike_B","Strike_B","Strike_B","Defend_B","Defend_B","Defend_B","Zap+1","Dualcast","Hologram","Cold Snap","Consume","Doom and Gloom","Injury","Self Repair","Pain"],"special_seed":0,"relics":["Cracked Core","Golden Idol","Dream Catcher","WarpedTongs"],"potions_floor_usage":[7],"damage_taken":[{"damage":9.0,"enemies":"2 Louse","floor":1.0,"turns":3.0},{"damage":5.0,"enemies":"Small Slimes","floor":2.0,"turns":3.0},{"damage":0.0,"enemies":"Cultist","floor":3.0,"turns":3.0},{"damage":22,"enemies":"3 Sentries","floor":7,"turns":6},{"damage":15,"enemies":"Lots of Slimes","floor":10,"turns":1}],"seed_played":"3626828336117267260","potions_obtained":[{"floor":2.0,"key":"Strength Potion"},{"floor":3.0,"key":"Fire Potion"}],"is_trial":false,"path_per_floor":["M","M","M","$","?","R","E","?","T","M"],"character_chosen":"DEFECT","items_purchased":["Doom and Gloom"],"campfire_rested":0,"item_purchase_floors":[4],"current_hp_per_floor":[37,32,32,32,32,32,10,10,10,0],"gold":122,"neow_bonus":"REMOVE_TWO","is_prod":false,"is_daily":false,"chose_seed":false,"campfire_upgraded":1,"win_rate":0,"timestamp":1550109847,"path_taken":["M","M","M","$","?","R","E","?","T","?"],"build_version":"2019-01-23","purchased_purges":0,"victory":false,"max_hp_per_floor":[71,71,71,71,71,71,71,71,71,71],"card_choices":[{"not_picked":["Stack","Fusion"],"picked":"Hologram","floor":1.0},{"not_picked":["Leap","Steam"],"picked":"Cold Snap","floor":2.0},{"not_picked":["Barrage","Hologram"],"picked":"Consume","floor":3.0},{"not_picked":["Reprogram","Streamline"],"picked":"Self Repair","floor":7}],"player_experience":1194608,"relics_obtained":[{"floor":7,"key":"Dream Catcher"}],"event_choices":[{"damage_healed":0.0,"max_hp_gain":0.0,"max_hp_loss":0.0,"gold_gain":0.0,"event_name":"Golden Idol","player_choice":"Take Wound","floor":5.0,"gold_loss":0.0,"damage_taken":0.0,"relics_obtained":["Golden Idol"],"cards_obtained":["Injury"]},{"damage_healed":0,"gold_gain":0,"player_choice":"Rummage","damage_taken":0,"relics_obtained":["WarpedTongs"],"max_hp_gain":0,"max_hp_loss":0,"event_name":"Accursed Blacksmith","floor":8,"gold_loss":0,"cards_obtained":["Pain"]}],"is_beta":false,"boss_relics":[],"items_purged_floors":[],"is_endless":false,"potions_floor_spawned":[2,3],"killed_by":"Lots of Slimes","ascension_level":20}