{"gold_per_floor":[116,130,130,150,168,199,215,232,232,155,155,171,346,346,346,447,447,421,421,168,83,83],"floor_reached":22,"playtime":849,"items_purged":["Regret"],"score":288,"play_id":"ae4c8d1e-e6fd-46ea-bf98-2ecdfea1428c","local_time":"20190112134046","is_ascension_mode":true,"campfire_choices":[{"data":"Double Tap","floor":11,"key":"SMITH"},{"data":"Disarm","floor":15,"key":"SMITH"}],"neow_cost":"NONE","seed_source_timestamp":213791195414006,"circlet_count":0,"master_deck":["AscendersBane","Strike_R","Strike_R","Strike_R","Strike_R","Strike_R","Defend_R","Defend_R","Defend_R","Defend_R","Bash","Iron Wave","Pommel Strike","Thunderclap","Disarm+1","Battle Trance","Clothesline","Spot Weakness","Double Tap+1","Iron Wave","Doubt","Juggernaut","Cleave"],"relics":["Burning Blood","NeowsBlessing","Smiling Mask","Letter Opener","Unceasing Top","Cursed Key","Medical Kit","Mummified Hand"],"potions_floor_usage":[6,6,12,16],"damage_taken":[{"damage":0,"enemies":"Cultist","floor":1,"turns":1},{"damage":0,"enemies":"Small Slimes","floor":2,"turns":1},{"damage":0,"enemies":"2 Louse","floor":4,"turns":1},{"damage":7,"enemies":"Looter","floor":5,"turns":3},{"damage":9,"enemies":"3 Sentries","floor":6,"turns":8},{"damage":4,"enemies":"Exordium Wildlife","floor":7,"turns":4},{"damage":16,"enemies":"2 Fungi Beasts","floor":8,"turns":4},{"damage":16,"enemies":"Gremlin Gang","floor":12,"turns":6},{"damage":66,"enemies":"Hexaghost","floor":16,"turns":11},{"damage":24,"enemies":"2 Thieves","floor":18,"turns":5},{"damage":25,"enemies":"Masked Bandits","floor":22,"turns":3}],"seed_played":"331820003544975100","potions_obtained":[{"floor":4,"key":"EssenceOfSteel"},{"floor":5,"key":"EssenceOfSteel"},{"floor":7,"key":"Regen Potion"},{"floor":12,"key":"Weak Potion"},{"floor":18,"key":"SmokeBomb"}],"is_trial":false,"path_per_floor":["M","M","?","M","M","E","M","M","T","$","R","M","?","?","R","B",null,"M","?","$","?","?"],"character_chosen":"IRONCLAD","items_purchased":["Double Tap","Medical Kit"],"campfire_rested":0,"item_purchase_floors":[10,20],"current_hp_per_floor":[78,80,80,80,79,76,78,68,68,68,68,72,72,72,72,12,63,45,45,45,45,20],"gold":83,"neow_bonus":"THREE_ENEMY_KILL","is_prod":false,"is_daily":false,"chose_seed":false,"campfire_upgraded":2,"win_rate":0,"timestamp":1547296846,"path_taken":["M","?","?","M","M","E","?","M","T","$","R","M","?","?","R","BOSS","M","?","$","?","?"],"build_version":"2019-01-10","purchased_purges":1,"victory":false,"max_hp_per_floor":[80,80,80,80,80,80,80,80,80,80,80,80,80,80,80,80,80,80,80,80,80,80],"card_choices":[{"not_picked":["Perfected Strike","Reckless Charge"],"picked":"Iron Wave","floor":1},{"not_picked":["Battle Trance","Shrug It Off"],"picked":"Pommel Strike","floor":2},{"not_picked":["Fire Breathing","Headbutt"],"picked":"Thunderclap","floor":4},{"not_picked":["Body Slam","Evolve"],"picked":"Disarm","floor":5},{"not_picked":["Thunderclap","Burning Pact"],"picked":"Battle Trance","floor":6},{"not_picked":["Hemokinesis","Blood for Blood"],"picked":"Clothesline","floor":7},{"not_picked":["Warcry","Clothesline"],"picked":"Spot Weakness","floor":8},{"not_picked":["Corruption","Flex"],"picked":"Iron Wave","floor":12},{"not_picked":["Double Tap","Dark Embrace"],"picked":"Juggernaut","floor":16},{"not_picked":["Rupture","Thunderclap"],"picked":"Cleave","floor":18}],"player_experience":1945153,"relics_obtained":[{"floor":6,"key":"Smiling Mask"},{"floor":9,"key":"Letter Opener"}],"event_choices":[{"damage_healed":0,"gold_gain":0,"player_choice":"Full Heal","damage_taken":0,"max_hp_gain":0,"max_hp_loss":0,"event_name":"Wheel of Change","floor":3,"gold_loss":0},{"damage_healed":0,"gold_gain":175,"player_choice":"AGREE","damage_taken":0,"max_hp_gain":0,"max_hp_loss":0,"event_name":"Liars Game","floor":13,"gold_loss":0,"cards_obtained":["Doubt"]},{"damage_healed":0,"gold_gain":0,"player_choice":"Box","damage_taken":0,"relics_obtained":["Unceasing Top"],"max_hp_gain":0,"max_hp_loss":0,"event_name":"Big Fish","floor":14,"gold_loss":0,"cards_obtained":["Regret"]},{"damage_healed":0,"gold_gain":0,"player_choice":"Ignored","damage_taken":0,"max_hp_gain":0,"max_hp_loss":0,"event_name":"Ghosts","floor":19,"gold_loss":0},{"damage_healed":0,"gold_gain":0,"player_choice":"Obtained Relic","damage_taken":0,"relics_obtained":["Mummified Hand"],"max_hp_gain":0,"max_hp_loss":0,"event_name":"Addict","floor":21,"gold_loss":85},{"damage_healed":0,"gold_gain":0,"player_choice":"Fought Bandits","damage_taken":0,"max_hp_gain":0,"max_hp_loss":0,"event_name":"Masked Bandits","floor":22,"gold_loss":0}],"is_beta":false,"boss_relics":[{"not_picked":["Lizard Tail","Snecko Eye"],"picked":"Cursed Key"}],"items_purged_floors":[20],"is_endless":false,"potions_floor_spawned":[4,5,7,12,18],"killed_by":"Masked Bandits","ascension_level":11}