{"gold_per_floor":[117,181,181,181,191,222,234,253,253,286,306,291],"floor_reached":12,"playtime":243,"items_purged":[],"score":173,"play_id":"f091543d-9a3b-4db4-a18d-9bff7a29bd06","local_time":"20181106192854","is_ascension_mode":true,"campfire_choices":[],"neow_cost":"NONE","seed_source_timestamp":1021400340377838,"circlet_count":0,"master_deck":["AscendersBane","Strike_B","Strike_B","Strike_B","Strike_B","Defend_B+1","Defend_B","Defend_B","Defend_B","Zap","Dualcast+1","Doom and Gloom","Regret","Leap","Cold Snap","Auto Shields","Leap","Coolheaded","Steam"],"relics":["Cracked Core","NeowsBlessing","Bag of Marbles","Dodecahedron","Strawberry","Letter Opener"],"potions_floor_usage":[10],"damage_taken":[{"damage":0,"enemies":"Jaw Worm","floor":1,"turns":1},{"damage":0,"enemies":"Small Slimes","floor":5,"turns":1},{"damage":0,"enemies":"Lagavulin","floor":6,"turns":1},{"damage":3,"enemies":"Cultist","floor":7,"turns":2},{"damage":9,"enemies":"Large Slime","floor":8,"turns":6},{"damage":37,"enemies":"Gremlin Nob","floor":10,"turns":6},{"damage":5,"enemies":"Blue Slaver","floor":11,"turns":4},{"damage":0,"enemies":"Exordium Thugs","floor":12,"turns":2}],"seed_played":"4350073130402510609","potions_obtained":[{"floor":7,"key":"Weak Potion"},{"floor":8,"key":"Strength Potion"},{"floor":11,"key":"Weak Potion"}],"is_trial":false,"path_per_floor":["M","?","?","?","M","E","M","M","T","E","M","M"],"character_chosen":"DEFECT","items_purchased":[],"campfire_rested":0,"item_purchase_floors":[],"current_hp_per_floor":[68,68,53,53,53,53,50,41,48,11,6,6],"gold":291,"neow_bonus":"THREE_ENEMY_KILL","is_prod":false,"is_daily":false,"chose_seed":false,"campfire_upgraded":0,"win_rate":0,"timestamp":1541528934,"path_taken":["M","?","?","?","M","E","M","?","T","E","M","M"],"build_version":"2018-11-01","purchased_purges":0,"victory":false,"max_hp_per_floor":[75,75,75,75,75,75,75,75,82,82,82,82],"card_choices":[{"not_picked":["Leap","Sweeping Beam"],"picked":"Doom and Gloom","floor":1},{"not_picked":["Gash","Go for the Eyes"],"picked":"Leap","floor":5},{"not_picked":["Barrage","Stack"],"picked":"Cold Snap","floor":6},{"not_picked":["Conserve Battery","Fusion"],"picked":"Auto Shields","floor":7},{"not_picked":["Turbo","Aggregate"],"picked":"Leap","floor":8},{"not_picked":["Stack","Reprogram"],"picked":"Coolheaded","floor":10},{"not_picked":["Stack","White Noise"],"picked":"Steam","floor":11}],"player_experience":1143257,"relics_obtained":[{"floor":6,"key":"Dodecahedron"},{"floor":9,"key":"Strawberry"},{"floor":10,"key":"Letter Opener"}],"event_choices":[{"damage_healed":0,"gold_gain":64,"player_choice":"Gained Gold","damage_taken":0,"max_hp_gain":0,"max_hp_loss":0,"event_name":"Golden Wing","floor":2,"gold_loss":0},{"damage_healed":0,"gold_gain":0,"player_choice":"Entered Light","damage_taken":15,"max_hp_gain":0,"max_hp_loss":0,"event_name":"Shining Light","floor":3,"gold_loss":0,"cards_upgraded":["Defend_B","Dualcast"]},{"damage_healed":0,"gold_gain":0,"player_choice":"Box","damage_taken":0,"relics_obtained":["Bag of Marbles"],"max_hp_gain":0,"max_hp_loss":0,"event_name":"Big Fish","floor":4,"gold_loss":0,"cards_obtained":["Regret"]}],"is_beta":false,"boss_relics":[],"items_purged_floors":[],"is_endless":false,"potions_floor_spawned":[7,8,11],"killed_by":"Exordium Thugs","ascension_level":10}