{"gold_per_floor":[119,119,119,119,119,154,154,154,207,227,227,267,267,282,282,407,407,431,61,61,75,90,134,134,134,134,39,60,83,208,307,307,426,489,502,502,526,542,127,168,168,209,209,227,227,46,46,46,46,46],"floor_reached":51,"playtime":2661,"items_purged":["Injury"],"score":1301,"play_id":"a63d99ac-673b-468e-811e-4c0c546aef3f","local_time":"20190203201631","is_ascension_mode":true,"campfire_choices":[{"data":"Zap","floor":7.0,"key":"SMITH"},{"data":"Consume","floor":15.0,"key":"SMITH"},{"floor":25.0,"key":"REST"},{"data":"1","floor":32,"key":"LIFT"},{"data":"2","floor":41,"key":"LIFT"},{"data":"3","floor":45,"key":"LIFT"},{"floor":47,"key":"REST"},{"floor":49,"key":"REST"}],"neow_cost":"NONE","seed_source_timestamp":0,"circlet_count":0,"master_deck":["AscendersBane","Strike_B+1","Strike_B+1","Strike_B+1","Defend_B+1","Defend_B+1","Defend_B+1","Zap+1","Dualcast","Leap+1","Storm","Loop","Consume+1","Coolheaded","Echo Form","Apotheosis+1","Echo Form","Leap","Cold Snap+1","Defragment","Core Surge+1","Glacier+1","Hologram","Machine Learning","Leap+1","Recycle","Loop","Electrodynamics","Conserve Battery","BootSequence","Leap","Defragment"],"special_seed":0,"relics":["Cracked Core","NeowsBlessing","Darkstone Periapt","Golden Idol","Mango","Blood Vial","Mummified Hand","Bottled Tornado","Nuclear Battery","DollysMirror","Ornamental Fan","Meat on the Bone","Girya","Cables","Tiny House","Whetstone","ClockworkSouvenir","Orichalcum","Gambling Chip","Pear","Bag of Preparation"],"potions_floor_usage":[28,28,30,30,35,37,40,42,50],"damage_taken":[{"damage":0.0,"enemies":"Cultist","floor":1.0,"turns":1.0},{"damage":0.0,"enemies":"Lagavulin","floor":6.0,"turns":1.0},{"damage":0.0,"enemies":"2 Louse","floor":10.0,"turns":1.0},{"damage":41.0,"enemies":"Gremlin Nob","floor":12.0,"turns":4.0},{"damage":3.0,"enemies":"Small Slimes","floor":14.0,"turns":4.0},{"damage":37.0,"enemies":"Slime Boss","floor":16.0,"turns":17.0},{"damage":14.0,"enemies":"Shell Parasite","floor":18.0,"turns":5.0},{"damage":11.0,"enemies":"Spheric Guardian","floor":21.0,"turns":3.0},{"damage":14.0,"enemies":"Snake Plant","floor":22.0,"turns":5.0},{"damage":42.0,"enemies":"Slavers","floor":23.0,"turns":7.0},{"damage":7,"enemies":"3 Cultists","floor":28,"turns":5},{"damage":0,"enemies":"Chosen and Byrds","floor":29,"turns":4},{"damage":11,"enemies":"Colosseum Slavers","floor":30,"turns":4},{"damage":3,"enemies":"Colosseum Nobs","floor":30,"turns":5},{"damage":27,"enemies":"Collector","floor":33,"turns":11},{"damage":9,"enemies":"Orb Walker","floor":35,"turns":5},{"damage":24,"enemies":"3 Darklings","floor":37,"turns":5},{"damage":7,"enemies":"Sphere and 2 Shapes","floor":38,"turns":5},{"damage":46,"enemies":"Giant Head","floor":40,"turns":12},{"damage":20,"enemies":"Reptomancer","floor":42,"turns":4},{"damage":10,"enemies":"Transient","floor":44,"turns":5},{"damage":15,"enemies":"Time Eater","floor":50,"turns":9}],"seed_played":"758451692502112484","potions_obtained":[{"floor":1.0,"key":"Ancient Potion"},{"floor":16.0,"key":"EssenceOfSteel"},{"floor":28,"key":"Strength Potion"},{"floor":29,"key":"FocusPotion"},{"floor":30,"key":"Dexterity Potion"},{"floor":34,"key":"Regen Potion"},{"floor":35,"key":"Regen Potion"},{"floor":37,"key":"FearPotion"},{"floor":42,"key":"FocusPotion"}],"is_trial":false,"path_per_floor":["M","?","?","?","?","E","R","?","T","M","T","E","?","M","R","B",null,"M","$","?","M","M","E","?","R","T","$","M","M","?","?","R","B",null,"M","?","M","M","$","E","R","E","T","M","R","$","R","$","R","B",null],"character_chosen":"DEFECT","items_purchased":["Apotheosis","DollysMirror","EntropicBrew","Whetstone","ClockworkSouvenir","Defragment","Bag of Preparation"],"campfire_rested":3,"item_purchase_floors":[19,19,27,39,39,46,46],"current_hp_per_floor":[68,74,80,73,56,70,70,70,70,72,72,33,101,98,98,63,92,80,80,80,71,59,19,19,49,49,49,56,58,60,60,60,47,93,100,100,87,82,82,50,50,44,54,58,58,58,92,92,116,101],"gold":46,"neow_bonus":"THREE_ENEMY_KILL","is_prod":false,"is_daily":false,"chose_seed":false,"campfire_upgraded":2,"win_rate":0,"timestamp":1549221391,"path_taken":["M","?","?","?","?","E","R","?","T","?","?","E","?","M","R","BOSS","M","$","?","?","M","E","?","R","T","$","M","M","?","?","R","BOSS","M","?","?","M","$","E","R","E","T","M","R","$","R","$","R","BOSS"],"build_version":"2019-01-23","purchased_purges":1,"victory":true,"max_hp_per_floor":[75,81,87,87,87,101,101,101,101,101,101,101,101,101,101,101,101,101,101,101,101,101,101,101,101,101,101,101,101,101,101,101,101,106,106,106,106,106,106,106,106,106,116,116,116,116,116,116,116,116],"card_choices":[{"not_picked":["Heatsinks","Sweeping Beam"],"picked":"Leap","floor":1.0},{"not_picked":["Scrape","Streamline"],"picked":"Storm","floor":6.0},{"not_picked":["Fusion","Steam Power"],"picked":"Consume","floor":10.0},{"not_picked":["Rip and Tear","Hologram"],"picked":"Hello World","floor":12.0},{"not_picked":["Leap","Consume"],"picked":"Coolheaded","floor":14.0},{"not_picked":["Biased Cognition","Reboot"],"picked":"Echo Form","floor":16.0},{"not_picked":["Rip and Tear","Sweeping Beam","Reprogram"],"picked":"SKIP","floor":18.0},{"not_picked":["Redo+1","Go for the Eyes"],"picked":"Leap","floor":21.0},{"not_picked":["Rebound","Compile Driver"],"picked":"Cold Snap","floor":22.0},{"not_picked":["Scrape","Ball Lightning"],"picked":"Defragment","floor":23.0},{"not_picked":["Barrage","Cold Snap"],"picked":"Core Surge","floor":28},{"not_picked":["Chill+1","Barrage+1"],"picked":"Glacier+1","floor":29},{"not_picked":["Hello World","Rip and Tear"],"picked":"Hologram","floor":30},{"not_picked":["Meteor Strike","Hyperbeam"],"picked":"Machine Learning","floor":33},{"not_picked":["Gash","Fusion"],"picked":"Leap+1","floor":34},{"not_picked":["Streamline+1","Barrage","Lockon"],"picked":"SKIP","floor":35},{"not_picked":["Leap+1","Lockon"],"picked":"Loop","floor":37},{"not_picked":["Rip and Tear","Turbo+1"],"picked":"Electrodynamics","floor":38},{"not_picked":["Beam Cell","Sunder"],"picked":"Conserve Battery","floor":40},{"not_picked":["Leap","Core Surge"],"picked":"BootSequence","floor":42},{"not_picked":["Hologram","Steam"],"picked":"Leap","floor":44}],"player_experience":2133839,"relics_obtained":[{"floor":6.0,"key":"Mango"},{"floor":9.0,"key":"Blood Vial"},{"floor":11.0,"key":"Mummified Hand"},{"floor":12.0,"key":"Bottled Tornado"},{"floor":23.0,"key":"Ornamental Fan"},{"floor":26.0,"key":"Meat on the Bone"},{"floor":30,"key":"Girya"},{"floor":30,"key":"Cables"},{"floor":40,"key":"Orichalcum"},{"floor":42,"key":"Gambling Chip"},{"floor":43,"key":"Pear"}],"event_choices":[{"damage_healed":0.0,"max_hp_gain":0.0,"max_hp_loss":0.0,"gold_gain":0.0,"event_name":"Big Fish","player_choice":"Box","floor":2.0,"gold_loss":0.0,"damage_taken":0.0,"relics_obtained":["Darkstone Periapt"],"cards_obtained":["Regret"]},{"damage_healed":0.0,"max_hp_gain":0.0,"max_hp_loss":0.0,"gold_gain":0.0,"event_name":"Golden Idol","player_choice":"Take Wound","floor":3.0,"gold_loss":0.0,"damage_taken":0.0,"relics_obtained":["Golden Idol"],"cards_obtained":["Injury"]},{"cards_removed":["Regret"],"damage_healed":0.0,"max_hp_gain":0.0,"max_hp_loss":0.0,"gold_gain":0.0,"event_name":"Golden Wing","player_choice":"Card Removal","floor":4.0,"gold_loss":0.0,"damage_taken":7.0},{"damage_healed":0.0,"max_hp_gain":0.0,"max_hp_loss":0.0,"gold_gain":0.0,"event_name":"Shining Light","player_choice":"Entered Light","floor":5.0,"gold_loss":0.0,"damage_taken":17.0,"cards_upgraded":["Leap","Strike_B"]},{"damage_healed":0.0,"max_hp_gain":0.0,"max_hp_loss":0.0,"gold_gain":0.0,"cards_transformed":["Strike_B"],"event_name":"Transmorgrifier","player_choice":"Transformed","floor":8.0,"gold_loss":0.0,"damage_taken":0.0,"cards_obtained":["Loop"]},{"cards_removed":["Hello World"],"damage_healed":68.0,"max_hp_gain":0.0,"max_hp_loss":0.0,"gold_gain":0.0,"event_name":"Bonfire Elementals","player_choice":"Offered Uncommon","floor":13.0,"gold_loss":0.0,"damage_taken":0.0},{"damage_healed":0.0,"max_hp_gain":0.0,"max_hp_loss":0.0,"gold_gain":0.0,"event_name":"Upgrade Shrine","player_choice":"Upgraded","floor":20.0,"gold_loss":0.0,"damage_taken":0.0,"cards_upgraded":["Apotheosis"]},{"damage_healed":0.0,"max_hp_gain":0.0,"max_hp_loss":0.0,"gold_gain":0.0,"event_name":"Back to Basics","player_choice":"Simplicity","floor":24.0,"gold_loss":0.0,"damage_taken":0.0,"cards_upgraded":["Strike_B","Strike_B","Strike_B","Defend_B","Defend_B","Defend_B","Defend_B"]},{"damage_healed":0,"gold_gain":0,"player_choice":"Fight","damage_taken":0,"max_hp_gain":0,"max_hp_loss":0,"event_name":"Colosseum","floor":30,"gold_loss":0},{"damage_healed":0,"gold_gain":0,"player_choice":"Fought Nobs","damage_taken":0,"max_hp_gain":0,"max_hp_loss":0,"event_name":"Colosseum","floor":30,"gold_loss":0},{"damage_healed":0,"gold_gain":99,"player_choice":"Stole From Cult","damage_taken":0,"max_hp_gain":0,"max_hp_loss":0,"event_name":"Nest","floor":31,"gold_loss":0},{"damage_healed":0,"gold_gain":0,"cards_transformed":["Defend_B"],"player_choice":"Transformed","damage_taken":0,"max_hp_gain":0,"max_hp_loss":0,"event_name":"Transmorgrifier","floor":36,"gold_loss":0,"cards_obtained":["Recycle"]}],"is_beta":false,"boss_relics":[{"not_picked":["White Beast Statue","Ectoplasm"],"picked":"Nuclear Battery"},{"not_picked":["FrozenCore","Pandora\u0027s Box"],"picked":"Tiny House"}],"items_purged_floors":[39],"is_endless":false,"potions_floor_spawned":[1,16,28,29,30,30,35,37,42],"ascension_level":12}