{"gold_per_floor":[118,118,118,43,8,8,42,42,68,68,84,104,104,128,128,258,258,281,301,6,6,19,19,19],"floor_reached":24,"playtime":2016,"items_purged":["Injury","Defend_B"],"score":219,"play_id":"1dd1bde9-50b9-454c-8f65-afa00447e594","local_time":"20190220155121","is_ascension_mode":false,"campfire_choices":[{"data":"Streamline","floor":6,"key":"SMITH"},{"data":"Creative AI","floor":10,"key":"SMITH"},{"floor":13,"key":"REST"},{"data":"Reprogram","floor":15,"key":"SMITH"},{"floor":23,"key":"REST"}],"neow_cost":"NONE","seed_source_timestamp":7394623955500,"circlet_count":0,"master_deck":["Strike_B","Strike_B","Strike_B","Strike_B","Defend_B+1","Defend_B","Defend_B+1","Zap","Dualcast","Streamline+1","Creative AI+1","BootSequence","Compile Driver","Reprogram+1","Buffer","Force Field","Chaos","Cold Snap","Ball Lightning","Capacitor","Conserve Battery","RitualDagger","Leap"],"relics":["Cracked Core","Golden Idol","Pear","Lantern","Sozu"],"potions_floor_usage":[],"damage_taken":[{"damage":2,"enemies":"2 Louse","floor":1,"turns":3},{"damage":32,"enemies":"Lagavulin","floor":7,"turns":6},{"damage":7,"enemies":"Small Slimes","floor":11,"turns":5},{"damage":0,"enemies":"Jaw Worm","floor":12,"turns":3},{"damage":5,"enemies":"Exordium Wildlife","floor":14,"turns":3},{"damage":1,"enemies":"Slime Boss","floor":16,"turns":7},{"damage":6,"enemies":"Shell Parasite","floor":18,"turns":5},{"damage":27,"enemies":"Chosen","floor":19,"turns":5},{"damage":27,"enemies":"Snake Plant","floor":22,"turns":5},{"damage":54,"enemies":"Gremlin Leader","floor":24,"turns":5}],"seed_played":"-2218988859785658865","potions_obtained":[{"floor":7,"key":"SpeedPotion"},{"floor":11,"key":"LiquidBronze"},{"floor":16,"key":"Poison Potion"}],"is_trial":false,"path_per_floor":["M","?","?","$","?","R","E","$","T","R","M","M","R","M","R","B",null,"M","M","$","?","M","R","E"],"character_chosen":"DEFECT","items_purchased":["Cold Snap","Ball Lightning","Capacitor","Conserve Battery"],"campfire_rested":2,"item_purchase_floors":[20,20,20,20],"current_hp_per_floor":[80,64,64,64,82,82,60,60,60,60,53,53,80,75,75,74,92,86,59,59,53,26,53,0],"gold":19,"neow_bonus":"TEN_PERCENT_HP_BONUS","is_prod":false,"is_daily":false,"chose_seed":false,"campfire_upgraded":3,"win_rate":0.0,"timestamp":1550674281,"path_taken":["M","?","?","$","?","R","E","$","T","R","M","M","R","M","R","BOSS","M","M","$","?","M","R","E"],"build_version":"2019-01-23","purchased_purges":2,"victory":false,"max_hp_per_floor":[82,82,82,82,82,82,92,92,92,92,92,92,92,92,92,92,92,92,92,92,92,92,92,92],"card_choices":[{"not_picked":["Darkness","Steam"],"picked":"Streamline","floor":1},{"not_picked":["Cold Snap","Steam"],"picked":"Creative AI","floor":7},{"not_picked":["Stack","Static Discharge"],"picked":"BootSequence","floor":11},{"not_picked":["Doom and Gloom","Double Energy"],"picked":"Compile Driver","floor":12},{"not_picked":["Sweeping Beam","Rip and Tear"],"picked":"Reprogram","floor":14},{"not_picked":["Fission","Creative AI"],"picked":"Buffer","floor":16},{"not_picked":["Streamline","Beam Cell"],"picked":"Force Field","floor":18},{"not_picked":["Fusion","Consume"],"picked":"Chaos","floor":19},{"not_picked":["Compile Driver+1","Stack"],"picked":"Leap","floor":22}],"player_experience":16189,"relics_obtained":[{"floor":7,"key":"Pear"},{"floor":9,"key":"Lantern"}],"event_choices":[{"damage_healed":0,"gold_gain":0,"player_choice":"Entered Light","damage_taken":16,"max_hp_gain":0,"max_hp_loss":0,"event_name":"Shining Light","floor":2,"gold_loss":0,"cards_upgraded":["Defend_B","Defend_B"]},{"damage_healed":0,"gold_gain":0,"player_choice":"Take Wound","damage_taken":0,"relics_obtained":["Golden Idol"],"max_hp_gain":0,"max_hp_loss":0,"event_name":"Golden Idol","floor":3,"gold_loss":0,"cards_obtained":["Injury"]},{"damage_healed":20,"gold_gain":0,"player_choice":"Healed","damage_taken":0,"max_hp_gain":0,"max_hp_loss":0,"event_name":"The Cleric","floor":5,"gold_loss":35},{"damage_healed":0,"gold_gain":0,"player_choice":"Joined the Cult","damage_taken":6,"max_hp_gain":0,"max_hp_loss":0,"event_name":"Nest","floor":21,"gold_loss":0,"cards_obtained":["RitualDagger"]}],"is_beta":false,"boss_relics":[{"not_picked":["Lizard Tail","Snecko Eye"],"picked":"Sozu"}],"items_purged_floors":[4,20],"is_endless":false,"potions_floor_spawned":[7,11,16],"killed_by":"Gremlin Leader","ascension_level":0}