{"path_per_floor":["M","?","$","M","M","R","E","?","T","R","M","M","?","$","R","B",null,"M","?","?","?","M","E","M","?","T","E","M","M","M","$","R","B",null,"M","?","$","T","M","R","?","E","T","R","M","?","E","?","R","B"],"character_chosen":"THE_SILENT","items_purchased":["Accuracy","Cloak And Dagger","Bronze Scales","Strange Spoon","Accuracy","Block Potion"],"gold_per_floor":[213,213,14,32,43,43,98,173,173,173,189,204,204,53,53,152,152,166,91,91,91,109,141,152,152,152,182,193,209,225,28,28,132,162,172,172,40,40,56,56,0,29,106,106,124,175,200,200,200,200],"floor_reached":51,"campfire_rested":4,"playtime":2590,"current_hp_per_floor":[69,66,66,66,65,65,24,13,13,34,21,19,19,19,40,18,70,59,59,46,46,46,51,51,51,51,28,30,5,4,4,26,9,80,72,62,62,62,62,62,62,66,66,66,72,25,13,33,57,46],"items_purged":["Defend_G"],"gold":200,"score":951,"play_id":"7d37cd27-c5f9-43ab-8881-890e676a39cf","local_time":"20180510161141","is_prod":false,"is_daily":false,"chose_seed":false,"is_ascension_mode":true,"campfire_upgraded":3,"timestamp":1525961501,"path_taken":["M","?","$","M","?","R","E","?","T","R","M","M","?","$","R","BOSS","M","?","?","?","?","E","M","?","T","E","?","M","M","$","R","BOSS","M","?","$","?","?","R","?","E","T","R","M","?","E","?","R","BOSS"],"build_version":"2018-05-03","seed_source_timestamp":21214262305914,"purchased_purges":1,"victory":true,"master_deck":["Defend_G","Defend_G","Strike_G+1","Strike_G","Strike_G","Survivor","Neutralize","Backstab","Accuracy+1","Cloak And Dagger","Prepared","Backstab+1","Terror","Backstab","A Thousand Cuts","Backflip+1","Outmaneuver+1","Endless Agony+1","Dagger Spray+1","Blade Dance","Choke+1","Cloak And Dagger+1","Escape Plan","PiercingWail","Well Laid Plans","Burst","Cloak And Dagger+1","Backflip+1","Finesse","Mind Blast","Apotheosis","Accuracy","Footwork+1","Outmaneuver+1","Blur+1","Cloak And Dagger","Writhe"],"max_hp_per_floor":[70,70,70,70,70,70,70,70,70,70,70,70,70,70,70,70,70,70,70,75,75,75,75,75,75,75,75,75,75,75,75,75,75,80,80,80,80,80,80,80,80,80,80,80,80,80,80,80,80,80],"relics":["Ring of the Snake","Ice Cream","Tiny Chest","Shuriken","Bronze Scales","Astrolabe","Pantograph","Sundial","Bird Faced Urn","Strange Spoon","Tiny House","Bottled Flame","Red Mask","Whetstone","Molten Egg 2","Shovel","Blue Candle"],"card_choices":[{"not_picked":["Malaise","Underhanded Strike"],"picked":"Backstab","floor":1.0},{"not_picked":["Dodge and Roll","Underhanded Strike"],"picked":"Prepared","floor":4.0},{"not_picked":["Eviscerate","Bouncing Flask"],"picked":"Backstab","floor":5.0},{"not_picked":["Quick Slash","Reflex"],"picked":"Terror","floor":11.0},{"not_picked":["Dagger Throw","Backflip"],"picked":"Backstab","floor":12.0},{"not_picked":["Tactician","Bullet Time"],"picked":"A Thousand Cuts","floor":16.0},{"not_picked":["Crippling Poison","Dodge and Roll"],"picked":"Dagger Spray","floor":18.0},{"not_picked":["Expertise","Poisoned Stab"],"picked":"Blade Dance","floor":22.0},{"not_picked":["Envenom","Poisoned Stab"],"picked":"Choke","floor":23.0},{"not_picked":["Deflect","Slice"],"picked":"Cloak And Dagger","floor":24.0},{"not_picked":["Prepared","Slice"],"picked":"Escape Plan","floor":28.0},{"not_picked":["Distraction","Deflect"],"picked":"PiercingWail","floor":29.0},{"not_picked":["Terror","Quick Slash"],"picked":"Well Laid Plans","floor":30},{"not_picked":["Tools of the Trade","Phantasmal Killer"],"picked":"Burst","floor":33},{"not_picked":["Noxious Fumes","PiercingWail"],"picked":"Cloak And Dagger","floor":34},{"not_picked":["Flying Knee","Sucker Punch"],"picked":"Backflip","floor":35},{"not_picked":["Swift Strike","Enlightenment"],"picked":"Finesse","floor":36},{"not_picked":["Swift Strike","Madness"],"picked":"Mind Blast","floor":36},{"not_picked":["Mind Blast","Deep Breath"],"picked":"Apotheosis","floor":36},{"not_picked":["Infinite Blades","Heel Hook"],"picked":"Footwork","floor":39},{"not_picked":["Deflect","Sucker Punch"],"picked":"Outmaneuver","floor":42},{"not_picked":["Setup","Quick Slash"],"picked":"Blur","floor":46},{"not_picked":["Flechettes","Glass Knife"],"picked":"Cloak And Dagger","floor":47}],"player_experience":446334,"potions_floor_usage":[30,33,42,45,46,47,50],"damage_taken":[{"damage":1.0,"enemies":"Jaw Worm","floor":1.0,"turns":3.0},{"damage":0.0,"enemies":"2 Louse","floor":4.0,"turns":2.0},{"damage":1.0,"enemies":"Cultist","floor":5.0,"turns":3.0},{"damage":41.0,"enemies":"Lagavulin","floor":7.0,"turns":8.0},{"damage":13.0,"enemies":"Blue Slaver","floor":11.0,"turns":2.0},{"damage":2.0,"enemies":"3 Louse","floor":12.0,"turns":2.0},{"damage":22.0,"enemies":"The Guardian","floor":16.0,"turns":11.0},{"damage":14.0,"enemies":"Shell Parasite","floor":18.0,"turns":3.0},{"damage":0.0,"enemies":"Spheric Guardian","floor":22.0,"turns":1.0},{"damage":7.0,"enemies":"Gremlin Leader","floor":23.0,"turns":5.0},{"damage":0.0,"enemies":"Chosen and Byrds","floor":24.0,"turns":4.0},{"damage":23.0,"enemies":"Book of Stabbing","floor":27.0,"turns":3.0},{"damage":0.0,"enemies":"3 Cultists","floor":28.0,"turns":4.0},{"damage":27.0,"enemies":"Slaver and Parasite","floor":29.0,"turns":3.0},{"damage":5,"enemies":"Snecko","floor":30,"turns":3},{"damage":48,"enemies":"Champ","floor":33,"turns":7},{"damage":10,"enemies":"3 Shapes","floor":35,"turns":6},{"damage":0,"enemies":"Orb Walker","floor":39,"turns":1},{"damage":0,"enemies":"2 Orb Walkers","floor":42,"turns":3},{"damage":0,"enemies":"3 Darklings","floor":45,"turns":4},{"damage":53,"enemies":"Mysterious Sphere","floor":46,"turns":5},{"damage":22,"enemies":"Giant Head","floor":47,"turns":7},{"damage":42,"enemies":"Awakened One","floor":50,"turns":11}],"event_choices":[{"event_name":"Scrap Ooze","player_choice":"success","floor":2.0,"damage_taken":3.0},{"event_name":"World of Goop","player_choice":"Gather Gold","floor":8.0,"damage_taken":0.0},{"event_name":"The Lab","player_choice":"Got Potions","floor":13.0,"damage_taken":0.0},{"event_name":"Beggar","player_choice":"Gave Gold","floor":19.0,"damage_taken":0.0},{"event_name":"Forgotten Altar","player_choice":"Shed Blood","floor":20.0,"damage_taken":0.0},{"event_name":"Vampires","player_choice":"Ignored","floor":21.0,"damage_taken":0.0},{"event_name":"Ghosts","player_choice":"Ignored","floor":25.0,"damage_taken":0.0},{"event_name":"SensoryStone","player_choice":"Memory 3","floor":36,"damage_taken":0},{"event_name":"Tomb of Lord Red Mask","player_choice":"Paid","floor":41,"damage_taken":0},{"event_name":"Mysterious Sphere","player_choice":"Fight","floor":46,"damage_taken":0},{"event_name":"Winding Halls","player_choice":"Writhe","floor":48,"damage_taken":0}],"boss_relics":[{"not_picked":["Calling Bell","Cursed Key"],"picked":"Tiny House"}],"potions_floor_spawned":[1,12,18,28,30,39,46,47],"seed_played":"6780556168553118402","ascension_level":3,"is_trial":false}