{"path_per_floor":["M","?","?","M","?","R","E","R","T","?","M","E","M","$","R"],"character_chosen":"THE_SILENT","items_purchased":["Molten Egg 2","Die Die Die"],"gold_per_floor":[10,10,10,35,35,35,66,66,115,365,380,424,447,47,47,47],"floor_reached":16,"campfire_rested":1,"playtime":1162,"item_purchase_floors":[14,14],"current_hp_per_floor":[63,63,63,62,49,49,33,52,52,52,52,47,46,46,46,0],"items_purged":[],"gold":47,"score":140,"play_id":"2d512c12-f1d7-49e3-b154-c16a846c8bba","local_time":"20180614155042","is_prod":false,"is_daily":false,"chose_seed":false,"is_ascension_mode":true,"campfire_upgraded":2,"win_rate":0,"timestamp":1528984242,"campfire_choices":[{"data":"Glass Knife","floor":6,"key":"SMITH"},{"floor":8,"key":"REST"},{"data":"Blur","floor":15,"key":"SMITH"}],"path_taken":["M","?","?","M","?","R","E","R","T","?","M","E","M","$","R","BOSS"],"build_version":"2018-06-07v3","seed_source_timestamp":78838389496137,"purchased_purges":0,"victory":false,"master_deck":["Defend_G","Defend_G+1","Defend_G","Strike_G","Strike_G","Strike_G+1","Strike_G","Survivor+1","Neutralize+1","Glass Knife+1","Expertise","Blur","Setup","Blur+1","PiercingWail","Dodge and Roll","Escape Plan","Dodge and Roll","Die Die Die+1"],"max_hp_per_floor":[70,70,65,65,65,65,65,65,65,65,65,65,65,65,65,65],"relics":["Ring of the Snake","Golden Idol","Whetstone","Omamori","Question Card","Molten Egg 2"],"card_choices":[{"not_picked":["Bane","Riddle With Holes"],"picked":"Blur","floor":1},{"not_picked":["Eviscerate","Quick Slash"],"picked":"Blur","floor":4},{"not_picked":["Endless Agony","Crippling Poison"],"picked":"PiercingWail","floor":7},{"not_picked":["Underhanded Strike","Skewer"],"picked":"Dodge and Roll","floor":11},{"not_picked":["Underhanded Strike","Prepared"],"picked":"Escape Plan","floor":12},{"not_picked":["Bane","Slice","Noxious Fumes"],"picked":"Dodge and Roll","floor":13}],"player_experience":690472,"potions_floor_usage":[12,16,16],"damage_taken":[{"damage":0,"enemies":"2 Louse","floor":1,"turns":3},{"damage":1,"enemies":"Cultist","floor":4,"turns":4},{"damage":16,"enemies":"Lagavulin","floor":7,"turns":9},{"damage":0,"enemies":"Jaw Worm","floor":11,"turns":3},{"damage":5,"enemies":"3 Sentries","floor":12,"turns":9},{"damage":1,"enemies":"Large Slime","floor":13,"turns":8},{"damage":46,"enemies":"Hexaghost","floor":16,"turns":16}],"relics_obtained":[{"floor":7,"key":"Whetstone"},{"floor":9,"key":"Omamori"},{"floor":12,"key":"Question Card"}],"event_choices":[{"event_name":"Transmorgrifier","player_choice":"Transform","floor":2,"damage_taken":0},{"event_name":"Golden Idol","player_choice":"Lose Max HP","floor":3,"damage_taken":0},{"event_name":"Shining Light","player_choice":"Entered Light","floor":5,"damage_taken":0},{"event_name":"Golden Shrine","player_choice":"Desecrate","floor":10,"damage_taken":0}],"boss_relics":[],"items_purged_floors":[],"potions_floor_spawned":[7,11,12],"seed_played":"4309507436911905514","killed_by":"Hexaghost","ascension_level":6,"potions_obtained":[{"floor":7,"key":"EssenceOfSteel"},{"floor":11,"key":"Swift Potion"},{"floor":12,"key":"FearPotion"}],"is_trial":false}