{"gold_per_floor":[117,135,152,152,172,172,200,212,239,302,328,27,45,56,56,161,161,172,157,173,3,20,20,32,61,61,61,61,160,173,173,173,271,321,336,436,209,209,0,0,16,16,63,13,27,79,79,94,94,94,94,94,27,56,56],"floor_reached":55,"playtime":17207,"items_purged":["Strike_G","Strike_G"],"score":791,"play_id":"f564e361-587b-4240-a6d0-2d2bd0b63dbf","local_time":"20190218165253","is_ascension_mode":true,"campfire_choices":[{"data":"Neutralize","floor":6,"key":"SMITH"},{"floor":15,"key":"REST"},{"floor":23,"key":"REST"},{"data":"After Image","floor":28,"key":"SMITH"},{"floor":32,"key":"RECALL"},{"data":"Leg Sweep","floor":40,"key":"SMITH"},{"data":"Strike_G+1","floor":42,"key":"PURGE"},{"floor":47,"key":"REST"},{"floor":49,"key":"REST"},{"data":"Defend_G","floor":52,"key":"PURGE"}],"neow_cost":"NONE","seed_source_timestamp":285691674837700,"circlet_count":0,"master_deck":["Defend_G","Defend_G","Defend_G","Defend_G","Strike_G","Strike_G","Survivor+1","Neutralize+1","Footwork","Dagger Throw+1","Leg Sweep+1","Escape Plan","Deflect+1","Dagger Spray","Bouncing Flask+1","Blade Dance+1","Prepared+1","After Image+1","Dagger Throw+1","Deflect+1","Dodge and Roll+1","Apotheosis+1","Deadly Poison+1","Bane+1","Dodge and Roll+1","Setup+1","Malaise+1","PiercingWail+1","Quick Slash+1","Leg Sweep+1","Crippling Poison+1","Trip+1","Dagger Spray+1","Backflip+1","Well Laid Plans","Poisoned Stab+1"],"relics":["Ring of the Snake","Toxic Egg 2","PreservedInsect","Tiny Chest","Smiling Mask","The Specimen","Philosopher\u0027s Stone","Vajra","Dodecahedron","Art of War","Tiny House","Peace Pipe","Red Mask","Snake Skull","Blood Vial","Lantern"],"potions_floor_usage":[7,16,16,16,24,25,33,33,48,50,50,55,55],"damage_taken":[{"damage":0,"enemies":"Small Slimes","floor":1,"turns":4},{"damage":4,"enemies":"Jaw Worm","floor":2,"turns":8},{"damage":0,"enemies":"Cultist","floor":3,"turns":4},{"damage":3,"enemies":"Exordium Wildlife","floor":5,"turns":7},{"damage":27,"enemies":"Gremlin Nob","floor":7,"turns":6},{"damage":0,"enemies":"2 Fungi Beasts","floor":8,"turns":5},{"damage":2,"enemies":"3 Sentries","floor":10,"turns":7},{"damage":0,"enemies":"Large Slime","floor":13,"turns":3},{"damage":9,"enemies":"Exordium Thugs","floor":14,"turns":3},{"damage":24,"enemies":"Slime Boss","floor":16,"turns":15},{"damage":0,"enemies":"Shell Parasite","floor":18,"turns":7},{"damage":14,"enemies":"2 Thieves","floor":19,"turns":4},{"damage":13,"enemies":"Snecko","floor":20,"turns":7},{"damage":7,"enemies":"Snake Plant","floor":22,"turns":8},{"damage":4,"enemies":"Centurion and Healer","floor":24,"turns":8},{"damage":0,"enemies":"Book of Stabbing","floor":25,"turns":4},{"damage":0,"enemies":"Snecko","floor":30,"turns":5},{"damage":38,"enemies":"Automaton","floor":33,"turns":13},{"damage":22,"enemies":"3 Shapes","floor":35,"turns":7},{"damage":3,"enemies":"Mind Bloom Boss Battle","floor":36,"turns":9},{"damage":0,"enemies":"Orb Walker","floor":41,"turns":3},{"damage":6,"enemies":"Jaw Worm Horde","floor":45,"turns":6},{"damage":14,"enemies":"Transient","floor":48,"turns":5},{"damage":33,"enemies":"Awakened One","floor":50,"turns":19},{"damage":14,"enemies":"Shield and Spear","floor":54,"turns":6},{"damage":64,"enemies":"The Heart","floor":55,"turns":6}],"seed_played":"-345381130080735769","potions_obtained":[{"floor":0,"key":"SpeedPotion"},{"floor":0,"key":"Ancient Potion"},{"floor":0,"key":"LiquidBronze"},{"floor":14,"key":"GhostInAJar"},{"floor":19,"key":"Block Potion"},{"floor":20,"key":"Explosive Potion"},{"floor":22,"key":"Strength Potion"},{"floor":24,"key":"Energy Potion"},{"floor":34,"key":"GamblersBrew"},{"floor":45,"key":"Strength Potion"},{"floor":48,"key":"Regen Potion"},{"floor":54,"key":"FearPotion"}],"is_trial":false,"path_per_floor":["M","M","M","?","M","R","E","M","T","E","T","$","M","M","R","B",null,"M","M","M","$","M","R","M","E","T","?","R","?","M","?","R","B",null,"M","?","$","T","?","R","M","R","T","$","M","T","R","M","R","B",null,"R","$","E","B"],"character_chosen":"THE_SILENT","items_purchased":["The Specimen","Apotheosis+1","Crippling Poison+1","Trip+1","AttackPotion","Well Laid Plans"],"campfire_rested":4,"item_purchase_floors":[12,21,37,37,37,53],"current_hp_per_floor":[70,66,66,52,49,49,22,22,22,20,20,20,20,11,32,8,70,70,56,43,43,36,57,53,53,53,53,53,53,53,70,70,32,75,53,50,50,50,50,50,50,50,50,50,44,44,66,54,75,57,75,75,75,61,0],"gold":56,"neow_bonus":"THREE_SMALL_POTIONS","is_prod":false,"is_daily":false,"chose_seed":false,"campfire_upgraded":3,"win_rate":0,"timestamp":1550526773,"path_taken":["M","M","M","?","M","R","E","M","T","E","?","$","M","M","R","BOSS","M","M","M","$","M","R","?","E","T","?","R","?","M","?","R","BOSS","M","?","$","?","?","R","M","R","T","?","M","?","R","M","R","BOSS","R","$","E","BOSS"],"build_version":"2019-01-23","purchased_purges":2,"victory":false,"max_hp_per_floor":[70,70,70,70,70,70,70,70,70,70,70,70,70,70,70,70,70,70,70,70,70,70,70,70,70,70,70,70,70,70,70,70,70,75,75,75,75,75,75,75,75,75,75,75,75,75,75,75,75,75,75,75,75,75,75],"card_choices":[{"not_picked":["Terror","PiercingWail"],"picked":"Footwork","floor":1},{"not_picked":["Blade Dance","Underhanded Strike"],"picked":"Dagger Throw","floor":2},{"not_picked":["Footwork","Quick Slash"],"picked":"Leg Sweep","floor":3},{"not_picked":["Flying Knee","Setup"],"picked":"Escape Plan","floor":5},{"not_picked":["Cloak And Dagger","Heel Hook"],"picked":"Deflect","floor":7},{"not_picked":["Escape Plan+1","Deflect+1"],"picked":"Dagger Spray","floor":8},{"not_picked":["Accuracy","Slice"],"picked":"Bouncing Flask+1","floor":10},{"not_picked":["Reflex+1","Slice"],"picked":"Blade Dance+1","floor":13},{"not_picked":["Endless Agony","Venomology+1"],"picked":"Prepared+1","floor":14},{"not_picked":["Adrenaline+1","Tools of the Trade"],"picked":"After Image","floor":16},{"not_picked":["Quick Slash","Skewer"],"picked":"Dagger Throw+1","floor":18},{"not_picked":["Masterful Stab","Finisher"],"picked":"Deflect+1","floor":19},{"not_picked":["Quick Slash","Sucker Punch+1"],"picked":"Dodge and Roll+1","floor":20},{"not_picked":["Dagger Throw+1","Dagger Spray"],"picked":"Deadly Poison+1","floor":22},{"not_picked":["After Image","Tactician+1"],"picked":"Bane+1","floor":24},{"not_picked":["Dagger Spray+1","Night Terror+1"],"picked":"Dodge and Roll+1","floor":25},{"not_picked":["Quick Slash","Bouncing Flask+1"],"picked":"Setup+1","floor":30},{"not_picked":["Bullet Time+1","Die Die Die"],"picked":"Malaise+1","floor":33},{"not_picked":["Distraction+1","Skewer"],"picked":"PiercingWail+1","floor":34},{"not_picked":["Setup+1","Deflect+1"],"picked":"Quick Slash+1","floor":35},{"not_picked":["PiercingWail+1","Skewer+1"],"picked":"Leg Sweep+1","floor":36},{"not_picked":["Blade Dance+1","Slice","Poisoned Stab"],"picked":"SKIP","floor":41},{"not_picked":["Sucker Punch+1","All Out Attack+1"],"picked":"Dagger Spray+1","floor":45},{"not_picked":["Heel Hook+1","Deflect+1"],"picked":"Backflip+1","floor":48},{"not_picked":["Slice+1","Choke"],"picked":"Poisoned Stab+1","floor":54}],"player_experience":220450,"relics_obtained":[{"floor":7,"key":"Toxic Egg 2"},{"floor":9,"key":"PreservedInsect"},{"floor":10,"key":"Tiny Chest"},{"floor":11,"key":"Smiling Mask"},{"floor":25,"key":"Vajra"},{"floor":26,"key":"Dodecahedron"},{"floor":36,"key":"Peace Pipe"},{"floor":43,"key":"Snake Skull"},{"floor":46,"key":"Blood Vial"},{"floor":54,"key":"Lantern"}],"event_choices":[{"damage_healed":0,"gold_gain":0,"player_choice":"Entered Light","damage_taken":14,"max_hp_gain":0,"max_hp_loss":0,"event_name":"Shining Light","floor":4,"gold_loss":0,"cards_upgraded":["Dagger Throw","Survivor"]},{"damage_healed":0,"gold_gain":0,"player_choice":"Opened","damage_taken":0,"relics_obtained":["Art of War"],"max_hp_gain":0,"max_hp_loss":0,"event_name":"The Mausoleum","floor":27,"gold_loss":0},{"damage_healed":0,"gold_gain":99,"player_choice":"Stole From Cult","damage_taken":0,"max_hp_gain":0,"max_hp_loss":0,"event_name":"Nest","floor":29,"gold_loss":0},{"damage_healed":23,"gold_gain":0,"player_choice":"Heal","damage_taken":0,"max_hp_gain":0,"max_hp_loss":0,"event_name":"The Library","floor":31,"gold_loss":0},{"damage_healed":0,"gold_gain":0,"player_choice":"Fight","damage_taken":0,"max_hp_gain":0,"max_hp_loss":0,"event_name":"MindBloom","floor":36,"gold_loss":0},{"damage_healed":0,"gold_gain":0,"player_choice":"Paid","damage_taken":0,"relics_obtained":["Red Mask"],"max_hp_gain":0,"max_hp_loss":0,"event_name":"Tomb of Lord Red Mask","floor":39,"gold_loss":209}],"is_beta":false,"boss_relics":[{"not_picked":["Ectoplasm","Lizard Tail"],"picked":"Philosopher\u0027s Stone"},{"not_picked":["HoveringKite","Runic Pyramid"],"picked":"Tiny House"}],"items_purged_floors":[37,44],"is_endless":false,"potions_floor_spawned":[1,2,3,14,19,20,22,24,45,48,54],"killed_by":"The Heart","ascension_level":2}