{"gold_per_floor":[114,114,132,147,54,54,16,47,71,71,84,84,100,113,113,243,243,258,258,105,105,105],"floor_reached":22,"playtime":586,"items_purged":[],"score":276,"play_id":"a89bb320-b322-44c1-bc70-265fcc521aeb","local_time":"20181011220743","is_ascension_mode":true,"campfire_choices":[{"floor":6.0,"key":"REST"},{"floor":15.0,"key":"REST"}],"neow_cost":"PERCENT_DAMAGE","seed_source_timestamp":0,"circlet_count":0,"master_deck":["Strike_B","Strike_B","Strike_B","Defend_B","Defend_B","Defend_B","Defend_B","Zap","Dualcast","AscendersBane","Electrodynamics","Heatsinks","Undo","Heatsinks","Defragment","Gash","Static Discharge","Defragment","Conserve Battery","Rebound","Beam Cell","Seek","Ball Lightning"],"special_seed":0,"relics":["Cracked Core","Oddly Smooth Stone","Bronze Scales","Golden Idol","Sozu","Omamori"],"potions_floor_usage":[],"damage_taken":[{"damage":9.0,"enemies":"Jaw Worm","floor":1.0,"turns":3.0},{"damage":0.0,"enemies":"Small Slimes","floor":3.0,"turns":3.0},{"damage":0.0,"enemies":"2 Louse","floor":4.0,"turns":2.0},{"damage":12.0,"enemies":"Lagavulin","floor":8.0,"turns":6.0},{"damage":30.0,"enemies":"Exordium Thugs","floor":11.0,"turns":4.0},{"damage":0.0,"enemies":"Large Slime","floor":13.0,"turns":4.0},{"damage":6.0,"enemies":"Exordium Wildlife","floor":14.0,"turns":2.0},{"damage":38.0,"enemies":"Slime Boss","floor":16.0,"turns":7.0},{"damage":4.0,"enemies":"Spheric Guardian","floor":18.0,"turns":5.0},{"damage":27.0,"enemies":"Colosseum Slavers","floor":21.0,"turns":3.0},{"damage":0,"enemies":"2 Thieves","floor":22,"turns":1}],"seed_played":"-7616003924423737055","potions_obtained":[{"floor":1.0,"key":"SmokeBomb"},{"floor":4.0,"key":"Explosive Potion"},{"floor":14.0,"key":"FearPotion"}],"is_trial":false,"path_per_floor":["M","?","M","M","$","R","$","E","T","?","M","?","M","M","R","B",null,"M","?","$","?"],"character_chosen":"DEFECT","items_purchased":["Defragment","Gash","Static Discharge","Omamori"],"campfire_rested":2,"item_purchase_floors":[5,5,7,20],"current_hp_per_floor":[41,34,34,34,34,56,56,44,44,69,39,39,39,33,53,15,56,52,52,52,25,25],"gold":105,"neow_bonus":"THREE_RARE_CARDS","is_prod":false,"is_daily":false,"chose_seed":false,"campfire_upgraded":0,"win_rate":0,"timestamp":1539288463,"path_taken":["M","?","M","M","$","R","?","E","T","?","?","?","M","M","R","BOSS","M","?","$","?","M"],"build_version":"2018-10-04v2","purchased_purges":0,"victory":false,"max_hp_per_floor":[75,75,75,75,75,75,75,75,75,75,75,69,69,69,69,69,69,69,69,69,69,69],"card_choices":[{"not_picked":["Biased Cognition","Meteor Strike"],"picked":"Electrodynamics","floor":0.0},{"not_picked":["Streamline","Turbo"],"picked":"Heatsinks","floor":1.0},{"not_picked":["Compile Driver","Recycle"],"picked":"Undo","floor":3.0},{"not_picked":["Steam Power","Beam Cell"],"picked":"Heatsinks","floor":4.0},{"not_picked":["Gash","Hologram"],"picked":"Defragment","floor":8.0},{"not_picked":["Doom and Gloom","Redo"],"picked":"Conserve Battery","floor":11.0},{"not_picked":["Cold Snap","Streamline"],"picked":"Rebound","floor":13.0},{"not_picked":["Skim","Lockon"],"picked":"Beam Cell","floor":14.0},{"not_picked":["Rainbow","Reboot"],"picked":"Seek","floor":16.0},{"not_picked":["Auto Shields","Streamline"],"picked":"Ball Lightning","floor":18.0}],"player_experience":1080465,"relics_obtained":[{"floor":8.0,"key":"Oddly Smooth Stone"},{"floor":9.0,"key":"Bronze Scales"}],"event_choices":[{"event_name":"Golden Wing","player_choice":"Card Removal","floor":2.0,"damage_taken":0.0},{"event_name":"Big Fish","player_choice":"Banana","floor":10.0,"damage_taken":0.0},{"event_name":"Golden Idol","player_choice":"Lose Max HP","floor":12.0,"damage_taken":0.0},{"event_name":"The Lab","player_choice":"Got Potions","floor":19.0,"damage_taken":0.0},{"event_name":"Colosseum","player_choice":"Fight","floor":21.0,"damage_taken":0.0},{"event_name":"Colosseum","player_choice":"Fled From Nobs","floor":21.0,"damage_taken":0.0}],"is_beta":false,"boss_relics":[{"not_picked":["Ectoplasm","Lizard Tail"],"picked":"Sozu"}],"items_purged_floors":[],"is_endless":false,"potions_floor_spawned":[1,4,14],"killed_by":"2 Thieves","ascension_level":10}