{"gold_per_floor":[112,112,112,122,33,66,66,37,37,53,53,68,68,17,17,88,88],"floor_reached":17,"playtime":356,"items_purged":[],"score":338,"play_id":"8d9233ad-709b-48c3-b377-b705233030b6","local_time":"20190217181441","is_ascension_mode":true,"campfire_choices":[{"data":"Whirlwind","floor":7,"key":"SMITH"},{"floor":13,"key":"REST"},{"data":"Rampage","floor":15,"key":"SMITH"}],"neow_cost":"NONE","seed_source_timestamp":15113343841005537,"circlet_count":0,"master_deck":["AscendersBane","Bash","Iron Wave+1","Sentinel","Whirlwind+1","Burning Pact","Iron Wave","Second Wind","Rampage+1","Juggernaut","Shrug It Off+1","Rupture","Hemokinesis","Rampage","Heavy Blade","Searing Blow","Berserk","Rupture"],"relics":["Burning Blood","NeowsBlessing","Pantograph","Bottled Lightning","The Courier","Toxic Egg 2","Pandora\u0027s Box"],"potions_floor_usage":[4,16],"damage_taken":[{"damage":0,"enemies":"Small Slimes","floor":1,"turns":1},{"damage":0,"enemies":"2 Louse","floor":4,"turns":1},{"damage":0,"enemies":"3 Sentries","floor":6,"turns":1},{"damage":19,"enemies":"Jaw Worm","floor":10,"turns":4},{"damage":6,"enemies":"Exordium Thugs","floor":12,"turns":3},{"damage":74,"enemies":"The Guardian","floor":16,"turns":14}],"seed_played":"-2186271682908520821","potions_obtained":[{"floor":4,"key":"Fruit Juice"},{"floor":6,"key":"Block Potion"},{"floor":10,"key":"Regen Potion"}],"is_trial":false,"path_per_floor":["M","?","?","M","$","E","R","$","T","M","T","M","R","?","R","B",null],"character_chosen":"IRONCLAD","items_purchased":["Whirlwind","Iron Wave"],"campfire_rested":1,"item_purchase_floors":[5,8],"current_hp_per_floor":[74,67,44,55,55,61,61,61,61,48,48,48,72,72,72,27,27],"gold":88,"neow_bonus":"THREE_ENEMY_KILL","is_prod":false,"is_daily":false,"chose_seed":false,"campfire_upgraded":2,"win_rate":0,"timestamp":1550423681,"path_taken":["M","?","?","?","$","E","R","$","T","M","?","M","R","?","R","BOSS"],"build_version":"2019-01-23","purchased_purges":0,"victory":false,"max_hp_per_floor":[75,75,75,80,80,80,80,80,80,80,80,80,80,80,80,80,80],"card_choices":[{"not_picked":["Cleave","Flex"],"picked":"Iron Wave","floor":1},{"not_picked":["Perfected Strike","Armaments"],"picked":"Sentinel","floor":4},{"not_picked":["Armaments","Warcry"],"picked":"Burning Pact","floor":6},{"not_picked":["Heavy Blade","Rupture"],"picked":"Second Wind","floor":10},{"not_picked":["Reaper","Shockwave"],"picked":"Rampage","floor":12},{"not_picked":["Immolate","Exhume+1"],"picked":"Juggernaut","floor":16}],"player_experience":410245,"relics_obtained":[{"floor":6,"key":"Pantograph"},{"floor":9,"key":"Bottled Lightning"},{"floor":11,"key":"The Courier"}],"event_choices":[{"cards_removed":["Defend_R"],"damage_healed":0,"gold_gain":0,"player_choice":"Card Removal","damage_taken":7,"max_hp_gain":0,"max_hp_loss":0,"event_name":"Golden Wing","floor":2,"gold_loss":0},{"damage_healed":0,"gold_gain":0,"player_choice":"Entered Light","damage_taken":23,"max_hp_gain":0,"max_hp_loss":0,"event_name":"Shining Light","floor":3,"gold_loss":0,"cards_upgraded":["Strike_R","Iron Wave"]},{"damage_healed":0,"gold_gain":0,"player_choice":"Paid Gold","damage_taken":0,"relics_obtained":["Toxic Egg 2"],"max_hp_gain":0,"max_hp_loss":0,"event_name":"WeMeetAgain","floor":14,"gold_loss":51}],"is_beta":false,"boss_relics":[{"not_picked":["Ectoplasm","Eternal Feather"],"picked":"Pandora\u0027s Box"}],"items_purged_floors":[],"is_endless":false,"potions_floor_spawned":[4,6,10],"ascension_level":18}