{"gold_per_floor":[116,41,54,229,247,278,293,293,293,193,206,206,223,205,205,205],"floor_reached":16,"playtime":1062,"items_purged":["Strike_R","Strike_R"],"score":146,"play_id":"d6b145d4-7915-4f0a-b683-b23e1c497221","local_time":"20190117183303","is_ascension_mode":true,"campfire_choices":[{"floor":8,"key":"REST"},{"floor":15,"key":"REST"}],"neow_cost":"NONE","seed_source_timestamp":12435339838990000,"circlet_count":0,"master_deck":["Strike_R","Strike_R","Strike_R","Defend_R","Defend_R","Defend_R","Defend_R","Bash","Second Wind","Doubt","Warcry","Spot Weakness","Shrug It Off","Shrug It Off"],"relics":["Burning Blood","NeowsBlessing","Oddly Smooth Stone","Dodecahedron","Peace Pipe"],"potions_floor_usage":[7,7,13],"damage_taken":[{"damage":0,"enemies":"Cultist","floor":1,"turns":1},{"damage":0,"enemies":"Jaw Worm","floor":3,"turns":1},{"damage":0,"enemies":"Small Slimes","floor":5,"turns":1},{"damage":57,"enemies":"Lagavulin","floor":6,"turns":9},{"damage":33,"enemies":"Exordium Thugs","floor":7,"turns":6},{"damage":16,"enemies":"Lots of Slimes","floor":11,"turns":7},{"damage":23,"enemies":"Exordium Wildlife","floor":13,"turns":8},{"damage":2,"enemies":"Exordium Thugs","floor":14,"turns":6},{"damage":47,"enemies":"Hexaghost","floor":16,"turns":10}],"seed_played":"9220900101046937174","potions_obtained":[{"floor":1,"key":"Regen Potion"},{"floor":3,"key":"BloodPotion"},{"floor":7,"key":"SkillPotion"},{"floor":11,"key":"SkillPotion"}],"is_trial":false,"path_per_floor":["M","$","M","?","M","E","M","R","T","$","M","?","M","M","R","B"],"character_chosen":"IRONCLAD","items_purchased":[],"campfire_rested":2,"item_purchase_floors":[],"current_hp_per_floor":[78,78,80,80,80,29,22,46,46,46,36,36,19,23,47,0],"gold":205,"neow_bonus":"THREE_ENEMY_KILL","is_prod":false,"is_daily":false,"chose_seed":false,"campfire_upgraded":0,"win_rate":0,"timestamp":1547746383,"path_taken":["M","$","M","?","M","E","M","R","T","$","M","?","M","M","R","BOSS"],"build_version":"2019-01-10","purchased_purges":2,"victory":false,"max_hp_per_floor":[80,80,80,80,80,80,80,80,80,80,80,80,80,80,80,80],"card_choices":[{"not_picked":["Evolve","Wild Strike"],"picked":"Second Wind","floor":1},{"not_picked":["Thunderclap","Intimidate","Pommel Strike"],"picked":"SKIP","floor":3},{"not_picked":["Headbutt","Pommel Strike"],"picked":"Warcry","floor":5},{"not_picked":["Cleave","Carnage"],"picked":"Spot Weakness","floor":6},{"not_picked":["Fiend Fire","Rupture","Headbutt"],"picked":"SKIP","floor":7},{"not_picked":["Warcry","Evolve"],"picked":"Shrug It Off","floor":11},{"not_picked":["Havoc","Warcry"],"picked":"Shrug It Off","floor":13},{"not_picked":["Inflame","Wild Strike","Cleave"],"picked":"SKIP","floor":14}],"player_experience":244589,"relics_obtained":[{"floor":6,"key":"Oddly Smooth Stone"},{"floor":9,"key":"Dodecahedron"}],"event_choices":[{"damage_healed":0,"gold_gain":175,"player_choice":"AGREE","damage_taken":0,"max_hp_gain":0,"max_hp_loss":0,"event_name":"Liars Game","floor":4,"gold_loss":0,"cards_obtained":["Doubt"]},{"damage_healed":0,"gold_gain":0,"player_choice":"Gave Potion","damage_taken":0,"relics_obtained":["Peace Pipe"],"max_hp_gain":0,"max_hp_loss":0,"event_name":"WeMeetAgain","floor":12,"gold_loss":0}],"is_beta":false,"boss_relics":[],"items_purged_floors":[2,10],"is_endless":false,"potions_floor_spawned":[1,3,7,11],"killed_by":"Hexaghost","ascension_level":8}