{"path_per_floor":["M","?","?","$","?","E","R","?","T","M","M","E","$","?","R","B",null,"M","?","T","M","M","E","M","M","T","R","M","M","?","E","R","B",null,"M","?","M","M","M","R","E","R","T","?","$","?","E","M","R","B"],"character_chosen":"IRONCLAD","items_purchased":["Master of Strategy"],"gold_per_floor":[109,109,284,15,15,47,47,122,122,135,150,185,85,85,85,182,182,182,182,182,182,182,182,182,182,182,182,182,182,107,107,107,107,107,107,107,107,107,107,107,107,107,107,107,107,107,107,107,107,107],"floor_reached":51,"campfire_rested":4,"playtime":3467,"current_hp_per_floor":[80,80,80,80,80,38,62,51,51,56,61,48,48,32,56,22,80,70,60,60,62,42,17,14,16,16,41,43,43,43,45,70,18,86,86,85,72,61,66,66,66,66,66,95,95,95,84,93,103,44],"items_purged":["Regret","Doubt"],"gold":107,"score":805,"play_id":"d9460811-7d5c-4c58-a124-d70cb93a0f91","local_time":"20180414110612","is_prod":false,"is_daily":false,"chose_seed":false,"is_ascension_mode":false,"campfire_upgraded":0,"timestamp":1523696772,"path_taken":["M","?","?","$","?","E","R","?","T","M","M","E","?","?","R","BOSS","M","?","?","M","M","E","M","M","T","R","M","M","?","E","R","BOSS","M","?","M","M","M","R","E","R","T","?","?","?","E","M","R","BOSS"],"build_version":"2018-04-12","seed_source_timestamp":295223254310838,"purchased_purges":2,"victory":true,"master_deck":["Strike_R","Strike_R","Strike_R","Strike_R+1","Bash","Pommel Strike","Master of Strategy+1","Inflame","Spot Weakness","Warcry+1","Shrug It Off","Offering","Flex+1","Necronomicurse","Burning Pact","Iron Wave+1","Demon Form","Rage","Armaments+1","Perfected Strike","Feed","Fire Breathing+1","Clash+1","Havoc+1","Perfected Strike+1","Armaments+1","Shrug It Off+1","Perfected Strike+1","Writhe"],"max_hp_per_floor":[80,80,80,80,80,80,80,80,80,80,80,80,80,80,80,80,80,80,86,86,86,86,86,86,86,86,86,86,86,86,86,86,86,86,86,89,89,89,92,92,92,92,92,98,98,98,98,101,111,111],"relics":["Burning Blood","Happy Flower","Lantern","Juzu Bracelet","Paper Frog","Darkstone Periapt","Ectoplasm","Necronomicon","Vajra","Ginger","Gremlin Horn","Ancient Tea Set","Astrolabe","Shovel","Whetstone","Shuriken","Bag of Preparation","Prayer Wheel","Frozen Egg 2","Pear"],"card_choices":[{"not_picked":["Cleave","Feel No Pain"],"picked":"Pommel Strike","floor":1},{"not_picked":["Shockwave","Twin Strike"],"picked":"Inflame","floor":6},{"not_picked":["Warcry","Feel No Pain"],"picked":"Spot Weakness","floor":10},{"not_picked":["Sword Boomerang","Clash"],"picked":"Warcry","floor":11},{"not_picked":["Juggernaut","Sever Soul"],"picked":"Shrug It Off","floor":12},{"not_picked":["Demon Form","Exhume"],"picked":"Offering","floor":16},{"not_picked":["Anger","Intimidate"],"picked":"Flex","floor":18},{"not_picked":["Twin Strike","Clothesline"],"picked":"Burning Pact","floor":21},{"not_picked":["Thunderclap","Rampage"],"picked":"Iron Wave","floor":22},{"not_picked":["Anger","Pommel Strike"],"picked":"Demon Form","floor":23},{"not_picked":["Metallicize","Uppercut"],"picked":"Rage","floor":24},{"not_picked":["Evolve","Havoc"],"picked":"Armaments","floor":25},{"not_picked":["Rage","Evolve"],"picked":"Perfected Strike","floor":28},{"not_picked":["Berserk","Immolate"],"picked":"Feed","floor":33},{"not_picked":["Whirlwind","Warcry"],"picked":"Perfected Strike","floor":35},{"not_picked":["Wild Strike","Sentinel"],"picked":"Armaments","floor":36},{"not_picked":["Perfected Strike","Clash"],"picked":"Shrug It Off","floor":37},{"not_picked":["Anger","Clothesline"],"picked":"Perfected Strike","floor":38}],"player_experience":201775,"potions_floor_usage":[12,31,33,36,38,48,50,50],"damage_taken":[{"damage":2,"enemies":"Small Slimes","floor":1,"turns":4},{"damage":48,"enemies":"Gremlin Nob","floor":6,"turns":6},{"damage":1,"enemies":"Jaw Worm","floor":10,"turns":4},{"damage":1,"enemies":"2 Louse","floor":11,"turns":2},{"damage":19,"enemies":"3 Sentries","floor":12,"turns":6},{"damage":40,"enemies":"The Guardian","floor":16,"turns":13},{"damage":16,"enemies":"Shell Parasite","floor":18,"turns":4},{"damage":4,"enemies":"3 Byrds","floor":21,"turns":4},{"damage":26,"enemies":"Sentry and Sphere","floor":22,"turns":4},{"damage":31,"enemies":"Gremlin Leader","floor":23,"turns":4},{"damage":9,"enemies":"Centurion and Healer","floor":24,"turns":4},{"damage":4,"enemies":"Snake Plant","floor":25,"turns":2},{"damage":4,"enemies":"Cultist and Chosen","floor":28,"turns":3},{"damage":6,"enemies":"3 Cultists","floor":29,"turns":5},{"damage":4,"enemies":"Slavers","floor":31,"turns":3},{"damage":58,"enemies":"Champ","floor":33,"turns":7},{"damage":0,"enemies":"Orb Walker","floor":35,"turns":2},{"damage":10,"enemies":"Mysterious Sphere","floor":36,"turns":3},{"damage":19,"enemies":"3 Shapes","floor":37,"turns":2},{"damage":17,"enemies":"Maw","floor":38,"turns":5},{"damage":4,"enemies":"Sphere and 2 Shapes","floor":39,"turns":1},{"damage":6,"enemies":"2 Orb Walkers","floor":41,"turns":3},{"damage":17,"enemies":"Giant Head","floor":47,"turns":4},{"damage":0,"enemies":"4 Shapes","floor":48,"turns":4},{"damage":74,"enemies":"Time Eater","floor":50,"turns":5}],"event_choices":[{"event_name":"Big Fish","player_choice":"Box","floor":2,"damage_taken":0},{"event_name":"Liars Game","player_choice":"agreed","floor":3,"damage_taken":0},{"event_name":"The Cleric","player_choice":"Leave","floor":5,"damage_taken":0},{"event_name":"World of Goop","player_choice":"Gather Gold","floor":8,"damage_taken":0},{"event_name":"Shining Light","player_choice":"Entered Light","floor":14,"damage_taken":0},{"event_name":"Cursed Tome","player_choice":"Obtained Book","floor":19,"damage_taken":0},{"event_name":"Beggar","player_choice":"Gave Gold","floor":30,"damage_taken":0},{"event_name":"Mysterious Sphere","player_choice":"Fight","floor":36,"damage_taken":0},{"event_name":"Winding Halls","player_choice":"Writhe","floor":44,"damage_taken":0}],"boss_relics":[{"not_picked":["Mark of Pain","Eternal Feather"],"picked":"Ectoplasm"},{"not_picked":["Philosopher\u0027s Stone","Pandora\u0027s Box"],"picked":"Astrolabe"}],"potions_floor_spawned":[10,16,21,24,29,31,35,37,39,41,48],"seed_played":"1826328301398468895","ascension_level":0,"is_trial":false}