{"gold_per_floor":[109,59,59,76,86,86,97,122,145,70,70,105,105,65,65,65],"floor_reached":16,"playtime":478,"items_purged":["Regret"],"score":157,"play_id":"d92db105-6016-4c54-ad10-38aeba42eee7","local_time":"20180831194942","is_ascension_mode":true,"campfire_choices":[{"data":"Deadly Poison","floor":6,"key":"SMITH"},{"floor":11,"key":"REST"},{"floor":13,"key":"REST"},{"data":"Caltrops","floor":15,"key":"SMITH"}],"neow_cost":"","seed_source_timestamp":871388087795524,"circlet_count":0,"master_deck":["Defend_G","Defend_G","Defend_G","Defend_G","Defend_G","Strike_G","Strike_G","Strike_G","Strike_G","Survivor","Neutralize","Flying Knee","Well Laid Plans","Deadly Poison+1","Backflip","Doppelganger","Flechettes","Caltrops+1"],"relics":["Ring of the Snake","Bag of Marbles","Vajra","Bronze Scales","Peace Pipe"],"potions_floor_usage":[12],"damage_taken":[{"damage":3,"enemies":"2 Louse","floor":1,"turns":4},{"damage":16,"enemies":"Jaw Worm","floor":4,"turns":4},{"damage":6,"enemies":"Small Slimes","floor":5,"turns":3},{"damage":2,"enemies":"Exordium Wildlife","floor":7,"turns":3},{"damage":24,"enemies":"Lagavulin","floor":8,"turns":6},{"damage":7,"enemies":"3 Sentries","floor":12,"turns":6},{"damage":49,"enemies":"Slime Boss","floor":16,"turns":9}],"seed_played":"4635586311014333791","potions_obtained":[{"floor":7,"key":"Explosive Potion"},{"floor":8,"key":"Ancient Potion"}],"is_trial":false,"path_per_floor":["M","?","?","M","M","R","M","E","T","$","R","E","R","$","R"],"character_chosen":"THE_SILENT","items_purchased":["Caltrops"],"campfire_rested":2,"item_purchase_floors":[14],"current_hp_per_floor":[60,60,60,44,38,38,36,12,12,12,33,26,47,47,47,0],"gold":65,"neow_bonus":"","is_prod":false,"is_daily":false,"chose_seed":false,"campfire_upgraded":2,"win_rate":0,"timestamp":1535737782,"path_taken":["M","?","?","?","?","R","M","E","T","?","R","E","R","$","R","BOSS"],"build_version":"2018-08-30","purchased_purges":1,"victory":false,"max_hp_per_floor":[70,70,70,70,70,70,70,70,70,70,70,70,70,70,70,70],"card_choices":[{"not_picked":["Backflip","Outmaneuver"],"picked":"Flying Knee","floor":1},{"not_picked":["PiercingWail","Skewer"],"picked":"Well Laid Plans","floor":4},{"not_picked":["Outmaneuver","Blur"],"picked":"Deadly Poison","floor":5},{"not_picked":["Acrobatics","Outmaneuver"],"picked":"Backflip","floor":7},{"not_picked":["Cloak And Dagger","Tactician"],"picked":"Doppelganger","floor":8},{"not_picked":["Dagger Spray","Setup"],"picked":"Flechettes","floor":12}],"player_experience":946361,"relics_obtained":[{"floor":8,"key":"Vajra"},{"floor":9,"key":"Bronze Scales"},{"floor":12,"key":"Peace Pipe"}],"event_choices":[{"event_name":"The Cleric","player_choice":"Card Removal","floor":2,"damage_taken":0},{"event_name":"Big Fish","player_choice":"Box","floor":3,"damage_taken":0}],"is_beta":false,"boss_relics":[],"items_purged_floors":[10],"is_endless":false,"potions_floor_spawned":[7,8],"killed_by":"Slime Boss","ascension_level":9}