{"gold_per_floor":[117,132,148,160,178,178,178,189,234,234,234],"floor_reached":11,"playtime":260,"items_purged":[],"score":104,"play_id":"5711cbc0-7e0d-4447-b58e-620d584bf960","local_time":"20190108182932","is_ascension_mode":true,"campfire_choices":[{"floor":6,"key":"REST"},{"floor":10,"key":"REST"}],"neow_cost":"NONE","seed_source_timestamp":1057322625108639,"circlet_count":0,"master_deck":["AscendersBane","Strike_R","Strike_R","Strike_R","Strike_R","Strike_R","Defend_R","Defend_R","Defend_R","Defend_R","Bash","Clothesline","Pommel Strike","Inflame+1","Clash","Thunderclap","Intimidate"],"relics":["Black Star","Art of War"],"potions_floor_usage":[],"damage_taken":[{"damage":10,"enemies":"Cultist","floor":1,"turns":5},{"damage":3,"enemies":"2 Louse","floor":2,"turns":3},{"damage":10,"enemies":"Small Slimes","floor":3,"turns":3},{"damage":3,"enemies":"Exordium Wildlife","floor":4,"turns":4},{"damage":9,"enemies":"Red Slaver","floor":5,"turns":4},{"damage":29,"enemies":"Gremlin Gang","floor":8,"turns":4},{"damage":0,"enemies":"3 Sentries","floor":11,"turns":1}],"seed_played":"-4874528835769786389","potions_obtained":[{"floor":1,"key":"SneckoOil"},{"floor":8,"key":"Poison Potion"}],"is_trial":false,"path_per_floor":["M","M","M","M","M","R","?","M","T","R","E"],"character_chosen":"IRONCLAD","items_purchased":[],"campfire_rested":2,"item_purchase_floors":[],"current_hp_per_floor":[62,59,49,46,37,61,61,32,32,56,56],"gold":234,"neow_bonus":"BOSS_RELIC","is_prod":false,"is_daily":false,"chose_seed":false,"campfire_upgraded":0,"win_rate":0,"timestamp":1546968572,"path_taken":["M","M","M","?","M","R","?","M","T","R","E"],"build_version":"2019-01-03v4","purchased_purges":0,"victory":false,"max_hp_per_floor":[80,80,80,80,80,80,80,80,80,80,80],"card_choices":[{"not_picked":["Headbutt","Power Through"],"picked":"Clothesline","floor":1},{"not_picked":["Sword Boomerang","Perfected Strike"],"picked":"Pommel Strike","floor":2},{"not_picked":["Blood for Blood","Ghostly Armor"],"picked":"Inflame","floor":3},{"not_picked":["Havoc","Wild Strike"],"picked":"Clash","floor":4},{"not_picked":["Rupture","Uppercut"],"picked":"Thunderclap","floor":5},{"not_picked":["Corruption","Armaments"],"picked":"Intimidate","floor":8}],"player_experience":1925992,"relics_obtained":[{"floor":9,"key":"Art of War"}],"event_choices":[{"damage_healed":0,"gold_gain":0,"player_choice":"Upgraded","damage_taken":0,"max_hp_gain":0,"max_hp_loss":0,"event_name":"Upgrade Shrine","floor":7,"gold_loss":0,"cards_upgraded":["Inflame"]}],"is_beta":false,"boss_relics":[],"items_purged_floors":[],"is_endless":false,"potions_floor_spawned":[1,8],"killed_by":"3 Sentries","ascension_level":11}