{"gold_per_floor":[112,112,112,112,77,115,115,167,167,211,226,247,247,278,278,368,368,389,389,420,420,434,434,434,454,454,493,514,533,566,581,581,672,672,697,230,452,412,427,471,471,502,552,552,573,135,155,488,488,488],"floor_reached":51,"playtime":4236,"items_purged":[],"score":1372,"play_id":"14b9a1cc-64bf-4c8e-858a-c7fda508c52e","local_time":"20190205193415","is_ascension_mode":true,"campfire_choices":[{"data":"Zap","floor":7.0,"key":"SMITH"},{"data":"Defragment","floor":13.0,"key":"SMITH"},{"data":"Consume","floor":15.0,"key":"SMITH"},{"floor":23.0,"key":"REST"},{"floor":32.0,"key":"REST"},{"floor":41.0,"key":"REST"},{"floor":44.0,"key":"REST"},{"floor":49.0,"key":"REST"}],"neow_cost":"NONE","seed_source_timestamp":883570535791165,"circlet_count":0,"master_deck":["AscendersBane","Strike_B+1","Strike_B+1","Strike_B+1","Defend_B+1","Defend_B+1","Defend_B+1","Defend_B+1","Zap+1","Dualcast+1","Coolheaded+1","Auto Shields+1","White Noise","Defragment+1","Consume+1","Hologram","Electrodynamics","Ball Lightning","FTL","Capacitor","Shame","Cold Snap","Leap+1","Leap","Cold Snap+1","Hologram","Barrage","Machine Learning","Machine Learning","FTL","Loop","Go for the Eyes+1","White Noise+1","Coolheaded+1"],"special_seed":0,"relics":["Cracked Core","NeowsBlessing","Vajra","Smiling Mask","Symbiotic Virus","Du-Vu Doll","Mango","Orrery","Thread and Needle","Red Mask","Cables","Happy Flower","Art of War","Oddly Smooth Stone","Inserter","Pear","Regal Pillow","Blood Vial","Mercury Hourglass","War Paint","Potion Belt","Bottled Lightning"],"potions_floor_usage":[50,50],"damage_taken":[{"damage":0.0,"enemies":"Small Slimes","floor":1.0,"turns":1.0},{"damage":0.0,"enemies":"3 Sentries","floor":6.0,"turns":1.0},{"damage":0.0,"enemies":"Gremlin Nob","floor":10.0,"turns":1.0},{"damage":0.0,"enemies":"Jaw Worm","floor":11.0,"turns":3.0},{"damage":0.0,"enemies":"2 Louse","floor":12.0,"turns":2.0},{"damage":20.0,"enemies":"3 Sentries","floor":14.0,"turns":13.0},{"damage":18.0,"enemies":"Slime Boss","floor":16.0,"turns":8.0},{"damage":11.0,"enemies":"Spheric Guardian","floor":18.0,"turns":3.0},{"damage":5.0,"enemies":"Masked Bandits","floor":20.0,"turns":3.0},{"damage":12.0,"enemies":"2 Thieves","floor":22.0,"turns":3.0},{"damage":2.0,"enemies":"Cultist and Chosen","floor":25.0,"turns":4.0},{"damage":0.0,"enemies":"Book of Stabbing","floor":27.0,"turns":5.0},{"damage":5.0,"enemies":"3 Cultists","floor":28.0,"turns":3.0},{"damage":0.0,"enemies":"Chosen and Byrds","floor":29.0,"turns":7.0},{"damage":15.0,"enemies":"Slavers","floor":30.0,"turns":5.0},{"damage":0.0,"enemies":"Sentry and Sphere","floor":31.0,"turns":6.0},{"damage":20.0,"enemies":"Collector","floor":33.0,"turns":13.0},{"damage":8.0,"enemies":"Orb Walker","floor":35.0,"turns":4.0},{"damage":26.0,"enemies":"3 Shapes","floor":39.0,"turns":3.0},{"damage":12.0,"enemies":"Nemesis","floor":40.0,"turns":7.0},{"damage":17.0,"enemies":"Reptomancer","floor":42.0,"turns":6.0},{"damage":15.0,"enemies":"Sphere and 2 Shapes","floor":45.0,"turns":4.0},{"damage":0.0,"enemies":"Spire Growth","floor":47.0,"turns":6.0},{"damage":40,"enemies":"Awakened One","floor":50,"turns":14}],"seed_played":"3171170768529399209","potions_obtained":[{"floor":1.0,"key":"Weak Potion"},{"floor":6.0,"key":"Poison Potion"},{"floor":14.0,"key":"SteroidPotion"},{"floor":20.0,"key":"EssenceOfSteel"},{"floor":28.0,"key":"Block Potion"},{"floor":30.0,"key":"Explosive Potion"},{"floor":35.0,"key":"SpeedPotion"},{"floor":38.0,"key":"FairyPotion"},{"floor":47.0,"key":"EssenceOfSteel"}],"is_trial":false,"path_per_floor":["M","?","?","?","?","E","R","T","T","E","M","M","R","E","R","B",null,"M","?","?","?","M","R","?","M","T","E","M","M","E","M","R","B",null,"M","$","?","?","M","E","R","E","T","R","M","$","M","?","R","B",null],"character_chosen":"DEFECT","items_purchased":["Pear","Regal Pillow","Loop","Potion Belt","Weak Potion","Bottled Lightning"],"campfire_rested":5,"item_purchase_floors":[36,36,36,46,46,46],"current_hp_per_floor":[68,61,46,46,63,63,63,63,63,63,63,63,63,57,57,39,72,61,61,56,56,44,68,68,66,66,66,61,61,46,46,70,50,75,67,77,77,77,51,39,81,66,66,93,78,78,80,80,93,53],"gold":488,"neow_bonus":"THREE_ENEMY_KILL","is_prod":false,"is_daily":false,"chose_seed":false,"campfire_upgraded":3,"win_rate":0,"timestamp":1549391655,"path_taken":["M","?","?","?","?","E","R","?","T","E","M","?","R","E","R","BOSS","M","?","?","?","M","R","?","M","T","E","?","M","E","M","R","BOSS","M","$","?","?","M","E","R","E","T","R","?","$","M","?","R","BOSS"],"build_version":"2019-01-23","purchased_purges":0,"victory":true,"max_hp_per_floor":[75,75,75,69,69,69,69,69,69,69,69,69,69,83,83,83,83,83,83,83,83,83,83,83,83,83,83,83,83,83,83,83,83,83,83,93,93,93,93,93,93,93,93,93,93,93,93,93,93,93],"card_choices":[{"not_picked":["Hello World","Genetic Algorithm"],"picked":"Coolheaded","floor":1.0},{"not_picked":["Leap","Barrage"],"picked":"Auto Shields","floor":6.0},{"not_picked":["Undo","Turbo"],"picked":"White Noise","floor":10.0},{"not_picked":["Rebound","Leap"],"picked":"Defragment","floor":11.0},{"not_picked":["Static Discharge","Ball Lightning"],"picked":"Consume","floor":12.0},{"not_picked":["Steam","Gash"],"picked":"Hologram","floor":14.0},{"not_picked":["Amplify","Creative AI"],"picked":"Electrodynamics","floor":16.0},{"not_picked":["Turbo","Rebound"],"picked":"Ball Lightning","floor":17.0},{"not_picked":["Coolheaded","Turbo"],"picked":"FTL","floor":17.0},{"not_picked":["Rebound","Compile Driver"],"picked":"Capacitor","floor":17.0},{"not_picked":["Tempest","Recycle","Genetic Algorithm"],"picked":"SKIP","floor":18.0},{"not_picked":["Sweeping Beam","Meteor Strike"],"picked":"Cold Snap","floor":20.0},{"not_picked":["Beam Cell","Gash"],"picked":"Leap+1","floor":22.0},{"not_picked":["Chaos","Barrage+1"],"picked":"Leap","floor":25.0},{"not_picked":["Barrage","Reinforced Body"],"picked":"Cold Snap+1","floor":27.0},{"not_picked":["Gash","Beam Cell"],"picked":"Hologram","floor":28.0},{"not_picked":["Hologram","Beam Cell","Rebound+1"],"picked":"SKIP","floor":29.0},{"not_picked":["Redo","Hologram"],"picked":"Barrage","floor":30.0},{"not_picked":["Barrage","Stack"],"picked":"Machine Learning","floor":31.0},{"not_picked":["Hyperbeam","Amplify"],"picked":"Machine Learning","floor":33.0},{"not_picked":["Turbo","Steam"],"picked":"FTL","floor":35.0},{"not_picked":["Sweeping Beam","Redo"],"picked":"Go for the Eyes+1","floor":39.0},{"not_picked":["Cold Snap","Electrodynamics","Beam Cell+1"],"picked":"SKIP","floor":40.0},{"not_picked":["Go for the Eyes+1","Cold Snap"],"picked":"White Noise+1","floor":42.0},{"not_picked":["Darkness","Sunder"],"picked":"Coolheaded+1","floor":45.0},{"not_picked":["Redo","Hello World","Compile Driver"],"picked":"SKIP","floor":47.0}],"player_experience":2203292,"relics_obtained":[{"floor":6.0,"key":"Vajra"},{"floor":8.0,"key":"Smiling Mask"},{"floor":9.0,"key":"Symbiotic Virus"},{"floor":10.0,"key":"Du-Vu Doll"},{"floor":14.0,"key":"Mango"},{"floor":20.0,"key":"Red Mask"},{"floor":26.0,"key":"Happy Flower"},{"floor":27.0,"key":"Art of War"},{"floor":30.0,"key":"Oddly Smooth Stone"},{"floor":40.0,"key":"Blood Vial"},{"floor":42.0,"key":"Mercury Hourglass"},{"floor":43.0,"key":"War Paint"}],"event_choices":[{"cards_removed":["Strike_B"],"damage_healed":0.0,"max_hp_gain":0.0,"max_hp_loss":0.0,"gold_gain":0.0,"event_name":"Golden Wing","player_choice":"Card Removal","floor":2.0,"gold_loss":0.0,"damage_taken":7.0},{"damage_healed":0.0,"max_hp_gain":0.0,"max_hp_loss":0.0,"gold_gain":0.0,"event_name":"Shining Light","player_choice":"Entered Light","floor":3.0,"gold_loss":0.0,"damage_taken":15.0,"cards_upgraded":["Dualcast","Defend_B"]},{"damage_healed":0.0,"max_hp_gain":0.0,"max_hp_loss":6.0,"gold_gain":0.0,"event_name":"Golden Idol","player_choice":"Lose Max HP","floor":4.0,"gold_loss":0.0,"damage_taken":0.0,"relics_obtained":["Golden Idol"]},{"damage_healed":17.0,"max_hp_gain":0.0,"max_hp_loss":0.0,"gold_gain":0.0,"event_name":"The Cleric","player_choice":"Healed","floor":5.0,"gold_loss":35.0,"damage_taken":0.0},{"damage_healed":0.0,"max_hp_gain":0.0,"max_hp_loss":0.0,"gold_gain":0.0,"event_name":"Addict","player_choice":"Stole Relic","floor":19.0,"gold_loss":0.0,"damage_taken":0.0,"relics_obtained":["Thread and Needle"],"cards_obtained":["Shame"]},{"damage_healed":0.0,"max_hp_gain":0.0,"max_hp_loss":0.0,"gold_gain":0.0,"event_name":"Masked Bandits","player_choice":"Fought Bandits","floor":20.0,"gold_loss":0.0,"damage_taken":0.0},{"damage_healed":0.0,"max_hp_gain":0.0,"max_hp_loss":0.0,"gold_gain":0.0,"event_name":"Back to Basics","player_choice":"Simplicity","floor":21.0,"gold_loss":0.0,"damage_taken":0.0,"cards_upgraded":["Strike_B","Strike_B","Strike_B","Defend_B","Defend_B","Defend_B"]},{"damage_healed":0.0,"max_hp_gain":0.0,"max_hp_loss":0.0,"gold_gain":0.0,"event_name":"The Mausoleum","player_choice":"Opened","floor":24.0,"gold_loss":0.0,"damage_taken":0.0,"relics_obtained":["Cables"]},{"damage_healed":0.0,"max_hp_gain":0.0,"max_hp_loss":0.0,"gold_gain":222.0,"event_name":"Tomb of Lord Red Mask","player_choice":"Wore Mask","floor":37.0,"gold_loss":0.0,"damage_taken":0.0},{"damage_healed":0.0,"max_hp_gain":0.0,"max_hp_loss":0.0,"gold_gain":0.0,"event_name":"The Woman in Blue","player_choice":"Bought 3 Potions","floor":38.0,"gold_loss":0.0,"damage_taken":0.0},{"damage_healed":0.0,"max_hp_gain":0.0,"max_hp_loss":0.0,"gold_gain":333.0,"event_name":"The Moai Head","player_choice":"Gave Idol","floor":48.0,"relics_lost":["Golden Idol"],"gold_loss":0.0,"damage_taken":0.0}],"is_beta":false,"boss_relics":[{"not_picked":["Tiny House","Empty Cage"],"picked":"Orrery"},{"not_picked":["Eternal Feather","Nuclear Battery"],"picked":"Inserter"}],"items_purged_floors":[],"is_endless":false,"potions_floor_spawned":[1,6,14,18,20,28,30,31,35,47],"ascension_level":13}