{"path_per_floor":["M","?","?","M","M","R","M","R","T","E","R","?","R","E","R","B",null,"M","M","$","M","?","E","R","E","T","M","R","?","M","M","R"],"character_chosen":"IRONCLAD","items_purchased":["Bag of Preparation","Flash of Steel"],"gold_per_floor":[110,110,110,131,156,156,126,126,151,195,195,195,195,236,236,357,357,378,402,73,96,96,129,129,203,226,240,240,240,265,285,285,285],"floor_reached":33,"campfire_rested":2,"playtime":1656,"current_hp_per_floor":[80,80,60,70,73,73,77,77,77,58,58,58,58,44,69,74,82,67,69,69,67,67,48,48,51,51,30,55,55,60,64,64,16],"items_purged":["Pain"],"gold":285,"score":366,"play_id":"11e0131a-906b-45f9-b944-0fd1d0ccf770","local_time":"20180516220345","is_prod":false,"is_daily":false,"chose_seed":false,"is_ascension_mode":true,"campfire_upgraded":4,"timestamp":1526501025,"path_taken":["M","?","?","M","M","R","M","R","T","E","R","?","R","E","R","BOSS","M","M","$","M","?","E","R","E","T","?","R","?","M","M","R","BOSS"],"build_version":"2018-05-10","seed_source_timestamp":217706549353685,"purchased_purges":1,"victory":false,"master_deck":["Strike_R+1","Strike_R+1","Strike_R+1","Strike_R+1","Defend_R+1","Defend_R+1","Defend_R+1","Defend_R+1","Bash","Metallicize+1","Thunderclap","Juggernaut+1","True Grit+1","Armaments+1","Twin Strike+1","Shrug It Off+1","Feed","Regret","Clumsy","Shrug It Off+1","True Grit+1","Flash of Steel","Intimidate+1","Feel No Pain","True Grit+1","Cleave+1","Body Slam","Sword Boomerang+1"],"max_hp_per_floor":[80,80,80,85,85,85,85,85,85,85,85,85,85,85,85,85,85,85,85,85,85,85,85,85,85,85,85,85,85,85,85,85,85],"relics":["Burning Blood","Golden Idol","Ancient Tea Set","Pen Nib","Thread and Needle","Calling Bell","Bronze Scales","Mummified Hand","Girya","Bag of Preparation","Omamori","Tiny Chest","War Paint"],"card_choices":[{"not_picked":["Seeing Red","Power Through"],"picked":"Metallicize","floor":1},{"not_picked":["Anger","True Grit"],"picked":"Thunderclap","floor":4},{"not_picked":["Clash","Pummel"],"picked":"Juggernaut","floor":5},{"not_picked":["Rupture","Heavy Blade"],"picked":"True Grit","floor":7},{"not_picked":["Flex","Twin Strike"],"picked":"Armaments","floor":10},{"not_picked":["True Grit","Headbutt"],"picked":"Shrug It Off","floor":14},{"not_picked":["Demon Form","Berserk"],"picked":"Feed","floor":16},{"not_picked":["Flex","Anger"],"picked":"Shrug It Off","floor":18},{"not_picked":["Infernal Blade","Battle Trance"],"picked":"True Grit","floor":19},{"not_picked":["Pummel","Hemokinesis"],"picked":"Intimidate","floor":21},{"not_picked":["Clash","Feed"],"picked":"Feel No Pain","floor":23},{"not_picked":["Body Slam","Hemokinesis"],"picked":"True Grit","floor":25},{"not_picked":["Havoc","Twin Strike"],"picked":"Cleave","floor":27},{"not_picked":["Anger","Bloodletting"],"picked":"Body Slam","floor":30},{"not_picked":["Cleave","Sever Soul"],"picked":"Sword Boomerang","floor":31}],"player_experience":476629,"potions_floor_usage":[4,14,21,23,23,33],"damage_taken":[{"damage":2,"enemies":"Jaw Worm","floor":1,"turns":5},{"damage":1,"enemies":"Cultist","floor":4,"turns":4},{"damage":3,"enemies":"2 Louse","floor":5,"turns":3},{"damage":2,"enemies":"Looter","floor":7,"turns":4},{"damage":25,"enemies":"Lagavulin","floor":10,"turns":7},{"damage":20,"enemies":"Gremlin Nob","floor":14,"turns":4},{"damage":1,"enemies":"The Guardian","floor":16,"turns":10},{"damage":21,"enemies":"3 Byrds","floor":18,"turns":4},{"damage":4,"enemies":"Shell Parasite","floor":19,"turns":5},{"damage":8,"enemies":"Chosen and Byrds","floor":21,"turns":4},{"damage":25,"enemies":"Gremlin Leader","floor":23,"turns":6},{"damage":3,"enemies":"Book of Stabbing","floor":25,"turns":5},{"damage":27,"enemies":"3 Cultists","floor":27,"turns":6},{"damage":1,"enemies":"Cultist and Chosen","floor":30,"turns":5},{"damage":2,"enemies":"Chosen and Byrds","floor":31,"turns":4},{"damage":48,"enemies":"Collector","floor":33,"turns":8}],"event_choices":[{"event_name":"Upgrade Shrine","player_choice":"Upgraded","floor":2,"damage_taken":0},{"event_name":"Golden Idol","player_choice":"Take Damage","floor":3,"damage_taken":0},{"event_name":"Transmorgrifier","player_choice":"Transform","floor":12,"damage_taken":0},{"event_name":"Back to Basics","player_choice":"Simplicity","floor":22,"damage_taken":0},{"event_name":"Vampires","player_choice":"Ignored","floor":29,"damage_taken":0}],"boss_relics":[{"not_picked":["White Beast Statue","Philosopher\u0027s Stone"],"picked":"Calling Bell"}],"potions_floor_spawned":[1,4,10,19,21,31],"seed_played":"1177574455178420277","killed_by":"Collector","ascension_level":5,"is_trial":false}