{"gold_per_floor":[14,31,31,51,65,65,91,91,91,91,91,108,135,146,146,251,251,269,194,194,213,87,87,17,50,50,50,75,75,93,124,124,124],"floor_reached":33,"playtime":3972,"items_purged":["Strike_B"],"score":416,"play_id":"34856524-05d7-47af-a4be-b4d66b31d241","local_time":"20190102225819","is_ascension_mode":true,"campfire_choices":[{"data":"Zap","floor":6.0,"key":"SMITH"},{"data":"Dualcast","floor":8.0,"key":"SMITH"},{"data":"Loop","floor":10.0,"key":"SMITH"},{"floor":15.0,"key":"REST"},{"floor":23.0,"key":"REST"},{"floor":27.0,"key":"REST"},{"floor":29.0,"key":"REST"},{"floor":32.0,"key":"REST"}],"neow_cost":"NO_GOLD","seed_source_timestamp":698379229967374,"circlet_count":0,"master_deck":["Strike_B","Strike_B","Defend_B","Defend_B+1","Defend_B+1","Defend_B","Zap+1","Dualcast+1","Coolheaded","Loop+1","Cold Snap","Conserve Battery","Leap","All For One","Genetic Algorithm+1","Zap","Defragment","Blizzard","FTL","Capacitor"],"special_seed":0,"relics":["FrozenCore","Smiling Mask","Strawberry","Meat on the Bone","Centennial Puzzle","Unceasing Top","Omamori","Du-Vu Doll"],"potions_floor_usage":[],"damage_taken":[{"damage":6.0,"enemies":"Cultist","floor":1.0,"turns":3.0},{"damage":0.0,"enemies":"2 Louse","floor":2.0,"turns":2.0},{"damage":0.0,"enemies":"Small Slimes","floor":4.0,"turns":3.0},{"damage":4.0,"enemies":"Exordium Thugs","floor":5.0,"turns":4.0},{"damage":19.0,"enemies":"Lagavulin","floor":7.0,"turns":8.0},{"damage":2.0,"enemies":"3 Louse","floor":12.0,"turns":3.0},{"damage":4.0,"enemies":"3 Sentries","floor":13.0,"turns":7.0},{"damage":1.0,"enemies":"Looter","floor":14.0,"turns":3.0},{"damage":13.0,"enemies":"Hexaghost","floor":16.0,"turns":12.0},{"damage":25.0,"enemies":"Chosen","floor":18.0,"turns":6.0},{"damage":15.0,"enemies":"3 Byrds","floor":21.0,"turns":8.0},{"damage":18.0,"enemies":"Gremlin Leader","floor":25.0,"turns":10.0},{"damage":68.0,"enemies":"Book of Stabbing","floor":28.0,"turns":12.0},{"damage":30.0,"enemies":"Snake Plant","floor":30.0,"turns":6.0},{"damage":30.0,"enemies":"Gremlin Leader","floor":31.0,"turns":7.0},{"damage":63,"enemies":"Champ","floor":33,"turns":15}],"seed_played":"-4074757935968097412","potions_obtained":[{"floor":4.0,"key":"Fire Potion"},{"floor":5.0,"key":"SpeedPotion"},{"floor":13.0,"key":"FocusPotion"},{"floor":21.0,"key":"SpeedPotion"},{"floor":28.0,"key":"Explosive Potion"}],"is_trial":false,"path_per_floor":["M","M","$","M","M","R","E","R","T","R","?","M","E","M","R","B",null,"M","?","?","M","$","R","$","E","T","R","E","R","M","E","R","B"],"character_chosen":"DEFECT","items_purchased":["FocusPotion","Blizzard"],"campfire_rested":5,"item_purchase_floors":[22,24],"current_hp_per_floor":[83,83,83,83,79,79,60,60,67,67,48,46,42,53,81,68,89,64,64,64,49,49,77,77,59,59,87,31,59,41,23,51,0],"gold":124,"neow_bonus":"TWENTY_PERCENT_HP_BONUS","is_prod":false,"is_daily":false,"chose_seed":false,"campfire_upgraded":3,"win_rate":0,"timestamp":1546437499,"path_taken":["M","M","$","M","M","R","E","R","T","R","?","M","E","M","R","BOSS","M","?","?","M","$","R","$","E","T","R","E","R","M","E","R","BOSS"],"build_version":"2018-12-20","purchased_purges":1,"victory":false,"max_hp_per_floor":[89,89,89,89,89,89,89,89,96,96,96,96,96,96,96,96,96,96,96,96,96,96,96,96,96,96,96,96,96,96,96,96,96],"card_choices":[{"not_picked":["Steam","Streamline"],"picked":"Coolheaded","floor":1.0},{"not_picked":["Redo","Steam Power","Go for the Eyes"],"picked":"SKIP","floor":2.0},{"not_picked":["Turbo","Barrage","Storm"],"picked":"SKIP","floor":4.0},{"not_picked":["Rebound","Auto Shields"],"picked":"Loop","floor":5.0},{"not_picked":["Stack","Reboot"],"picked":"Cold Snap","floor":7.0},{"not_picked":["Rebound","Streamline"],"picked":"Conserve Battery","floor":12.0},{"not_picked":["Chaos","Melter"],"picked":"Leap","floor":13.0},{"not_picked":["Lockon","Stack","Aggregate"],"picked":"SKIP","floor":14.0},{"not_picked":["Echo Form","Rainbow"],"picked":"All For One","floor":16.0},{"not_picked":["Hologram","Tempest+1"],"picked":"Genetic Algorithm+1","floor":18.0},{"not_picked":["Hologram","Undo"],"picked":"Defragment","floor":21.0},{"not_picked":["Auto Shields","Heatsinks","Beam Cell"],"picked":"SKIP","floor":25.0},{"not_picked":["Turbo","Rip and Tear+1","Steam+1"],"picked":"SKIP","floor":28.0},{"not_picked":["Sweeping Beam","Streamline+1"],"picked":"FTL","floor":30.0},{"not_picked":["Steam","Scrape"],"picked":"Capacitor","floor":31.0}],"player_experience":264260,"relics_obtained":[{"floor":7.0,"key":"Smiling Mask"},{"floor":9.0,"key":"Strawberry"},{"floor":13.0,"key":"Meat on the Bone"},{"floor":25.0,"key":"Centennial Puzzle"},{"floor":26.0,"key":"Unceasing Top"},{"floor":28.0,"key":"Omamori"},{"floor":31.0,"key":"Du-Vu Doll"}],"event_choices":[{"damage_healed":0.0,"max_hp_gain":0.0,"max_hp_loss":0.0,"gold_gain":0.0,"event_name":"Shining Light","player_choice":"Entered Light","floor":11.0,"gold_loss":0.0,"damage_taken":19.0,"cards_upgraded":["Defend_B","Defend_B"]},{"cards_removed":["Strike_B"],"damage_healed":0.0,"max_hp_gain":0.0,"max_hp_loss":0.0,"gold_gain":0.0,"event_name":"Beggar","player_choice":"Gave Gold","floor":19.0,"gold_loss":75.0,"damage_taken":0.0},{"damage_healed":0.0,"max_hp_gain":0.0,"max_hp_loss":0.0,"gold_gain":0.0,"event_name":"Match and Keep!","player_choice":"1 cards matched","floor":20.0,"gold_loss":0.0,"damage_taken":0.0,"cards_obtained":["Zap"]}],"is_beta":false,"boss_relics":[{"not_picked":["White Beast Statue","Busted Crown"],"picked":"FrozenCore"}],"items_purged_floors":[22],"is_endless":false,"potions_floor_spawned":[4,5,13,21,28],"killed_by":"Champ","ascension_level":5}