{"path_per_floor":["M","?","M","M","M","E","R","E","T","R","E","?","E","M","R","B",null,"M","T","M","?","?","R","M","E","T","M","E","R","T","M","R","B",null,"M","$","?","M","?"],"character_chosen":"IRONCLAD","items_purchased":["Gremlin Horn","Ginger"],"gold_per_floor":[114,114,129,142,154,216,216,242,242,242,267,367,393,408,408,507,537,554,581,596,596,596,596,606,632,632,644,678,678,678,692,692,789,789,803,196,196,216,216,216],"floor_reached":40,"campfire_rested":2,"playtime":1759,"current_hp_per_floor":[72,72,72,72,68,55,55,56,56,56,62,62,50,56,56,62,75,68,68,70,70,70,70,72,62,62,60,16,39,39,31,54,13,61,37,37,67,50,50,0],"items_purged":["Strike_R"],"gold":216,"score":661,"play_id":"3460d3a3-58f2-4b7e-98fe-d0d530a134ad","local_time":"20180521170057","is_prod":false,"is_daily":false,"chose_seed":false,"is_ascension_mode":true,"campfire_upgraded":4,"timestamp":1526914857,"campfire_choices":[{"data":"Carnage","floor":7,"key":"SMITH"},{"data":"Wild Strike","floor":10,"key":"SMITH"},{"data":"Rage","floor":15,"key":"SMITH"},{"data":"Whirlwind","floor":23,"key":"SMITH"},{"floor":29,"key":"REST"},{"floor":32,"key":"REST"}],"path_taken":["M","?","M","M","?","E","R","E","T","R","E","?","E","M","R","BOSS","M","?","M","?","?","R","M","E","T","M","E","R","?","M","R","BOSS","M","$","?","?","?","BOSS"],"build_version":"2018-05-17","seed_source_timestamp":631413229843601,"purchased_purges":1,"victory":false,"master_deck":["Strike_R","Strike_R","Strike_R","Strike_R+1","Defend_R","Defend_R","Defend_R","Bash","Shrug It Off","Pommel Strike","Armaments","Shrug It Off","Carnage+1","Wild Strike+1","Whirlwind+1","Blood for Blood","Rage+1","Brutality+1","Shrug It Off","Thunderclap","Double Tap","Flex+1","Ghostly Armor+1","Spot Weakness","Juggernaut+1","Warcry+1","Seeing Red+1"],"max_hp_per_floor":[72,72,72,72,72,72,72,72,72,72,72,72,72,72,72,72,77,77,77,77,77,77,77,77,77,77,77,77,77,77,77,77,77,77,77,77,67,67,67,67],"relics":["Burning Blood","Ice Cream","Tiny Chest","Smiling Mask","Frozen Egg 2","Art of War","Thread and Needle","Tiny House","Bag of Marbles","Orichalcum","Charon\u0027s Ashes","Bag of Preparation","Kunai","Black Star","Gremlin Horn","Ginger"],"card_choices":[{"not_picked":["Twin Strike","Wild Strike"],"picked":"Shrug It Off","floor":1},{"not_picked":["Infernal Blade","Power Through"],"picked":"Pommel Strike","floor":3},{"not_picked":["True Grit","Havoc"],"picked":"Armaments","floor":4},{"not_picked":["Body Slam","Armaments"],"picked":"Shrug It Off","floor":5},{"not_picked":["Flex","Battle Trance"],"picked":"Carnage","floor":6},{"not_picked":["Havoc","Sentinel"],"picked":"Wild Strike","floor":8},{"not_picked":["Feel No Pain+1","Thunderclap"],"picked":"Whirlwind","floor":11},{"not_picked":["Flex","Rupture+1"],"picked":"Blood for Blood","floor":13},{"not_picked":["Rupture+1","Perfected Strike"],"picked":"Rage","floor":14},{"not_picked":["Feed","Berserk+1"],"picked":"Brutality+1","floor":16},{"not_picked":["Wild Strike","Uppercut"],"picked":"Shrug It Off","floor":18},{"not_picked":["Dropkick","Ghostly Armor"],"picked":"Thunderclap","floor":20},{"not_picked":["Searing Blow","Anger+1","Clothesline"],"picked":"SKIP","floor":24},{"not_picked":["Cleave","Feed"],"picked":"Double Tap","floor":25},{"not_picked":["Burning Pact","Armaments"],"picked":"Flex+1","floor":27},{"not_picked":["Feel No Pain+1","Armaments"],"picked":"Ghostly Armor+1","floor":28},{"not_picked":["Second Wind+1","Perfected Strike"],"picked":"Spot Weakness","floor":31},{"not_picked":["Demon Form+1","Bludgeon"],"picked":"Juggernaut+1","floor":33},{"not_picked":["Heavy Blade","Cleave"],"picked":"Warcry+1","floor":35},{"not_picked":["Shrug It Off","Power Through+1"],"picked":"Seeing Red+1","floor":38}],"player_experience":497330,"potions_floor_usage":[6,6,8,11,13,16,24,24,25,28,40],"damage_taken":[{"damage":2,"enemies":"2 Louse","floor":1,"turns":3},{"damage":6,"enemies":"Cultist","floor":3,"turns":3},{"damage":5,"enemies":"Jaw Worm","floor":4,"turns":5},{"damage":10,"enemies":"Red Slaver","floor":5,"turns":6},{"damage":19,"enemies":"Gremlin Nob","floor":6,"turns":5},{"damage":5,"enemies":"3 Sentries","floor":8,"turns":8},{"damage":0,"enemies":"Lagavulin","floor":11,"turns":3},{"damage":18,"enemies":"3 Sentries","floor":13,"turns":7},{"damage":0,"enemies":"Large Slime","floor":14,"turns":3},{"damage":0,"enemies":"Slime Boss","floor":16,"turns":7},{"damage":13,"enemies":"Shell Parasite","floor":18,"turns":5},{"damage":4,"enemies":"3 Byrds","floor":20,"turns":5},{"damage":4,"enemies":"Snake Plant","floor":24,"turns":3},{"damage":16,"enemies":"Slavers","floor":25,"turns":5},{"damage":8,"enemies":"Slaver and Parasite","floor":27,"turns":5},{"damage":50,"enemies":"Book of Stabbing","floor":28,"turns":6},{"damage":14,"enemies":"Chosen and Byrds","floor":31,"turns":6},{"damage":47,"enemies":"Collector","floor":33,"turns":7},{"damage":30,"enemies":"3 Darklings","floor":35,"turns":5},{"damage":23,"enemies":"3 Shapes","floor":38,"turns":5},{"damage":63,"enemies":"Time Eater","floor":40,"turns":4}],"relics_obtained":[{"floor":6,"key":"Tiny Chest"},{"floor":8,"key":"Smiling Mask"},{"floor":9,"key":"Frozen Egg 2"},{"floor":11,"key":"Art of War"},{"floor":13,"key":"Thread and Needle"},{"floor":19,"key":"Bag of Marbles"},{"floor":25,"key":"Orichalcum"},{"floor":26,"key":"Charon\u0027s Ashes"},{"floor":28,"key":"Bag of Preparation"},{"floor":30,"key":"Kunai"}],"event_choices":[{"event_name":"The Lab","player_choice":"Got Potions","floor":2,"damage_taken":0},{"event_name":"Wheel of Change","player_choice":"Gold","floor":12,"damage_taken":0},{"event_name":"Ghosts","player_choice":"Ignored","floor":21,"damage_taken":0},{"event_name":"Wheel of Change","player_choice":"Card Removal","floor":22,"damage_taken":0},{"event_name":"The Moai Head","player_choice":"Heal","floor":37,"damage_taken":0},{"event_name":"SecretPortal","player_choice":"Took Portal.","floor":39,"damage_taken":0}],"boss_relics":[{"not_picked":["Mark of Pain","Eternal Feather"],"picked":"Tiny House"},{"not_picked":["Philosopher\u0027s Stone","Cursed Key"],"picked":"Black Star"}],"potions_floor_spawned":[4,5,6,8,13,14,20,24,31,35],"seed_played":"6809202464812574457","killed_by":"Time Eater","ascension_level":5,"potions_obtained":[{"floor":2,"key":"SpeedPotion"},{"floor":2,"key":"Poison Potion"},{"floor":2,"key":"Block Potion"},{"floor":6,"key":"EssenceOfSteel"},{"floor":8,"key":"Strength Potion"},{"floor":13,"key":"Strength Potion"},{"floor":14,"key":"EssenceOfSteel"},{"floor":17,"key":"SpeedPotion"},{"floor":20,"key":"Energy Potion"},{"floor":24,"key":"AttackPotion"},{"floor":31,"key":"SmokeBomb"},{"floor":35,"key":"AttackPotion"}],"is_trial":false}