{"gold_per_floor":[116,135,135,149,149,174,185,185,185,63,96,43,58,78,78,176,176,193,213,213,15,32,32,357,374,374,390,409,149,249,260,260,357,357,370,138,153,167,187,187,199,199,245,245,245,245,259,259],"floor_reached":48,"playtime":9455,"items_purged":["Catalyst+1"],"score":518,"play_id":"c79c9d05-74ba-4fd5-9c46-42c288a0d559","local_time":"20190130021026","is_ascension_mode":false,"campfire_choices":[{"data":"Choke","floor":8,"key":"SMITH"},{"floor":15,"key":"REST"},{"data":"Caltrops","floor":23,"key":"SMITH"},{"floor":32,"key":"REST"},{"floor":40,"key":"REST"},{"floor":42,"key":"REST"},{"data":"Backstab","floor":44,"key":"SMITH"},{"data":"Footwork","floor":46,"key":"SMITH"}],"neow_cost":"NONE","seed_source_timestamp":22991718775500,"circlet_count":0,"master_deck":["Defend_G","Defend_G","Defend_G","Defend_G","Defend_G","Strike_G","Strike_G","Strike_G","Strike_G","Survivor","Neutralize","Dagger Throw","Footwork","Bullet Time","Choke+1","Backflip","PiercingWail","Caltrops+1","Dodge and Roll","Dodge and Roll","Cloak And Dagger","Dash","Flying Knee+1","Backstab+1","Well Laid Plans+1","Well Laid Plans+1","Acrobatics","Blur","Footwork+1","PiercingWail","Escape Plan+1","Quick Slash+1","Footwork","Flechettes","Calculated Gamble","Cloak And Dagger+1","Finesse"],"relics":["Ring of the Snake","Potion Belt","Bronze Scales","Letter Opener","Sozu","HandDrill","Old Coin","Mercury Hourglass","Oddly Smooth Stone","Astrolabe","Dream Catcher"],"potions_floor_usage":[6,7,16],"damage_taken":[{"damage":0,"enemies":"2 Louse","floor":1,"turns":3},{"damage":3,"enemies":"Jaw Worm","floor":2,"turns":4},{"damage":1,"enemies":"Cultist","floor":4,"turns":3},{"damage":25,"enemies":"Gremlin Nob","floor":6,"turns":6},{"damage":2,"enemies":"Blue Slaver","floor":7,"turns":2},{"damage":22,"enemies":"3 Sentries","floor":11,"turns":8},{"damage":0,"enemies":"Gremlin Gang","floor":13,"turns":3},{"damage":0,"enemies":"Lots of Slimes","floor":14,"turns":2},{"damage":43,"enemies":"Slime Boss","floor":16,"turns":19},{"damage":3,"enemies":"Chosen","floor":18,"turns":6},{"damage":0,"enemies":"3 Byrds","floor":19,"turns":2},{"damage":15,"enemies":"Centurion and Healer","floor":22,"turns":4},{"damage":15,"enemies":"Book of Stabbing","floor":24,"turns":5},{"damage":28,"enemies":"3 Cultists","floor":25,"turns":5},{"damage":9,"enemies":"Shelled Parasite and Fungi","floor":27,"turns":5},{"damage":8,"enemies":"Snake Plant","floor":28,"turns":3},{"damage":18,"enemies":"Snecko","floor":31,"turns":6},{"damage":22,"enemies":"Collector","floor":33,"turns":12},{"damage":0,"enemies":"3 Shapes","floor":35,"turns":6},{"damage":5,"enemies":"Orb Walker","floor":37,"turns":4},{"damage":38,"enemies":"Transient","floor":38,"turns":5},{"damage":4,"enemies":"3 Darklings","floor":39,"turns":6},{"damage":13,"enemies":"4 Shapes","floor":41,"turns":4},{"damage":27,"enemies":"Spire Growth","floor":47,"turns":6},{"damage":48,"enemies":"Transient","floor":48,"turns":5}],"seed_played":"-489505801188650593","potions_obtained":[{"floor":2,"key":"Weak Potion"},{"floor":6,"key":"AttackPotion"},{"floor":7,"key":"Dexterity Potion"},{"floor":13,"key":"FairyPotion"}],"is_trial":false,"path_per_floor":["M","M","?","M","$","E","M","R","T","$","E","$","M","M","R","B",null,"M","M","?","$","M","R","E","M","T","M","M","$","?","M","R","B",null,"M","$","M","M","M","R","M","R","T","R","?","R","M","M"],"character_chosen":"THE_SILENT","items_purchased":["PiercingWail","Caltrops","Dodge and Roll","HandDrill","Footwork","PiercingWail","Oddly Smooth Stone","Footwork","Flechettes"],"campfire_rested":4,"item_purchase_floors":[10,10,12,21,29,29,29,36,36],"current_hp_per_floor":[77,74,79,78,78,53,51,51,51,51,29,29,29,29,53,10,82,79,79,79,79,64,64,49,21,21,12,4,4,4,8,32,10,82,82,82,77,39,35,59,46,70,70,70,70,70,43,0],"gold":259,"neow_bonus":"TEN_PERCENT_HP_BONUS","is_prod":false,"is_daily":false,"chose_seed":false,"campfire_upgraded":4,"win_rate":0.0,"timestamp":1548832226,"path_taken":["M","M","?","M","$","E","M","R","T","$","E","?","?","M","R","BOSS","M","M","?","$","M","R","E","M","T","M","?","$","?","M","R","BOSS","M","?","M","M","M","R","M","R","T","R","?","R","M","M"],"build_version":"2019-01-23","purchased_purges":1,"victory":false,"max_hp_per_floor":[77,77,82,82,82,82,82,82,82,82,82,82,82,82,82,82,82,82,82,82,82,82,82,82,82,82,82,82,82,82,82,82,82,82,82,82,82,82,82,82,82,82,82,82,82,82,82,82],"card_choices":[{"not_picked":["Sucker Punch","Bane"],"picked":"Dagger Throw","floor":1},{"not_picked":["Dagger Spray","Cloak And Dagger"],"picked":"Footwork","floor":2},{"not_picked":["Acrobatics","Eviscerate"],"picked":"Bullet Time","floor":4},{"not_picked":["Well Laid Plans","Deflect"],"picked":"Choke","floor":6},{"not_picked":["Acrobatics","Deflect"],"picked":"Backflip","floor":7},{"not_picked":["Calculated Gamble","Bane"],"picked":"Dodge and Roll","floor":11},{"not_picked":["Dagger Throw","Backflip"],"picked":"Cloak And Dagger","floor":13},{"not_picked":["Flechettes","PiercingWail"],"picked":"Dash","floor":14},{"not_picked":["Phantasmal Killer","Burst"],"picked":"Grand Finale","floor":16},{"not_picked":["Bane+1","Poisoned Stab"],"picked":"Flying Knee+1","floor":18},{"not_picked":["Deflect","Quick Slash"],"picked":"Backstab","floor":19},{"not_picked":["Cloak And Dagger","Quick Slash+1"],"picked":"Well Laid Plans+1","floor":22},{"not_picked":["A Thousand Cuts","Unload"],"picked":"Well Laid Plans+1","floor":24},{"not_picked":["Bouncing Flask","Outmaneuver+1"],"picked":"Acrobatics","floor":25},{"not_picked":["Bane+1","Dagger Throw+1"],"picked":"Finisher","floor":27},{"not_picked":["Acrobatics","Poisoned Stab"],"picked":"Blur","floor":28},{"not_picked":["Dodge and Roll","Endless Agony","Tactician+1"],"picked":"SKIP","floor":31},{"not_picked":["Dagger Spray+1","Dagger Throw","Underhanded Strike"],"picked":"SKIP","floor":35},{"not_picked":["Slice","Cloak And Dagger"],"picked":"Calculated Gamble","floor":37},{"not_picked":["Finisher","Deflect","Outmaneuver"],"picked":"SKIP","floor":38},{"not_picked":["Outmaneuver","Reflex+1"],"picked":"Cloak And Dagger+1","floor":39},{"not_picked":["PiercingWail","Flying Knee+1","Cloak And Dagger+1"],"picked":"SKIP","floor":41},{"not_picked":["Forethought","Jack Of All Trades"],"picked":"Finesse","floor":45},{"not_picked":["Wraith Form v2","Blade Dance","PiercingWail"],"picked":"SKIP","floor":47}],"player_experience":171813,"relics_obtained":[{"floor":6,"key":"Potion Belt"},{"floor":9,"key":"Bronze Scales"},{"floor":11,"key":"Letter Opener"},{"floor":24,"key":"Old Coin"},{"floor":26,"key":"Mercury Hourglass"},{"floor":43,"key":"Dream Catcher"}],"event_choices":[{"damage_healed":0,"gold_gain":0,"player_choice":"Donut","damage_taken":0,"max_hp_gain":5,"max_hp_loss":0,"event_name":"Big Fish","floor":3,"gold_loss":0},{"damage_healed":0,"gold_gain":0,"player_choice":"Bought 0 Potions","damage_taken":0,"max_hp_gain":0,"max_hp_loss":0,"event_name":"The Woman in Blue","floor":20,"gold_loss":0},{"damage_healed":0,"gold_gain":100,"player_choice":"Pray","damage_taken":0,"max_hp_gain":0,"max_hp_loss":0,"event_name":"Golden Shrine","floor":30,"gold_loss":0},{"damage_healed":0,"gold_gain":0,"player_choice":"Memory 1","damage_taken":0,"max_hp_gain":0,"max_hp_loss":0,"event_name":"SensoryStone","floor":45,"gold_loss":0}],"is_beta":false,"boss_relics":[{"not_picked":["Fusion Hammer","Ectoplasm"],"picked":"Sozu"},{"not_picked":["HoveringKite","Pandora\u0027s Box"],"picked":"Astrolabe"}],"items_purged_floors":[36],"is_endless":false,"potions_floor_spawned":[2,6,7,13,19,24,28,33,38,41],"killed_by":"Transient","ascension_level":0}