{"gold_per_floor":[16,26,44,44,56,56,88,10,10,26,26,53,65,85,85,159,159,178,14,14,25,39,39,69,69,146,146,180,105,20,53,53,127,127,140,140,140,54,54,54,54,86,86,116,116,136,136],"floor_reached":47,"playtime":2116,"items_purged":["Bane"],"score":1173,"play_id":"e444aff8-5dfc-4473-a906-950d5e12a5c9","local_time":"20181022071642","is_ascension_mode":true,"campfire_choices":[{"data":"Neutralize","floor":6,"key":"SMITH"},{"floor":11,"key":"REST"},{"data":"Dagger Spray","floor":15,"key":"SMITH"},{"data":"Wraith Form v2","floor":23,"key":"SMITH"},{"floor":25,"key":"REST"},{"data":"Leg Sweep","floor":27,"key":"SMITH"},{"floor":32,"key":"REST"},{"floor":40,"key":"REST"},{"floor":45,"key":"REST"}],"neow_cost":"NO_GOLD","seed_source_timestamp":379695971331121,"circlet_count":0,"master_deck":["Survivor","Neutralize+1","AscendersBane","Dagger Spray+1","Flying Knee","Cloak And Dagger","Endless Agony","Accuracy","Blade Dance","Backflip","Backstab","Wraith Form v2+1","Finisher","Die Die Die","Dagger Spray","Dagger Spray","Noxious Fumes","Leg Sweep+1","Endless Agony","Predator","Dagger Spray","Terror","All Out Attack","Deflect","Dash+1","Footwork","Dodge and Roll","After Image","Endless Agony+1","Infinite Blades","Skewer+1","Apotheosis","A Thousand Cuts"],"relics":["Ring of the Snake","StoneCalendar","Vajra","PreservedInsect","Bottled Flame","Pandora\u0027s Box","Bronze Scales","Orichalcum","Mercury Hourglass","Pen Nib","Strawberry","Singing Bowl","Sozu","Potion Belt","The Specimen","Boot","Ornamental Fan","Thread and Needle"],"potions_floor_usage":[7,7,16,16,31,33,33],"damage_taken":[{"damage":6,"enemies":"Cultist","floor":1,"turns":6},{"damage":1,"enemies":"2 Louse","floor":2,"turns":3},{"damage":3,"enemies":"Small Slimes","floor":3,"turns":4},{"damage":1,"enemies":"2 Fungi Beasts","floor":5,"turns":3},{"damage":11,"enemies":"Gremlin Nob","floor":7,"turns":4},{"damage":22,"enemies":"Exordium Thugs","floor":10,"turns":6},{"damage":5,"enemies":"3 Sentries","floor":12,"turns":3},{"damage":0,"enemies":"Looter","floor":13,"turns":2},{"damage":0,"enemies":"2 Fungi Beasts","floor":14,"turns":2},{"damage":28,"enemies":"Slime Boss","floor":16,"turns":7},{"damage":9,"enemies":"Shell Parasite","floor":18,"turns":3},{"damage":1,"enemies":"Spheric Guardian","floor":21,"turns":3},{"damage":0,"enemies":"3 Cultists","floor":22,"turns":3},{"damage":18,"enemies":"Slavers","floor":24,"turns":3},{"damage":0,"enemies":"Gremlin Leader","floor":28,"turns":2},{"damage":15,"enemies":"Book of Stabbing","floor":31,"turns":2},{"damage":44,"enemies":"Champ","floor":33,"turns":14},{"damage":15,"enemies":"3 Shapes","floor":35,"turns":4},{"damage":6,"enemies":"Mind Bloom Boss Battle","floor":39,"turns":5},{"damage":11,"enemies":"Reptomancer","floor":42,"turns":5},{"damage":40,"enemies":"Giant Head","floor":44,"turns":7},{"damage":0,"enemies":"3 Darklings","floor":46,"turns":3},{"damage":41,"enemies":"Spire Growth","floor":47,"turns":3}],"seed_played":"6271625440542923541","potions_obtained":[{"floor":2,"key":"SpeedPotion"},{"floor":3,"key":"Poison Potion"},{"floor":10,"key":"Weak Potion"},{"floor":13,"key":"Block Potion"},{"floor":14,"key":"Regen Potion"},{"floor":21,"key":"Block Potion"},{"floor":24,"key":"AttackPotion"},{"floor":31,"key":"AttackPotion"}],"is_trial":false,"path_per_floor":["M","M","M","$","M","R","E","$","T","M","R","E","M","M","R","B",null,"M","$","?","M","M","R","E","R","T","R","E","$","?","E","R","B",null,"M","?","?","$","?","R","?","E","T","E","R","M"],"character_chosen":"THE_SILENT","items_purchased":["Blade Dance","Backflip","Bronze Scales","Infinite Blades"],"campfire_rested":5,"item_purchase_floors":[8,8,19,38],"current_hp_per_floor":[53,52,49,49,48,48,37,37,37,15,34,29,29,29,29,16,54,45,45,45,44,44,44,26,45,45,45,45,45,52,37,58,14,58,43,43,43,43,37,58,55,46,46,6,29,31,0],"gold":136,"neow_bonus":"ONE_RARE_RELIC","is_prod":false,"is_daily":false,"chose_seed":false,"campfire_upgraded":4,"win_rate":0,"timestamp":1540207002,"path_taken":["M","M","M","$","M","R","E","$","T","?","R","E","M","M","R","BOSS","M","$","?","M","M","R","E","R","T","R","E","?","?","E","R","BOSS","M","?","?","$","?","R","?","E","T","E","R","M","?"],"build_version":"2018-10-18","purchased_purges":1,"victory":false,"max_hp_per_floor":[66,66,66,66,66,66,66,66,66,66,66,66,66,66,66,66,66,66,66,66,66,66,66,66,66,66,66,66,66,73,73,73,73,73,73,73,73,73,73,73,75,77,77,77,77,79,79],"card_choices":[{"not_picked":["Escape Plan","Distraction"],"picked":"Dagger Spray","floor":1},{"not_picked":["Riddle With Holes","Prepared"],"picked":"Flying Knee","floor":2},{"not_picked":["PiercingWail","Outmaneuver"],"picked":"Cloak And Dagger","floor":3},{"not_picked":["Prepared","Bane"],"picked":"Endless Agony","floor":5},{"not_picked":["Dagger Throw","Dodge and Roll"],"picked":"Accuracy","floor":7},{"not_picked":["Eviscerate","PiercingWail"],"picked":"Cloak And Dagger","floor":10},{"not_picked":["Accuracy","Flying Knee"],"picked":"Backstab","floor":12},{"not_picked":["PiercingWail","All Out Attack"],"picked":"Wraith Form v2","floor":13},{"not_picked":["Quick Slash","Bane"],"picked":"Finisher","floor":14},{"not_picked":["Storm of Steel","Night Terror"],"picked":"Die Die Die","floor":16},{"not_picked":["Deadly Poison","Blade Dance"],"picked":"Deflect","floor":18},{"not_picked":["Sucker Punch","Slice","Poisoned Stab"],"picked":"SKIP","floor":21},{"not_picked":["Bane","Blur"],"picked":"Dash+1","floor":22},{"not_picked":["Tactician","Bullet Time","Finisher"],"picked":"SKIP","floor":24},{"not_picked":["Masterful Stab+1","Acrobatics"],"picked":"Footwork","floor":28},{"not_picked":["Acrobatics","Distraction"],"picked":"Dodge and Roll","floor":31},{"not_picked":["Bullet Time","Wraith Form v2"],"picked":"After Image","floor":33},{"not_picked":["Predator+1","Slice"],"picked":"Endless Agony+1","floor":35},{"not_picked":["Sucker Punch","Flechettes"],"picked":"Skewer+1","floor":39},{"not_picked":["Master of Strategy","Flash of Steel"],"picked":"Apotheosis","floor":41},{"not_picked":["Finesse","Secret Weapon","Metamorphosis"],"picked":"Singing Bowl","floor":41},{"not_picked":["Flying Knee","Dagger Throw","Outmaneuver"],"picked":"Singing Bowl","floor":42},{"not_picked":["Flechettes","Blade Dance"],"picked":"A Thousand Cuts","floor":44},{"not_picked":["Deflect","Deadly Poison","Dagger Spray+1"],"picked":"Singing Bowl","floor":46}],"player_experience":1067221,"relics_obtained":[{"floor":7,"key":"Vajra"},{"floor":9,"key":"PreservedInsect"},{"floor":12,"key":"Bottled Flame"},{"floor":24,"key":"Orichalcum"},{"floor":26,"key":"Mercury Hourglass"},{"floor":28,"key":"Pen Nib"},{"floor":31,"key":"Singing Bowl"},{"floor":39,"key":"The Specimen"},{"floor":42,"key":"Boot"},{"floor":43,"key":"Ornamental Fan"},{"floor":44,"key":"Thread and Needle"}],"event_choices":[{"damage_healed":0,"gold_gain":0,"player_choice":"Ignored","damage_taken":0,"max_hp_gain":0,"max_hp_loss":0,"event_name":"Beggar","floor":20,"gold_loss":0},{"damage_healed":0,"gold_gain":0,"player_choice":"Obtained Relic","damage_taken":0,"relics_obtained":["Strawberry"],"max_hp_gain":0,"max_hp_loss":0,"event_name":"Addict","floor":30,"gold_loss":85},{"cards_removed":["Cloak And Dagger"],"damage_healed":0,"gold_gain":0,"player_choice":"Gave Card","damage_taken":0,"relics_obtained":["Potion Belt"],"max_hp_gain":0,"max_hp_loss":0,"event_name":"WeMeetAgain","floor":36,"gold_loss":0},{"damage_healed":0,"gold_gain":0,"player_choice":"Ignored","damage_taken":0,"max_hp_gain":0,"max_hp_loss":0,"event_name":"Tomb of Lord Red Mask","floor":37,"gold_loss":0},{"damage_healed":0,"gold_gain":0,"player_choice":"Fight","damage_taken":0,"max_hp_gain":0,"max_hp_loss":0,"event_name":"MindBloom","floor":39,"gold_loss":0},{"damage_healed":0,"gold_gain":0,"player_choice":"Memory 2","damage_taken":5,"max_hp_gain":0,"max_hp_loss":0,"event_name":"SensoryStone","floor":41,"gold_loss":0}],"is_beta":false,"boss_relics":[{"not_picked":["Empty Cage","Busted Crown"],"picked":"Pandora\u0027s Box"},{"not_picked":["WristBlade","Velvet Choker"],"picked":"Sozu"}],"items_purged_floors":[29],"is_endless":false,"potions_floor_spawned":[2,3,10,13,14,21,24,31,35,39,46],"killed_by":"Spire Growth","ascension_level":20}