{"path_per_floor":["M","M","M","M","?","E","R","?","T"],"character_chosen":"IRONCLAD","items_purchased":[],"gold_per_floor":[110,125,139,157,157,188,188,266,347,347],"floor_reached":10,"campfire_rested":1,"playtime":760,"item_purchase_floors":[],"current_hp_per_floor":[72,66,72,61,61,16,38,28,28,0],"items_purged":[],"gold":347,"score":88,"play_id":"b7e1d13a-7d76-41f2-a7e9-9c40a1192dd9","local_time":"20180607001740","is_prod":false,"is_daily":false,"chose_seed":false,"is_ascension_mode":true,"campfire_upgraded":0,"win_rate":0,"timestamp":1528323460,"campfire_choices":[{"floor":7,"key":"REST"}],"path_taken":["M","M","M","M","?","E","R","?","T","E"],"build_version":"2018-05-31","seed_source_timestamp":331359564134202,"purchased_purges":0,"victory":false,"master_deck":["Strike_R","Strike_R","Strike_R","Strike_R","Strike_R","Defend_R","Defend_R","Defend_R","Defend_R","Bash+1","Havoc","Shrug It Off","Shrug It Off","Fiend Fire","Clash","Clash"],"max_hp_per_floor":[80,80,80,80,74,74,74,74,74,74],"relics":["Burning Blood","Golden Idol","Pantograph","Vajra","Tiny Chest"],"card_choices":[{"not_picked":["Entrench","Blood for Blood"],"picked":"Havoc","floor":1},{"not_picked":["Thunderclap","Infernal Blade"],"picked":"Shrug It Off","floor":2},{"not_picked":["Wild Strike","Warcry"],"picked":"Shrug It Off","floor":3},{"not_picked":["Headbutt","Sword Boomerang"],"picked":"Fiend Fire","floor":4},{"not_picked":["Sword Boomerang","Infernal Blade"],"picked":"Clash","floor":6},{"not_picked":["Body Slam","Wild Strike"],"picked":"Clash","floor":8}],"player_experience":588458,"potions_floor_usage":[6],"damage_taken":[{"damage":6,"enemies":"2 Louse","floor":1,"turns":3},{"damage":12,"enemies":"Jaw Worm","floor":2,"turns":3},{"damage":0,"enemies":"Cultist","floor":3,"turns":3},{"damage":17,"enemies":"Large Slime","floor":4,"turns":7},{"damage":51,"enemies":"Lagavulin","floor":6,"turns":8},{"damage":16,"enemies":"Gremlin Nob","floor":8,"turns":3},{"damage":31,"enemies":"Gremlin Nob","floor":10,"turns":3}],"relics_obtained":[{"floor":6,"key":"Pantograph"},{"floor":9,"key":"Tiny Chest"}],"event_choices":[{"event_name":"Golden Idol","player_choice":"Lose Max HP","floor":5,"damage_taken":0},{"event_name":"Dead Adventurer","player_choice":"Searched \u00272\u0027 times","floor":8,"damage_taken":0}],"boss_relics":[],"items_purged_floors":[],"potions_floor_spawned":[3,6],"seed_played":"-7728125289233132814","killed_by":"Gremlin Nob","ascension_level":6,"potions_obtained":[{"floor":3,"key":"LiquidBronze"},{"floor":6,"key":"Ancient Potion"}],"is_trial":false}