{"gold_per_floor":[117,129,304,320,320,355,355,370,417,435,462,462,90,102,102,200,200,200,140,140,140,140],"floor_reached":22,"playtime":743,"items_purged":["Doubt"],"score":287,"play_id":"38122bf6-994c-44ae-8fd3-ceb298f90b3e","local_time":"20181006125551","is_ascension_mode":true,"campfire_choices":[{"floor":7,"key":"REST"},{"data":"Fusion","floor":12,"key":"SMITH"},{"floor":15,"key":"REST"}],"neow_cost":"NONE","seed_source_timestamp":337395666161,"circlet_count":0,"master_deck":["Strike_B","Strike_B","Strike_B","Strike_B","Defend_B","Defend_B+1","Defend_B+1","Defend_B","Zap","Dualcast","Redo","Genetic Algorithm","Ball Lightning","Sunder","Stack","Ball Lightning","Fusion+1","Ball Lightning","Electrodynamics","Hologram","Leap","Conserve Battery"],"relics":["Cracked Core","NeowsBlessing","Mercury Hourglass","Bag of Preparation","Oddly Smooth Stone","Runic Capacitor","Ectoplasm"],"potions_floor_usage":[6,11,11,11,11,14,19,22,22],"damage_taken":[{"damage":0,"enemies":"Jaw Worm","floor":1,"turns":1},{"damage":0,"enemies":"2 Louse","floor":2,"turns":1},{"damage":0,"enemies":"Cultist","floor":4,"turns":1},{"damage":7,"enemies":"3 Sentries","floor":6,"turns":5},{"damage":0,"enemies":"3 Louse","floor":8,"turns":2},{"damage":5,"enemies":"Exordium Wildlife","floor":10,"turns":3},{"damage":12,"enemies":"Lagavulin","floor":11,"turns":3},{"damage":10,"enemies":"Large Slime","floor":14,"turns":5},{"damage":10,"enemies":"The Guardian","floor":16,"turns":8},{"damage":0,"enemies":"Spheric Guardian","floor":18,"turns":3},{"damage":1,"enemies":"2 Thieves","floor":19,"turns":3},{"damage":17,"enemies":"Centurion and Healer","floor":21,"turns":5},{"damage":9,"enemies":"Colosseum Slavers","floor":22,"turns":4},{"damage":62,"enemies":"Colosseum Nobs","floor":22,"turns":3}],"seed_played":"3265670182907172947","potions_obtained":[{"floor":2,"key":"AttackPotion"},{"floor":8,"key":"AttackPotion"},{"floor":10,"key":"EntropicBrew"},{"floor":16,"key":"Ancient Potion"}],"is_trial":false,"path_per_floor":["M","M","?","M","?","E","R","M","T","M","E","R","$","M","R","B",null,"M","M","?","M"],"character_chosen":"DEFECT","items_purchased":["Runic Capacitor","Energy Potion","SkillPotion"],"campfire_rested":2,"item_purchase_floors":[13,13,13],"current_hp_per_floor":[68,68,68,68,53,46,68,68,68,63,51,51,51,41,63,53,70,70,69,69,52,0],"gold":140,"neow_bonus":"THREE_ENEMY_KILL","is_prod":false,"is_daily":false,"chose_seed":false,"campfire_upgraded":1,"win_rate":0,"timestamp":1538823351,"path_taken":["M","M","?","?","?","E","R","M","T","?","E","R","$","?","R","BOSS","M","?","?","M","?"],"build_version":"2018-10-04v2","purchased_purges":1,"victory":false,"max_hp_per_floor":[75,75,75,75,75,75,75,75,75,75,75,75,75,75,75,75,75,75,75,75,75,75],"card_choices":[{"not_picked":["Turbo","Storm"],"picked":"Redo","floor":1},{"not_picked":["Conserve Battery","Stack"],"picked":"Genetic Algorithm","floor":2},{"not_picked":["Sunder","Steam Power"],"picked":"Ball Lightning","floor":4},{"not_picked":["Coolheaded","Darkness"],"picked":"Sunder","floor":6},{"not_picked":["Rebound","Gash"],"picked":"Stack","floor":8},{"not_picked":["Rainbow","Chill"],"picked":"Ball Lightning","floor":10},{"not_picked":["Rebound","Gash"],"picked":"Fusion","floor":11},{"not_picked":["Go for the Eyes","Steam Power"],"picked":"Ball Lightning","floor":14},{"not_picked":["Reboot","All For One"],"picked":"Electrodynamics","floor":16},{"not_picked":["Coolheaded","Turbo"],"picked":"Hologram","floor":18},{"not_picked":["Chill","Stack"],"picked":"Leap","floor":19},{"not_picked":["Self Repair","Steam"],"picked":"Conserve Battery","floor":21}],"player_experience":1044405,"relics_obtained":[{"floor":6,"key":"Mercury Hourglass"},{"floor":9,"key":"Bag of Preparation"},{"floor":11,"key":"Oddly Smooth Stone"}],"event_choices":[{"event_name":"Liars Game","player_choice":"agreed","floor":3,"damage_taken":0},{"event_name":"Shining Light","player_choice":"Entered Light","floor":5,"damage_taken":0},{"event_name":"Ghosts","player_choice":"Ignored","floor":20,"damage_taken":0},{"event_name":"Colosseum","player_choice":"Fight","floor":22,"damage_taken":0},{"event_name":"Colosseum","player_choice":"Fought Nobs","floor":22,"damage_taken":0}],"is_beta":false,"boss_relics":[{"not_picked":["Tiny House","FrozenCore"],"picked":"Ectoplasm"}],"items_purged_floors":[13],"is_endless":false,"potions_floor_spawned":[2,8,10,16],"killed_by":"Colosseum Nobs","ascension_level":9}