{"path_per_floor":["M","M","?","M","?","E","M","M","T","$","?","?","R","M","R"],"character_chosen":"DEFECT","items_purchased":["Cold Snap","Bottled Tornado"],"gold_per_floor":[10,23,98,118,368,401,412,382,409,133,204,204,204,227,227,227],"floor_reached":16,"campfire_rested":2,"playtime":857,"item_purchase_floors":[10,10],"current_hp_per_floor":[75,71,60,60,60,38,22,10,10,10,10,10,32,26,48,0],"items_purged":[],"gold":227,"score":125,"play_id":"0347ca1c-1ec8-4c93-be33-03b21c10ebeb","local_time":"20180620195656","is_prod":false,"is_daily":false,"chose_seed":false,"is_ascension_mode":true,"campfire_upgraded":0,"win_rate":0,"timestamp":1529517416,"campfire_choices":[{"floor":13,"key":"REST"},{"floor":15,"key":"REST"}],"path_taken":["M","M","?","M","?","E","M","M","T","$","?","?","R","?","R","BOSS"],"build_version":"2018-06-14v2","seed_source_timestamp":612319397874639,"purchased_purges":0,"victory":false,"master_deck":["Strike_B","Strike_B","Defend_B","Defend_B","Defend_B","Defend_B","Zap","Dualcast","White Noise","Meteor Strike","Loop","Chill","Stack","Regret","Go for the Eyes","Coolheaded","Cold Snap","BootSequence","Turbo","FTL"],"max_hp_per_floor":[75,75,75,75,75,82,82,82,82,82,82,76,76,76,76,76],"relics":["Cracked Core","Strawberry","Dream Catcher","Bottled Tornado","Golden Idol"],"card_choices":[{"not_picked":["Barrage","Steam"],"picked":"Loop","floor":1},{"not_picked":["Turbo","Hello World"],"picked":"Chill","floor":2},{"not_picked":["Hologram","Gash"],"picked":"Stack","floor":4},{"not_picked":["Streamline","Stack"],"picked":"Go for the Eyes","floor":6},{"not_picked":["Skim","Compile Driver"],"picked":"Coolheaded","floor":7},{"not_picked":["Streamline","Rebound","Recycle"],"picked":"SKIP","floor":8},{"not_picked":["Reprogram","Sweeping Beam"],"picked":"BootSequence","floor":13},{"not_picked":["Redo","Stack"],"picked":"Turbo","floor":14},{"not_picked":["Biased Cognition","Beam Cell"],"picked":"FTL","floor":15}],"player_experience":766115,"potions_floor_usage":[6,6,16],"damage_taken":[{"damage":0,"enemies":"Small Slimes","floor":1,"turns":4},{"damage":4,"enemies":"2 Louse","floor":2,"turns":6},{"damage":0,"enemies":"Cultist","floor":4,"turns":4},{"damage":29,"enemies":"Lagavulin","floor":6,"turns":8},{"damage":16,"enemies":"Red Slaver","floor":7,"turns":5},{"damage":12,"enemies":"Looter","floor":8,"turns":4},{"damage":6,"enemies":"3 Louse","floor":14,"turns":4},{"damage":54,"enemies":"Hexaghost","floor":16,"turns":15}],"relics_obtained":[{"floor":6,"key":"Strawberry"},{"floor":9,"key":"Dream Catcher"}],"event_choices":[{"event_name":"World of Goop","player_choice":"Gather Gold","floor":3,"damage_taken":0},{"event_name":"Golden Shrine","player_choice":"Desecrate","floor":5,"damage_taken":0},{"event_name":"Golden Wing","player_choice":"Gained Gold","floor":11,"damage_taken":0},{"event_name":"Golden Idol","player_choice":"Lose Max HP","floor":12,"damage_taken":0}],"boss_relics":[],"items_purged_floors":[],"is_endless":false,"potions_floor_spawned":[1,2,7,14],"seed_played":"5914689596645374040","killed_by":"Hexaghost","ascension_level":5,"potions_obtained":[{"floor":1,"key":"PowerPotion"},{"floor":2,"key":"Block Potion"},{"floor":7,"key":"FocusPotion"},{"floor":14,"key":"Dexterity Potion"}],"is_trial":false}