{"gold_per_floor":[360,10,26,45,45,45,78,78,78,94,119,173,205,218,218,292,292,304,320,39,39,53,79,79,109,109,109,134,152,169,269,269,341,341,360,6,18,18,31,62,62,88,88,88,135,169,23,36,36,36,36,36,36,36,67,67],"floor_reached":57,"playtime":4187,"items_purged":["Strike_G"],"score":3006,"play_id":"16ff8aae-126c-439e-b1e4-4956633b7be2","local_time":"20181105183328","is_ascension_mode":true,"campfire_choices":[{"data":"Neutralize","floor":6.0,"key":"SMITH"},{"floor":8.0,"key":"REST"},{"data":"Cloak And Dagger","floor":15.0,"key":"SMITH"},{"floor":24.0,"key":"REST"},{"data":"Wraith Form v2","floor":32.0,"key":"SMITH"},{"data":"Malaise","floor":41.0,"key":"SMITH"},{"floor":44.0,"key":"REST"},{"floor":49.0,"key":"RECALL"},{"data":"After Image","floor":53.0,"key":"SMITH"}],"neow_cost":"PERCENT_DAMAGE","seed_source_timestamp":202476836857095,"circlet_count":0,"master_deck":["AscendersBane","Defend_G","Defend_G","Defend_G","Defend_G","Defend_G","Strike_G","Strike_G","Strike_G","Strike_G","Survivor","Neutralize+1","Infinite Blades","Backstab","Dagger Spray","Backstab","Cloak And Dagger+1","Quick Slash","Noxious Fumes","PiercingWail","After Image","Acrobatics+1","PiercingWail+1","Blade Dance","Caltrops","Malaise+1","Footwork","Endless Agony","Dodge and Roll+1","Cloak And Dagger+1","Cloak And Dagger+1","Wraith Form v2+1","After Image+1","Footwork","Caltrops","PiercingWail+1","Infinite Blades","Blade Dance+1","Endless Agony+1","Dark Shackles+1"],"special_seed":0,"relics":["Ring of the Serpent","Shuriken","Dead Branch","Unceasing Top","Happy Flower","Nunchaku","Oddly Smooth Stone","Toxic Egg 2","Bag of Preparation","The Courier","Boot","StoneCalendar","Mercury Hourglass","WristBlade","OrangePellets","Question Card","Lantern","Bird Faced Urn","Paper Crane","Centennial Puzzle"],"potions_floor_usage":[56],"damage_taken":[{"damage":0.0,"enemies":"Cultist","floor":1.0,"turns":4.0},{"damage":0.0,"enemies":"Small Slimes","floor":3.0,"turns":2.0},{"damage":0.0,"enemies":"2 Louse","floor":4.0,"turns":2.0},{"damage":29.0,"enemies":"Lagavulin","floor":7.0,"turns":8.0},{"damage":5.0,"enemies":"Large Slime","floor":10.0,"turns":6.0},{"damage":2.0,"enemies":"Gremlin Nob","floor":11.0,"turns":3.0},{"damage":0.0,"enemies":"Lagavulin","floor":13.0,"turns":6.0},{"damage":0.0,"enemies":"Gremlin Gang","floor":14.0,"turns":1.0},{"damage":11.0,"enemies":"The Guardian","floor":16.0,"turns":8.0},{"damage":3.0,"enemies":"Chosen","floor":18.0,"turns":3.0},{"damage":12.0,"enemies":"2 Thieves","floor":19.0,"turns":3.0},{"damage":1.0,"enemies":"Chosen and Byrds","floor":22.0,"turns":5.0},{"damage":30.0,"enemies":"Book of Stabbing","floor":23.0,"turns":4.0},{"damage":0.0,"enemies":"Gremlin Leader","floor":25.0,"turns":6.0},{"damage":0.0,"enemies":"Centurion and Healer","floor":29.0,"turns":1.0},{"damage":12.0,"enemies":"Snecko","floor":30.0,"turns":5.0},{"damage":7.0,"enemies":"Colosseum Slavers","floor":31.0,"turns":4.0},{"damage":0.0,"enemies":"Colosseum Nobs","floor":31.0,"turns":3.0},{"damage":2.0,"enemies":"Collector","floor":33.0,"turns":6.0},{"damage":0.0,"enemies":"3 Shapes","floor":35.0,"turns":5.0},{"damage":0.0,"enemies":"3 Darklings","floor":37.0,"turns":5.0},{"damage":16.0,"enemies":"Spire Growth","floor":39.0,"turns":5.0},{"damage":15.0,"enemies":"Reptomancer","floor":40.0,"turns":6.0},{"damage":0.0,"enemies":"Nemesis","floor":42.0,"turns":5.0},{"damage":8.0,"enemies":"2 Orb Walkers","floor":45.0,"turns":4.0},{"damage":4.0,"enemies":"Reptomancer","floor":46.0,"turns":6.0},{"damage":0.0,"enemies":"Maw","floor":48.0,"turns":6.0},{"damage":5.0,"enemies":"Awakened One","floor":50.0,"turns":9.0},{"damage":14.0,"enemies":"Time Eater","floor":51.0,"turns":7.0},{"damage":1.0,"enemies":"Shield and Spear","floor":55.0,"turns":5.0},{"damage":38,"enemies":"The Heart","floor":56,"turns":8}],"seed_played":"8277135947460205684","potions_obtained":[{"floor":1.0,"key":"Block Potion"},{"floor":4.0,"key":"Regen Potion"},{"floor":10.0,"key":"Explosive Potion"},{"floor":11.0,"key":"Energy Potion"},{"floor":13.0,"key":"AttackPotion"},{"floor":19.0,"key":"Regen Potion"},{"floor":25.0,"key":"Regen Potion"},{"floor":29.0,"key":"Fire Potion"},{"floor":30.0,"key":"FearPotion"},{"floor":33.0,"key":"SteroidPotion"},{"floor":38.0,"key":"GhostInAJar"},{"floor":42.0,"key":"Dexterity Potion"}],"is_trial":false,"path_per_floor":["M","$","M","M","?","R","E","R","T","M","E","?","E","M","R","B",null,"M","M","$","?","M","E","R","E","T","?","T","M","M","?","R","B",null,"M","$","M","?","M","E","R","E","T","R","?","E","$","M","R","B","B",null,"R","$","E","B",null],"character_chosen":"THE_SILENT","items_purchased":["Shuriken","Backstab","Blade Dance","Oddly Smooth Stone","Caltrops","OrangePellets","GhostInAJar","Fruit Juice","Caltrops","Dark Shackles+1"],"campfire_rested":3,"item_purchase_floors":[2,2,20,20,20,36,36,36,36,47],"current_hp_per_floor":[44,44,44,44,44,44,30,49,49,44,42,42,42,42,42,31,57,54,42,42,42,41,23,42,42,42,42,42,42,44,37,37,35,58,58,63,63,63,47,32,32,32,32,53,45,57,57,71,71,71,65,70,70,70,71,51],"gold":67,"neow_bonus":"TWO_FIFTY_GOLD","is_prod":false,"is_daily":false,"chose_seed":false,"campfire_upgraded":5,"win_rate":0,"timestamp":1541460808,"path_taken":["M","$","M","?","?","R","E","R","T","M","E","?","E","M","R","BOSS","M","M","$","?","?","E","R","E","T","?","?","M","?","?","R","BOSS","M","$","M","?","?","E","R","E","T","R","?","E","$","M","R","BOSS","BOSS","R","$","E","BOSS"],"build_version":"2018-11-02","purchased_purges":1,"victory":true,"max_hp_per_floor":[66,66,66,66,66,66,66,66,66,66,66,66,66,66,66,66,66,66,66,66,66,66,66,66,66,66,66,66,66,66,66,66,66,66,66,71,71,71,71,71,71,71,71,71,71,71,71,71,71,71,71,71,71,71,71,71],"card_choices":[{"not_picked":["Heel Hook","Deflect"],"picked":"Infinite Blades","floor":1.0},{"not_picked":["Flying Knee","Blade Dance"],"picked":"Dagger Spray","floor":3.0},{"not_picked":["Caltrops","Choke"],"picked":"Backstab","floor":4.0},{"not_picked":["Catalyst","Noxious Fumes"],"picked":"Cloak And Dagger","floor":7.0},{"not_picked":["Acrobatics","Bouncing Flask"],"picked":"Quick Slash","floor":10.0},{"not_picked":["Deadly Poison","Catalyst"],"picked":"Noxious Fumes","floor":11.0},{"not_picked":["Sucker Punch","Poisoned Stab","Dagger Throw"],"picked":"SKIP","floor":13.0},{"not_picked":["Distraction","Acrobatics"],"picked":"PiercingWail","floor":14.0},{"not_picked":["Envenom","Venomology"],"picked":"After Image","floor":16.0},{"not_picked":["Sucker Punch","Dagger Spray"],"picked":"Acrobatics+1","floor":18.0},{"not_picked":["Deflect","Eviscerate"],"picked":"PiercingWail+1","floor":19.0},{"not_picked":["Tactician","Underhanded Strike","Dagger Throw+1"],"picked":"SKIP","floor":22.0},{"not_picked":["Bouncing Flask","Setup"],"picked":"Endless Agony","floor":23.0},{"not_picked":["Skewer","Acrobatics+1"],"picked":"Dodge and Roll+1","floor":25.0},{"not_picked":["Outmaneuver+1","Flying Knee"],"picked":"Cloak And Dagger+1","floor":29.0},{"not_picked":["Flying Knee","Outmaneuver+1"],"picked":"Cloak And Dagger+1","floor":30.0},{"not_picked":["Blade Dance+1","Outmaneuver+1"],"picked":"Wraith Form v2","floor":31.0},{"not_picked":["Phantasmal Killer+1","Unload"],"picked":"After Image","floor":33.0},{"not_picked":["Dagger Throw","Dodge and Roll+1"],"picked":"Footwork","floor":35.0},{"not_picked":["Dash","Acrobatics+1"],"picked":"PiercingWail+1","floor":37.0},{"not_picked":["Burst+1","Tactician+1"],"picked":"Infinite Blades","floor":39.0},{"not_picked":["Outmaneuver+1","Dagger Spray","Reflex+1"],"picked":"SKIP","floor":40.0},{"not_picked":["Blur+1","Grand Finale","Deadly Poison+1"],"picked":"Blade Dance+1","floor":42.0},{"not_picked":["Glass Knife","Setup+1","Backflip+1"],"picked":"Endless Agony+1","floor":46.0},{"not_picked":["Flying Knee+1","Acrobatics+1","Noxious Fumes","Riddle With Holes+1"],"picked":"SKIP","floor":48.0},{"not_picked":["Flechettes+1","Noxious Fumes+1","Choke","Flying Knee"],"picked":"SKIP","floor":55.0}],"player_experience":1159737,"relics_obtained":[{"floor":7.0,"key":"Dead Branch"},{"floor":9.0,"key":"Unceasing Top"},{"floor":11.0,"key":"Happy Flower"},{"floor":13.0,"key":"Nunchaku"},{"floor":23.0,"key":"Toxic Egg 2"},{"floor":25.0,"key":"Bag of Preparation"},{"floor":26.0,"key":"The Courier"},{"floor":28.0,"key":"Boot"},{"floor":31.0,"key":"StoneCalendar"},{"floor":31.0,"key":"Mercury Hourglass"},{"floor":40.0,"key":"Question Card"},{"floor":42.0,"key":"Lantern"},{"floor":45.0,"key":"Bird Faced Urn"},{"floor":46.0,"key":"Paper Crane"},{"floor":55.0,"key":"Centennial Puzzle"}],"event_choices":[{"damage_healed":0.0,"max_hp_gain":0.0,"max_hp_loss":0.0,"gold_gain":0.0,"event_name":"Scrap Ooze","player_choice":"Fled","floor":5.0,"gold_loss":0.0,"damage_taken":0.0},{"damage_healed":0.0,"max_hp_gain":0.0,"max_hp_loss":0.0,"gold_gain":54.0,"event_name":"Golden Wing","player_choice":"Gained Gold","floor":12.0,"gold_loss":0.0,"damage_taken":0.0},{"damage_healed":0.0,"max_hp_gain":0.0,"max_hp_loss":0.0,"gold_gain":0.0,"event_name":"Match and Keep!","player_choice":"2 cards matched","floor":21.0,"gold_loss":0.0,"damage_taken":0.0,"cards_obtained":["Malaise","Footwork"]},{"damage_healed":0.0,"max_hp_gain":0.0,"max_hp_loss":0.0,"gold_gain":0.0,"event_name":"Cursed Tome","player_choice":"Ignored","floor":27.0,"gold_loss":0.0,"damage_taken":0.0},{"damage_healed":0.0,"max_hp_gain":0.0,"max_hp_loss":0.0,"gold_gain":0.0,"event_name":"Colosseum","player_choice":"Fight","floor":31.0,"gold_loss":0.0,"damage_taken":0.0},{"damage_healed":0.0,"max_hp_gain":0.0,"max_hp_loss":0.0,"gold_gain":0.0,"event_name":"Colosseum","player_choice":"Fought Nobs","floor":31.0,"gold_loss":0.0,"damage_taken":0.0},{"damage_healed":0.0,"max_hp_gain":0.0,"max_hp_loss":0.0,"gold_gain":0.0,"event_name":"Lab","player_choice":"Got Potions","floor":38.0,"gold_loss":0.0,"damage_taken":0.0},{"damage_healed":0.0,"max_hp_gain":0.0,"max_hp_loss":0.0,"gold_gain":0.0,"event_name":"Mysterious Sphere","player_choice":"Fight","floor":45.0,"gold_loss":0.0,"damage_taken":0.0}],"is_beta":true,"boss_relics":[{"not_picked":["Orrery","Tiny House"],"picked":"Ring of the Serpent"},{"not_picked":["Snecko Eye","Lizard Tail"],"picked":"WristBlade"}],"items_purged_floors":[47],"is_endless":false,"potions_floor_spawned":[1,4,10,11,13,18,19,25,29,30,33,35,40,42,46,48],"ascension_level":20}