{"path_per_floor":["M","M","?","M","M","E","R","?","T","?","$","M","M","M","R"],"character_chosen":"DEFECT","items_purchased":["Steam","Bag of Preparation"],"gold_per_floor":[116,136,136,153,164,196,196,196,196,196,62,76,90,105,105,105],"floor_reached":16,"campfire_rested":1,"playtime":1385,"item_purchase_floors":[11,11],"current_hp_per_floor":[75,75,75,74,73,61,61,61,61,54,54,54,48,39,64,64],"items_purged":[],"gold":105,"score":109,"play_id":"d5d8444c-094c-45fb-bb59-580cd16848eb","local_time":"20180602221004","is_prod":false,"is_daily":false,"chose_seed":false,"is_ascension_mode":true,"campfire_upgraded":1,"win_rate":0.0,"timestamp":1527970204,"campfire_choices":[{"data":"Zap","floor":7,"key":"SMITH"},{"floor":15,"key":"REST"}],"path_taken":["M","M","?","M","M","E","R","?","T","?","?","M","M","?","R","BOSS"],"build_version":"2018-05-31","seed_source_timestamp":10340474841537,"purchased_purges":0,"victory":false,"master_deck":["Strike_B","Strike_B","Strike_B","Defend_B","Defend_B","Defend_B","Zap+1","Dualcast","Go for the Eyes","Coolheaded","Genetic Algorithm","Beam Cell","Loop+1","Barrage","Steam","Consume","Glacier","Sweeping Beam"],"max_hp_per_floor":[75,75,75,75,75,85,85,85,85,85,85,85,85,85,85,85],"relics":["Cracked Core","Pear","The Courier","Bag of Preparation"],"card_choices":[{"not_picked":["Redo","Aggregate"],"picked":"Go for the Eyes","floor":1},{"not_picked":["Stack","Aggregate"],"picked":"Coolheaded","floor":2},{"not_picked":["Skim","Melter"],"picked":"Beam Cell","floor":4},{"not_picked":["Blizzard","Reinforced Body"],"picked":"Loop","floor":5},{"not_picked":["Loop","Stack"],"picked":"Barrage","floor":6},{"not_picked":["Reinforced Body","Chill"],"picked":"Consume","floor":12},{"not_picked":["Scrape","Tempest"],"picked":"Glacier","floor":13},{"not_picked":["Leap","Glacier"],"picked":"Sweeping Beam","floor":14}],"player_experience":539155,"potions_floor_usage":[6,16],"damage_taken":[{"damage":0,"enemies":"2 Louse","floor":1,"turns":2},{"damage":0,"enemies":"Cultist","floor":2,"turns":3},{"damage":1,"enemies":"Jaw Worm","floor":4,"turns":4},{"damage":1,"enemies":"Blue Slaver","floor":5,"turns":5},{"damage":22,"enemies":"Lagavulin","floor":6,"turns":8},{"damage":0,"enemies":"Large Slime","floor":12,"turns":4},{"damage":6,"enemies":"3 Louse","floor":13,"turns":3},{"damage":9,"enemies":"Exordium Wildlife","floor":14,"turns":4},{"damage":0,"enemies":"Slime Boss","floor":16,"turns":4}],"relics_obtained":[{"floor":6,"key":"Pear"},{"floor":9,"key":"The Courier"}],"event_choices":[{"event_name":"Transmorgrifier","player_choice":"Transform","floor":3,"damage_taken":0},{"event_name":"Living Wall","player_choice":"Grow","floor":8,"damage_taken":0},{"event_name":"Golden Wing","player_choice":"Card Removal","floor":10,"damage_taken":0}],"boss_relics":[],"items_purged_floors":[],"potions_floor_spawned":[2,12,14],"seed_played":"798047774824677373","killed_by":"Slime Boss","ascension_level":1,"potions_obtained":[{"floor":2,"key":"FearPotion"},{"floor":12,"key":"Block Potion"},{"floor":14,"key":"Energy Potion"}],"is_trial":false}