{"gold_per_floor":[113,132,132,132,144,156,200,227,265,294,325,337,375,387,399,487,499,531,543,81,98,98,98,117,176,203,215,242,90,119,44,44,118,118,136,155,155,171,186,214,214,245,317,329,360,360,20,36,36,36,36,36,36,36,63,63],"floor_reached":57,"playtime":7884,"items_purged":["Strike_R"],"score":3380,"play_id":"11c78983-6ebd-425b-a959-16d771ff3a56","local_time":"20181218235859","is_ascension_mode":true,"campfire_choices":[{"data":"Pommel Strike","floor":6.0,"key":"SMITH"},{"data":"Flame Barrier","floor":12.0,"key":"SMITH"},{"data":"Uppercut","floor":15.0,"key":"SMITH"},{"data":"Corruption","floor":23.0,"key":"SMITH"},{"floor":32.0,"key":"RECALL"},{"data":"Demon Form","floor":41.0,"key":"SMITH"},{"floor":46,"key":"REST"},{"floor":49,"key":"REST"},{"data":"Impervious","floor":53,"key":"SMITH"}],"neow_cost":"NONE","seed_source_timestamp":72306762213031,"circlet_count":0,"master_deck":["AscendersBane","Strike_R+1","Strike_R+1","Defend_R+1","Defend_R+1","Defend_R+1","Defend_R+1","Bash+1","Iron Wave","Pommel Strike+1","Uppercut+1","Headbutt","Brutality","Flame Barrier+1","Fiend Fire","Corruption+1","Impervious+1","Cleave+1","Exhume+1","Immolate","Feel No Pain","Sentinel+1","Barricade","Demon Form+1","Shockwave","Dark Embrace","Flame Barrier","Whirlwind"],"special_seed":0,"relics":["Burning Blood","MawBank","Red Skull","Strawberry","Ice Cream","Snecko Eye","Nloth\u0027s Gift","Bronze Scales","Tiny Chest","Oddly Smooth Stone","Dodecahedron","Ornamental Fan","Runic Dome","FaceOfCleric","Nunchaku","Pen Nib","Happy Flower","Pear","War Paint"],"potions_floor_usage":[56,56],"damage_taken":[{"damage":0.0,"enemies":"Small Slimes","floor":1.0,"turns":1.0},{"damage":0.0,"enemies":"Jaw Worm","floor":2.0,"turns":1.0},{"damage":0.0,"enemies":"Gremlin Nob","floor":7.0,"turns":1.0},{"damage":1.0,"enemies":"Cultist","floor":8.0,"turns":3.0},{"damage":11.0,"enemies":"Looter","floor":10.0,"turns":2.0},{"damage":0.0,"enemies":"3 Louse","floor":11.0,"turns":1.0},{"damage":24.0,"enemies":"3 Sentries","floor":13.0,"turns":7.0},{"damage":39.0,"enemies":"Hexaghost","floor":16.0,"turns":10.0},{"damage":12.0,"enemies":"2 Thieves","floor":18.0,"turns":4.0},{"damage":1.0,"enemies":"Spheric Guardian","floor":21.0,"turns":3.0},{"damage":0.0,"enemies":"Chosen and Byrds","floor":24.0,"turns":3.0},{"damage":10.0,"enemies":"Slavers","floor":25.0,"turns":4.0},{"damage":0.0,"enemies":"3 Cultists","floor":27.0,"turns":4.0},{"damage":2.0,"enemies":"Book of Stabbing","floor":28.0,"turns":3.0},{"damage":17.0,"enemies":"Gremlin Leader","floor":30.0,"turns":6.0},{"damage":10.0,"enemies":"Automaton","floor":33.0,"turns":11.0},{"damage":0.0,"enemies":"3 Darklings","floor":35.0,"turns":5.0},{"damage":0.0,"enemies":"3 Shapes","floor":36.0,"turns":4.0},{"damage":0.0,"enemies":"Writhing Mass","floor":38.0,"turns":5.0},{"damage":2.0,"enemies":"Transient","floor":39.0,"turns":6.0},{"damage":18.0,"enemies":"Giant Head","floor":40.0,"turns":6.0},{"damage":2.0,"enemies":"Nemesis","floor":42.0,"turns":9.0},{"damage":19,"enemies":"3 Darklings","floor":44,"turns":4},{"damage":40,"enemies":"Reptomancer","floor":45,"turns":6},{"damage":3,"enemies":"Writhing Mass","floor":48,"turns":5},{"damage":0,"enemies":"Time Eater","floor":50,"turns":7},{"damage":0,"enemies":"Donu and Deca","floor":51,"turns":5},{"damage":0,"enemies":"Shield and Spear","floor":55,"turns":5},{"damage":43,"enemies":"The Heart","floor":56,"turns":7}],"seed_played":"-452697386490459740","potions_obtained":[{"floor":1.0,"key":"Swift Potion"},{"floor":2.0,"key":"SteroidPotion"},{"floor":8.0,"key":"Explosive Potion"},{"floor":16.0,"key":"Explosive Potion"},{"floor":21.0,"key":"Block Potion"},{"floor":25.0,"key":"Swift Potion"},{"floor":30.0,"key":"Explosive Potion"},{"floor":38.0,"key":"PowerPotion"},{"floor":40.0,"key":"Fruit Juice"},{"floor":45,"key":"Strength Potion"}],"is_trial":false,"path_per_floor":["M","M","?","?","$","R","E","M","T","M","M","R","E","?","R","B",null,"M","?","$","M","?","R","M","E","T","M","E","$","E","?","R","B",null,"M","M","?","M","M","E","R","E","T","M","E","R","$","M","R","B","B",null,"R","$","E","B",null],"character_chosen":"IRONCLAD","items_purchased":["Corruption","Impervious","Bronze Scales","Feel No Pain","Sentinel","Whirlwind","Pear"],"campfire_rested":2,"item_purchase_floors":[20,20,20,29,29,47,47],"current_hp_per_floor":[74,75,75,75,75,75,75,75,82,77,82,82,64,57,57,24,68,62,62,62,67,67,67,73,69,69,75,79,79,68,68,68,64,78,82,82,82,83,84,78,78,83,83,71,38,65,75,79,104,105,106,106,106,106,107,71],"gold":63,"neow_bonus":"THREE_ENEMY_KILL","is_prod":false,"is_daily":false,"chose_seed":false,"campfire_upgraded":6,"win_rate":0,"timestamp":1545195539,"path_taken":["M","M","?","?","$","R","E","M","T","?","M","R","E","?","R","BOSS","M","?","$","?","?","R","M","E","T","M","E","$","E","?","R","BOSS","M","M","?","?","M","E","R","E","T","?","E","R","$","M","R","BOSS","BOSS","R","$","E","BOSS"],"build_version":"2018-12-17","purchased_purges":1,"victory":true,"max_hp_per_floor":[75,75,75,75,75,75,75,75,82,82,82,82,82,82,82,82,82,82,82,82,82,82,82,82,82,82,82,82,82,82,82,82,82,82,82,82,82,83,84,90,90,91,91,92,93,93,103,104,104,105,106,106,106,106,107,108],"card_choices":[{"not_picked":["Sever Soul","Pummel"],"picked":"Iron Wave","floor":1.0},{"not_picked":["Clash","Reckless Charge"],"picked":"Pommel Strike","floor":2.0},{"not_picked":["Corruption","Anger"],"picked":"Uppercut","floor":7.0},{"not_picked":["Rage","Wild Strike"],"picked":"Headbutt","floor":8.0},{"not_picked":["Flex","Perfected Strike"],"picked":"Brutality","floor":10.0},{"not_picked":["Dropkick","Searing Blow"],"picked":"Flame Barrier","floor":11.0},{"not_picked":["Body Slam","Second Wind","Sword Boomerang"],"picked":"SKIP","floor":13.0},{"not_picked":["Impervious","Immolate"],"picked":"Fiend Fire","floor":16.0},{"not_picked":["Armaments","Warcry","Heavy Blade"],"picked":"SKIP","floor":18.0},{"not_picked":["Heavy Blade","Anger","Cleave+1"],"picked":"SKIP","floor":21.0},{"not_picked":["Heavy Blade","Anger"],"picked":"Cleave+1","floor":21.0},{"not_picked":["Hemokinesis","Headbutt","Havoc+1"],"picked":"SKIP","floor":24.0},{"not_picked":["Iron Wave","True Grit"],"picked":"Exhume","floor":25.0},{"not_picked":["Pummel","Thunderclap","True Grit"],"picked":"SKIP","floor":27.0},{"not_picked":["Body Slam","Anger"],"picked":"Immolate","floor":28.0},{"not_picked":["Bludgeon","Perfected Strike"],"picked":"Barricade","floor":30.0},{"not_picked":["Offering","Dark Embrace"],"picked":"Demon Form","floor":33.0},{"not_picked":["Searing Blow+1","Power Through"],"picked":"Shockwave","floor":35.0},{"not_picked":["Anger","Combust","Warcry"],"picked":"SKIP","floor":36.0},{"not_picked":["Wild Strike","Clothesline"],"picked":"Dark Embrace","floor":38.0},{"not_picked":["True Grit","Thunderclap+1","Flex"],"picked":"SKIP","floor":39.0},{"not_picked":["Armaments","Clothesline"],"picked":"Flame Barrier","floor":40.0},{"not_picked":["Flex","Sword Boomerang","Pommel Strike"],"picked":"SKIP","floor":42.0},{"not_picked":["Twin Strike","Seeing Red+1","Bloodletting"],"picked":"SKIP","floor":44},{"not_picked":["Wild Strike","True Grit","Warcry"],"picked":"SKIP","floor":45},{"not_picked":["Warcry","Bloodletting","Pommel Strike"],"picked":"SKIP","floor":48},{"not_picked":["Flex","Heavy Blade","True Grit"],"picked":"SKIP","floor":55}],"player_experience":1268409,"relics_obtained":[{"floor":7.0,"key":"Red Skull"},{"floor":9.0,"key":"Strawberry"},{"floor":13.0,"key":"Ice Cream"},{"floor":25.0,"key":"Tiny Chest"},{"floor":26.0,"key":"Oddly Smooth Stone"},{"floor":28.0,"key":"Dodecahedron"},{"floor":30.0,"key":"Ornamental Fan"},{"floor":40.0,"key":"Nunchaku"},{"floor":42.0,"key":"Pen Nib"},{"floor":45,"key":"Happy Flower"},{"floor":55,"key":"War Paint"}],"event_choices":[{"damage_healed":0.0,"max_hp_gain":0.0,"max_hp_loss":0.0,"gold_gain":0.0,"event_name":"Living Wall","player_choice":"Grow","floor":3.0,"gold_loss":0.0,"damage_taken":0.0,"cards_upgraded":["Bash"]},{"damage_healed":0.0,"max_hp_gain":0.0,"max_hp_loss":0.0,"gold_gain":0.0,"event_name":"WeMeetAgain","player_choice":"Gave Potion","floor":4.0,"gold_loss":0.0,"damage_taken":0.0,"relics_obtained":["MawBank"]},{"cards_removed":["Strike_R"],"damage_healed":0.0,"max_hp_gain":0.0,"max_hp_loss":0.0,"gold_gain":0.0,"event_name":"Golden Wing","player_choice":"Card Removal","floor":14.0,"gold_loss":0.0,"damage_taken":7.0},{"damage_healed":0.0,"max_hp_gain":0.0,"max_hp_loss":0.0,"gold_gain":0.0,"event_name":"N\u0027loth","player_choice":"Traded Relic","floor":19.0,"relics_lost":["NeowsBlessing"],"gold_loss":0.0,"damage_taken":0.0,"relics_obtained":["Nloth\u0027s Gift"]},{"damage_healed":0.0,"max_hp_gain":0.0,"max_hp_loss":0.0,"gold_gain":0.0,"event_name":"Back to Basics","player_choice":"Simplicity","floor":22.0,"gold_loss":0.0,"damage_taken":0.0,"cards_upgraded":["Strike_R","Strike_R","Strike_R","Defend_R","Defend_R","Defend_R","Defend_R"]},{"cards_removed":["Strike_R"],"damage_healed":0.0,"max_hp_gain":0.0,"max_hp_loss":0.0,"gold_gain":0.0,"event_name":"Beggar","player_choice":"Gave Gold","floor":31.0,"gold_loss":75.0,"damage_taken":0.0},{"damage_healed":0.0,"max_hp_gain":0.0,"max_hp_loss":0.0,"gold_gain":0.0,"event_name":"FaceTrader","player_choice":"Trade","floor":37.0,"gold_loss":0.0,"damage_taken":0.0,"relics_obtained":["FaceOfCleric"]}],"is_beta":true,"boss_relics":[{"not_picked":["Coffee Dripper","Velvet Choker"],"picked":"Snecko Eye"},{"not_picked":["Lizard Tail","Black Blood"],"picked":"Runic Dome"}],"items_purged_floors":[20],"is_endless":false,"potions_floor_spawned":[1,2,8,16,21,24,25,30,36,38,39,40,45,48,55],"ascension_level":20}