{"gold_per_floor":[109,126,139,139,64,64,96,96,120,120,120],"floor_reached":11,"playtime":162,"items_purged":[],"score":114,"play_id":"d4281b42-5024-44a1-a9de-0f7bffd4dc27","local_time":"20190120012151","is_ascension_mode":true,"campfire_choices":[{"data":"Envenom","floor":6.0,"key":"SMITH"},{"floor":10,"key":"REST"}],"neow_cost":"NONE","seed_source_timestamp":861336096615176,"circlet_count":0,"master_deck":["AscendersBane","Defend_G","Defend_G","Defend_G","Defend_G","Defend_G","Strike_G","Strike_G","Strike_G","Strike_G","Survivor","Neutralize","All Out Attack","Quick Slash","Footwork","Envenom+1","Unload"],"special_seed":0,"relics":["Ring of the Snake","NeowsBlessing","PreservedInsect","Smiling Mask"],"potions_floor_usage":[],"damage_taken":[{"damage":0.0,"enemies":"Small Slimes","floor":1.0,"turns":1.0},{"damage":0.0,"enemies":"Cultist","floor":2.0,"turns":1.0},{"damage":0.0,"enemies":"2 Louse","floor":3.0,"turns":1.0},{"damage":43.0,"enemies":"Gremlin Nob","floor":7.0,"turns":5.0},{"damage":13,"enemies":"Blue Slaver","floor":11,"turns":2}],"seed_played":"-9214922963998077763","potions_obtained":[{"floor":2.0,"key":"Dexterity Potion"},{"floor":3.0,"key":"Swift Potion"}],"is_trial":false,"path_per_floor":["M","M","M","?","$","R","E","?","T","R","M"],"character_chosen":"THE_SILENT","items_purchased":["Envenom"],"campfire_rested":1,"item_purchase_floors":[5],"current_hp_per_floor":[63,63,63,63,63,63,20,20,20,41,28],"gold":120,"neow_bonus":"THREE_ENEMY_KILL","is_prod":false,"is_daily":false,"chose_seed":false,"campfire_upgraded":1,"win_rate":0,"timestamp":1547943711,"path_taken":["M","M","M","?","?","R","E","?","T","R","M"],"build_version":"2019-01-17v2","purchased_purges":0,"victory":false,"max_hp_per_floor":[70,70,70,70,70,70,70,70,70,70,70],"card_choices":[{"not_picked":["Blade Dance","Prepared"],"picked":"All Out Attack","floor":1.0},{"not_picked":["Calculated Gamble","Slice"],"picked":"Quick Slash","floor":2.0},{"not_picked":["Underhanded Strike","Sucker Punch"],"picked":"Footwork","floor":3.0},{"not_picked":["Slice","Blade Dance"],"picked":"Unload","floor":7.0}],"player_experience":2003319,"relics_obtained":[{"floor":7.0,"key":"PreservedInsect"},{"floor":9,"key":"Smiling Mask"}],"event_choices":[{"cards_removed":["Strike_G"],"damage_healed":0.0,"max_hp_gain":0.0,"max_hp_loss":0.0,"gold_gain":0.0,"event_name":"Purifier","player_choice":"Purged","floor":4.0,"gold_loss":0.0,"damage_taken":0.0},{"damage_healed":0,"gold_gain":0,"player_choice":"Bought 0 Potions","damage_taken":0,"max_hp_gain":0,"max_hp_loss":0,"event_name":"The Woman in Blue","floor":8,"gold_loss":0}],"is_beta":false,"boss_relics":[],"items_purged_floors":[],"is_endless":false,"potions_floor_spawned":[2,3],"killed_by":"Blue Slaver","ascension_level":12}