{"gold_per_floor":[118,118,130,205,11,46,61,61,86,117,48,223,253,207,207,286,286,286],"floor_reached":18,"playtime":8250,"items_purged":[],"score":332,"play_id":"4a451e87-e547-4d86-9d33-aad8dd61f6d4","local_time":"20190207134139","is_ascension_mode":true,"campfire_choices":[{"data":"Carnage","floor":8,"key":"SMITH"},{"data":"Inflame","floor":15,"key":"SMITH"}],"neow_cost":"NONE","seed_source_timestamp":1031322306826716,"circlet_count":0,"master_deck":["AscendersBane","Strike_R","Strike_R","Strike_R","Strike_R","Strike_R","Defend_R","Defend_R","Defend_R","Defend_R","Bash","Sentinel","Feed","Bandage Up","Iron Wave","Carnage+1","Carnage","Infernal Blade","Inflame+1","Doubt","Dropkick","Clothesline","Reaper"],"special_seed":0,"relics":["Burning Blood","NeowsBlessing","ClockworkSouvenir","Boot","Smiling Mask","Bird Faced Urn","Bottled Lightning","Cursed Key"],"potions_floor_usage":[10,16],"damage_taken":[{"damage":0.0,"enemies":"Small Slimes","floor":1.0,"turns":1.0},{"damage":0,"enemies":"Cultist","floor":3,"turns":1},{"damage":0,"enemies":"Gremlin Nob","floor":6,"turns":1},{"damage":9,"enemies":"Jaw Worm","floor":7,"turns":4},{"damage":38,"enemies":"3 Sentries","floor":10,"turns":9},{"damage":14,"enemies":"Gremlin Nob","floor":13,"turns":4},{"damage":65,"enemies":"Slime Boss","floor":16,"turns":13},{"damage":14,"enemies":"Shell Parasite","floor":18,"turns":2}],"seed_played":"-3113784601402120914","potions_obtained":[{"floor":7,"key":"EssenceOfSteel"},{"floor":13,"key":"BloodPotion"},{"floor":16,"key":"Poison Potion"}],"is_trial":false,"path_per_floor":["M","?","M","?","$","E","M","R","T","E","$","?","E","$","R","B",null,"M"],"character_chosen":"IRONCLAD","items_purchased":["ClockworkSouvenir","Inflame","Clothesline"],"campfire_rested":0,"item_purchase_floors":[5,11,14],"current_hp_per_floor":[78,78,80,69,69,75,79,79,79,54,54,54,53,53,53,8,69,61],"gold":286,"neow_bonus":"THREE_ENEMY_KILL","is_prod":false,"is_daily":false,"chose_seed":false,"campfire_upgraded":2,"win_rate":0,"timestamp":1549543299,"path_taken":["M","?","?","?","?","E","M","R","T","E","?","?","E","$","R","BOSS","M"],"build_version":"2019-01-23","purchased_purges":0,"victory":false,"max_hp_per_floor":[80,80,80,80,80,80,83,83,83,86,86,86,89,89,89,89,89,89],"card_choices":[{"not_picked":["Twin Strike","Cleave"],"picked":"Sentinel","floor":1.0},{"not_picked":["Sentinel","Thunderclap"],"picked":"Iron Wave","floor":3},{"not_picked":["Clash","Pommel Strike"],"picked":"Carnage","floor":6},{"not_picked":["Anger","Thunderclap"],"picked":"Carnage","floor":7},{"not_picked":["Burning Pact","Second Wind"],"picked":"Infernal Blade","floor":10},{"not_picked":["Thunderclap","Exhume"],"picked":"Dropkick","floor":13},{"not_picked":["Double Tap","Fiend Fire"],"picked":"Reaper","floor":16}],"player_experience":2247036,"relics_obtained":[{"floor":6,"key":"Boot"},{"floor":9,"key":"Smiling Mask"},{"floor":10,"key":"Bird Faced Urn"},{"floor":13,"key":"Bottled Lightning"}],"event_choices":[{"damage_healed":0,"gold_gain":0,"player_choice":"2 cards matched","damage_taken":0,"max_hp_gain":0,"max_hp_loss":0,"event_name":"Match and Keep!","floor":2,"gold_loss":0,"cards_obtained":["Feed","Bandage Up"]},{"damage_healed":0,"gold_gain":75,"player_choice":"Gather Gold","damage_taken":11,"max_hp_gain":0,"max_hp_loss":0,"event_name":"World of Goop","floor":4,"gold_loss":0},{"damage_healed":0,"gold_gain":175,"player_choice":"AGREE","damage_taken":0,"max_hp_gain":0,"max_hp_loss":0,"event_name":"Liars Game","floor":12,"gold_loss":0,"cards_obtained":["Doubt"]}],"is_beta":false,"boss_relics":[{"not_picked":["Tiny House","Lizard Tail"],"picked":"Cursed Key"}],"items_purged_floors":[],"is_endless":false,"potions_floor_spawned":[7,13,16],"killed_by":"Shell Parasite","ascension_level":13}