{"gold_per_floor":[114,114,135,210,230,261,261,297,297,311,311,336,336,360,360,459,459,472,33,33,53,53,97,97,97],"floor_reached":25,"playtime":1512,"items_purged":[],"score":381,"play_id":"95bc5155-6661-4a44-a5e2-6cba44b58868","local_time":"20190220211313","is_ascension_mode":true,"campfire_choices":[{"data":"Bash","floor":7,"key":"SMITH"},{"floor":11,"key":"REST"},{"data":"Shockwave","floor":13,"key":"SMITH"},{"data":"Carnage","floor":15,"key":"SMITH"},{"floor":24,"key":"REST"}],"neow_cost":"PERCENT_DAMAGE","seed_source_timestamp":672370041329501,"circlet_count":0,"master_deck":["AscendersBane","Strike_R+1","Strike_R","Strike_R","Strike_R","Defend_R","Defend_R","Defend_R","Bash+1","Iron Wave","Carnage+1","Armaments","Anger","Shockwave+1","Pommel Strike+1","Headbutt","Fiend Fire","Limit Break","Immolate","Flame Barrier","Flame Barrier","Shame","Seeing Red"],"relics":["Burning Blood","Golden Idol","Boot","The Courier","Pantograph","Mark of Pain","Medical Kit","Sundial","Frozen Egg 2","Whetstone"],"potions_floor_usage":[6,8,10,14,25],"damage_taken":[{"damage":5,"enemies":"2 Louse","floor":1,"turns":3},{"damage":3,"enemies":"Jaw Worm","floor":3,"turns":4},{"damage":1,"enemies":"Cultist","floor":5,"turns":3},{"damage":21,"enemies":"Lagavulin","floor":6,"turns":7},{"damage":33,"enemies":"3 Sentries","floor":8,"turns":8},{"damage":0,"enemies":"Exordium Wildlife","floor":10,"turns":3},{"damage":9,"enemies":"Exordium Thugs","floor":12,"turns":4},{"damage":6,"enemies":"Gremlin Gang","floor":14,"turns":4},{"damage":57,"enemies":"Hexaghost","floor":16,"turns":9},{"damage":28,"enemies":"2 Thieves","floor":18,"turns":4},{"damage":5,"enemies":"3 Byrds","floor":21,"turns":3},{"damage":32,"enemies":"Book of Stabbing","floor":23,"turns":6},{"damage":34,"enemies":"Slavers","floor":25,"turns":4}],"seed_played":"-2178594376863192326","potions_obtained":[{"floor":1,"key":"EssenceOfSteel"},{"floor":6,"key":"SkillPotion"},{"floor":8,"key":"AttackPotion"},{"floor":12,"key":"Block Potion"},{"floor":14,"key":"FairyPotion"},{"floor":23,"key":"Dexterity Potion"}],"is_trial":false,"path_per_floor":["M","?","M","?","M","E","R","E","T","M","R","M","R","M","R","B",null,"M","$","?","M","?","E","R","E"],"character_chosen":"IRONCLAD","items_purchased":["Immolate","Medical Kit","Sundial"],"campfire_rested":2,"item_purchase_floors":[19,19,19],"current_hp_per_floor":[52,52,55,44,49,34,34,7,7,13,35,32,32,32,32,13,59,37,37,37,38,38,12,34,0],"gold":97,"neow_bonus":"REMOVE_TWO","is_prod":false,"is_daily":false,"chose_seed":false,"campfire_upgraded":3,"win_rate":0,"timestamp":1550725993,"path_taken":["M","?","M","?","M","E","R","E","T","M","R","M","R","M","R","BOSS","M","$","?","M","?","E","R","E"],"build_version":"2019-01-23","purchased_purges":0,"victory":false,"max_hp_per_floor":[80,74,74,74,74,74,74,74,74,74,74,74,74,74,74,74,74,74,74,74,74,74,74,74,74],"card_choices":[{"not_picked":["Heavy Blade","Sever Soul"],"picked":"Iron Wave","floor":1},{"not_picked":["Entrench","Disarm"],"picked":"Carnage","floor":3},{"not_picked":["Infernal Blade","Havoc"],"picked":"Armaments","floor":5},{"not_picked":["Blood for Blood","Pommel Strike"],"picked":"Anger","floor":6},{"not_picked":["Thunderclap","Cleave"],"picked":"Shockwave","floor":8},{"not_picked":["Perfected Strike","Twin Strike"],"picked":"Pommel Strike","floor":10},{"not_picked":["Cleave","Searing Blow"],"picked":"Headbutt","floor":12},{"not_picked":["Iron Wave","Wild Strike"],"picked":"Fiend Fire","floor":14},{"not_picked":["Exhume","Feed"],"picked":"Limit Break","floor":16},{"not_picked":["Headbutt","Rupture","Havoc+1"],"picked":"SKIP","floor":18},{"not_picked":["Heavy Blade","Armaments"],"picked":"Flame Barrier","floor":21},{"not_picked":["Clash","Perfected Strike"],"picked":"Seeing Red","floor":23}],"player_experience":649339,"relics_obtained":[{"floor":6,"key":"Boot"},{"floor":8,"key":"The Courier"},{"floor":9,"key":"Pantograph"},{"floor":23,"key":"Whetstone"}],"event_choices":[{"damage_healed":0,"gold_gain":0,"player_choice":"Lose Max HP","damage_taken":0,"relics_obtained":["Golden Idol"],"max_hp_gain":0,"max_hp_loss":6,"event_name":"Golden Idol","floor":2,"gold_loss":0},{"damage_healed":0,"gold_gain":75,"player_choice":"Gather Gold","damage_taken":11,"max_hp_gain":0,"max_hp_loss":0,"event_name":"World of Goop","floor":4,"gold_loss":0},{"damage_healed":0,"gold_gain":0,"player_choice":"Read","damage_taken":0,"max_hp_gain":0,"max_hp_loss":0,"event_name":"The Library","floor":20,"gold_loss":0,"cards_obtained":["Flame Barrier"]},{"damage_healed":0,"gold_gain":0,"player_choice":"Stole Relic","damage_taken":0,"relics_obtained":["Frozen Egg 2"],"max_hp_gain":0,"max_hp_loss":0,"event_name":"Addict","floor":22,"gold_loss":0,"cards_obtained":["Shame"]}],"is_beta":false,"boss_relics":[{"not_picked":["White Beast Statue","Orrery"],"picked":"Mark of Pain"}],"items_purged_floors":[],"is_endless":false,"potions_floor_spawned":[1,6,8,12,14,23],"killed_by":"Slavers","ascension_level":13}