{"path_per_floor":["M","M","M","M","M","R","E","R","T","M","?","M","E","M","R","B",null,"M","M","?","M","$","E","R","T","T","$","M","M","M","M","R","B",null,"M","M","?","$","M","R"],"character_chosen":"THE_SILENT","items_purchased":["Molten Egg 2","Energy Potion","Paper Crane","Block Potion"],"gold_per_floor":[16,31,50,67,86,86,118,118,118,135,105,123,155,174,174,269,269,285,298,298,309,18,344,344,369,438,66,76,91,105,118,118,221,221,240,260,0,0,16,16,16],"floor_reached":41,"campfire_rested":2,"playtime":3422,"current_hp_per_floor":[70,70,70,69,66,66,58,58,58,58,58,51,40,39,39,36,70,70,68,68,48,48,42,42,49,49,49,48,60,48,29,52,59,77,77,12,12,12,6,29,21],"items_purged":["Defend_G"],"gold":16,"score":499,"play_id":"31441de6-8643-4c90-8cc7-93dba7e3305a","local_time":"20180501190808","is_prod":false,"is_daily":false,"chose_seed":false,"is_ascension_mode":true,"campfire_upgraded":4,"timestamp":1525194488,"path_taken":["M","M","M","M","M","R","E","R","T","M","?","M","E","M","R","BOSS","M","?","?","M","$","E","R","?","T","?","M","M","M","M","R","BOSS","M","M","?","$","M","R","M"],"build_version":"2018-04-28v2","seed_source_timestamp":0,"purchased_purges":1,"victory":false,"master_deck":["Defend_G","Defend_G","Defend_G","Strike_G+1","Strike_G","Strike_G","Strike_G","Survivor","Neutralize","Leg Sweep+1","Sucker Punch","Dagger Spray+1","Caltrops+1","Flying Knee","Malaise+1","Adrenaline+1","Flying Knee","Phantasmal Killer+1","Outmaneuver+1","PiercingWail+1","Footwork+1","Deflect+1","Dash+1","Footwork","Sucker Punch+1","Flying Knee+1","Adrenaline+1","PiercingWail+1","Escape Plan+1"],"max_hp_per_floor":[70,70,70,70,70,70,70,70,70,70,70,70,70,70,70,70,70,70,70,70,70,70,70,70,77,77,77,77,77,77,77,77,77,77,77,77,77,77,77,77,77],"relics":["Ring of the Snake","Whetstone","Sundial","Toxic Egg 2","Runic Pyramid","Molten Egg 2","Old Coin","Strawberry","Pantograph","Paper Crane","Black Star","Red Mask"],"card_choices":[{"not_picked":["Masterful Stab","Dodge and Roll"],"picked":"Leg Sweep","floor":1.0},{"not_picked":["Expertise","Cloak And Dagger"],"picked":"Sucker Punch","floor":2.0},{"not_picked":["Accuracy","Choke"],"picked":"Dagger Spray","floor":4.0},{"not_picked":["Dodge and Roll","Blade Dance"],"picked":"Caltrops","floor":5.0},{"not_picked":["Reflex","Riddle With Holes"],"picked":"Flying Knee","floor":7.0},{"not_picked":["Crippling Poison","Poisoned Stab"],"picked":"Malaise","floor":10.0},{"not_picked":["Flechettes","Poisoned Stab"],"picked":"Adrenaline","floor":13.0},{"not_picked":["Flechettes","Slice"],"picked":"Flying Knee","floor":14.0},{"not_picked":["Grand Finale","Die Die Die"],"picked":"Phantasmal Killer","floor":16.0},{"not_picked":["Deflect","Cloak And Dagger"],"picked":"Outmaneuver","floor":18.0},{"not_picked":["Grand Finale","Deadly Poison"],"picked":"PiercingWail","floor":19.0},{"not_picked":["Bouncing Flask","Bane"],"picked":"Deflect","floor":21.0},{"not_picked":["Blur","Slice"],"picked":"Dash","floor":23},{"not_picked":["Backflip","Dodge and Roll"],"picked":"Footwork","floor":28},{"not_picked":["Outmaneuver","Slice"],"picked":"Sucker Punch","floor":29},{"not_picked":["Deflect","Backflip"],"picked":"Flying Knee","floor":30},{"not_picked":["Venomology","Die Die Die"],"picked":"Adrenaline","floor":33},{"not_picked":["Poisoned Stab","Quick Slash"],"picked":"PiercingWail","floor":35},{"not_picked":["Corpse Explosion","Dagger Spray"],"picked":"Escape Plan","floor":39}],"player_experience":396086,"potions_floor_usage":[23,23,29,30,33,39,39],"damage_taken":[{"damage":0.0,"enemies":"Small Slimes","floor":1.0,"turns":3.0},{"damage":0.0,"enemies":"Cultist","floor":2.0,"turns":5.0},{"damage":0.0,"enemies":"2 Louse","floor":3.0,"turns":3.0},{"damage":1.0,"enemies":"Blue Slaver","floor":4.0,"turns":5.0},{"damage":3.0,"enemies":"Exordium Thugs","floor":5.0,"turns":4.0},{"damage":8.0,"enemies":"Gremlin Nob","floor":7.0,"turns":4.0},{"damage":0.0,"enemies":"Large Slime","floor":10.0,"turns":5.0},{"damage":7.0,"enemies":"Gremlin Gang","floor":12.0,"turns":3.0},{"damage":11.0,"enemies":"3 Sentries","floor":13.0,"turns":5.0},{"damage":1.0,"enemies":"Looter","floor":14.0,"turns":4.0},{"damage":3.0,"enemies":"Hexaghost","floor":16.0,"turns":10.0},{"damage":0.0,"enemies":"Spheric Guardian","floor":18.0,"turns":5.0},{"damage":2.0,"enemies":"Chosen","floor":19.0,"turns":7.0},{"damage":20.0,"enemies":"Centurion and Healer","floor":21.0,"turns":9.0},{"damage":6,"enemies":"Gremlin Leader","floor":23,"turns":12},{"damage":1,"enemies":"Snake Plant","floor":28,"turns":5},{"damage":3,"enemies":"Snecko","floor":29,"turns":7},{"damage":12,"enemies":"Slaver and Parasite","floor":30,"turns":8},{"damage":19,"enemies":"Sentry and Sphere","floor":31,"turns":7},{"damage":18,"enemies":"Champ","floor":33,"turns":19},{"damage":0,"enemies":"Orb Walker","floor":35,"turns":5},{"damage":65,"enemies":"3 Shapes","floor":36,"turns":9},{"damage":6,"enemies":"Sphere and 2 Shapes","floor":39,"turns":6},{"damage":8,"enemies":"4 Shapes","floor":41,"turns":3}],"event_choices":[{"event_name":"The Woman in Blue","player_choice":"Bought 2 Potions","floor":11.0,"damage_taken":0.0},{"event_name":"The Library","player_choice":"Read","floor":20.0,"damage_taken":0.0},{"event_name":"Tomb of Lord Red Mask","player_choice":"Paid","floor":37,"damage_taken":0}],"boss_relics":[{"not_picked":["Philosopher\u0027s Stone","Calling Bell"],"picked":"Black Star"}],"potions_floor_spawned":[1,3,4,7,13,16,19,21,28,29,31,35,36,39],"seed_played":"4719930417503558394","killed_by":"4 Shapes","ascension_level":2,"is_trial":false}