{"gold_per_floor":[113,164,176,187,262,287,307,307,307,326,355,6,24,38,38,136,136,117,32,32,32,32,32,65,65,90,90,121,140,140,155,155,260,260,277,277,194,209,256,290,309,196,221,247,266,266,278,278,278,278],"floor_reached":50,"playtime":6704,"items_purged":[],"score":835,"play_id":"ea75e36f-840d-4205-889c-894963845f51","local_time":"20180802213300","is_ascension_mode":true,"campfire_choices":[{"data":"Armaments","floor":15.0,"key":"SMITH"},{"floor":23.0,"key":"REST"},{"data":"Bludgeon","floor":25.0,"key":"SMITH"},{"data":"Armaments","floor":27.0,"key":"SMITH"},{"data":"Clothesline","floor":30.0,"key":"SMITH"},{"floor":32.0,"key":"REST"},{"data":"Inflame","floor":46,"key":"SMITH"},{"floor":49,"key":"REST"}],"neow_cost":"NONE","seed_source_timestamp":0,"circlet_count":0,"master_deck":["Bash+1","Bludgeon+1","Seeing Red+1","Spot Weakness+1","Warcry+1","Armaments+1","Metallicize+1","Cleave+1","Battle Trance+1","Secret Technique+1","Feel No Pain+1","Shrug It Off+1","Dark Embrace+1","Armaments+1","Sword Boomerang+1","Clothesline+1","Intimidate+1","Metallicize+1","Perfected Strike+1","Iron Wave+1","Seeing Red+1","Blood for Blood+1","Rupture+1","Writhe","Infernal Blade+1","Berserk+1","Feel No Pain+1","Iron Wave+1","Double Tap+1","Hemokinesis+1","Jack Of All Trades+1","Perfected Strike+1","Heavy Blade+1","Combust+1","Barricade+1","Inflame+1","Heavy Blade+1","True Grit+1"],"special_seed":0,"relics":["Burning Blood","Pear","The Courier","Letter Opener","Meat on the Bone","Mummified Hand","Pandora\u0027s Box","Charon\u0027s Ashes","Enchiridion","Toxic Egg 2","Ginger","Centennial Puzzle","Ornamental Fan","Busted Crown","Bird Faced Urn","Bag of Preparation","Vajra","Magic Flower","Mark of the Bloom"],"potions_floor_usage":[40,41,41,45,50],"damage_taken":[{"damage":0.0,"enemies":"Small Slimes","floor":1.0,"turns":3.0},{"damage":7.0,"enemies":"Jaw Worm","floor":3.0,"turns":2.0},{"damage":1.0,"enemies":"Cultist","floor":4.0,"turns":3.0},{"damage":14.0,"enemies":"Gremlin Nob","floor":6.0,"turns":4.0},{"damage":23.0,"enemies":"3 Louse","floor":7.0,"turns":4.0},{"damage":16.0,"enemies":"Blue Slaver","floor":10.0,"turns":4.0},{"damage":11.0,"enemies":"Lagavulin","floor":11.0,"turns":7.0},{"damage":8.0,"enemies":"Lots of Slimes","floor":13.0,"turns":3.0},{"damage":4.0,"enemies":"Exordium Thugs","floor":14.0,"turns":3.0},{"damage":19.0,"enemies":"Slime Boss","floor":16.0,"turns":10.0},{"damage":19.0,"enemies":"2 Thieves","floor":18.0,"turns":4.0},{"damage":0.0,"enemies":"Gremlin Leader","floor":24.0,"turns":5.0},{"damage":25.0,"enemies":"Slavers","floor":28.0,"turns":3.0},{"damage":3.0,"enemies":"3 Byrds","floor":29.0,"turns":3.0},{"damage":19.0,"enemies":"Snake Plant","floor":31.0,"turns":2.0},{"damage":44.0,"enemies":"Collector","floor":33.0,"turns":10.0},{"damage":0,"enemies":"3 Darklings","floor":35,"turns":3},{"damage":6,"enemies":"Flame Bruiser 1 Orb","floor":38,"turns":4},{"damage":19,"floor":39,"turns":3},{"damage":18,"enemies":"2 Orb Walkers","floor":40,"turns":2},{"damage":13,"enemies":"Spire Growth","floor":41,"turns":2},{"damage":14,"enemies":"Giant Head","floor":44,"turns":4},{"damage":45,"enemies":"Transient","floor":45,"turns":5},{"damage":15,"enemies":"Maw","floor":47,"turns":3},{"damage":96,"enemies":"Time Eater","floor":50,"turns":6}],"seed_played":"-6020564032293287916","potions_obtained":[{"floor":1.0,"key":"Block Potion"},{"floor":4.0,"key":"Poison Potion"},{"floor":13.0,"key":"Block Potion"},{"floor":14.0,"key":"PowerPotion"},{"floor":24.0,"key":"Ancient Potion"},{"floor":31.0,"key":"PowerPotion"},{"floor":38,"key":"AttackPotion"},{"floor":40,"key":"AttackPotion"},{"floor":41,"key":"SkillPotion"},{"floor":47,"key":"AttackPotion"}],"is_trial":false,"path_per_floor":["M","?","M","M","?","E","M","T","T","M","E","$","M","M","R","B",null,"M","?","?","?","$","R","E","R","T","R","E","M","R","M","R","B",null,"M","?","$","M","?","E","M","$","T","E","M","R","M","?","R"],"character_chosen":"IRONCLAD","items_purchased":["Mummified Hand","Secret Technique","Jack Of All Trades+1","Barricade","Inflame"],"campfire_rested":3,"item_purchase_floors":[12,12,37,42,42],"current_hp_per_floor":[78,78,77,80,69,71,54,54,54,44,39,39,49,63,63,62,83,70,70,54,54,54,81,87,87,87,87,68,71,71,58,85,59,82,88,88,88,90,77,81,82,82,82,90,70,70,94,94,94,0],"gold":278,"neow_bonus":"ONE_RANDOM_RARE_CARD","is_prod":false,"is_daily":false,"chose_seed":false,"campfire_upgraded":5,"win_rate":0,"timestamp":1533238380,"path_taken":["M","?","?","M","?","E","M","?","T","M","E","$","M","?","R","BOSS","M","?","?","?","?","R","E","R","T","R","E","M","R","M","R","BOSS","M","?","$","M","?","E","M","$","T","E","M","R","M","?","R","BOSS"],"build_version":"2018-07-26","purchased_purges":0,"victory":false,"max_hp_per_floor":[80,80,80,80,80,90,90,90,90,90,90,90,90,90,90,90,90,90,90,90,90,90,90,90,90,90,90,90,90,90,90,90,90,90,90,90,90,90,90,90,90,90,90,90,90,90,94,94,94,94],"card_choices":[{"not_picked":["Searing Blow","Corruption"],"picked":"Seeing Red","floor":1.0},{"not_picked":["Heavy Blade","Rage"],"picked":"Spot Weakness","floor":3.0},{"not_picked":["Sever Soul","Uppercut"],"picked":"Warcry","floor":4.0},{"not_picked":["Burning Pact","Sever Soul"],"picked":"Armaments","floor":6.0},{"not_picked":["Twin Strike","Blood for Blood"],"picked":"Metallicize","floor":7.0},{"not_picked":["Flex","Body Slam"],"picked":"Cleave","floor":10.0},{"not_picked":["Perfected Strike","Feed"],"picked":"Battle Trance","floor":11.0},{"not_picked":["Bloodletting","Power Through"],"picked":"Feel No Pain","floor":13.0},{"not_picked":["Heavy Blade","Clash"],"picked":"Shrug It Off","floor":14.0},{"not_picked":["Limit Break","Bludgeon"],"picked":"Dark Embrace","floor":16.0},{"not_picked":["Hemokinesis","Pommel Strike"],"picked":"Rupture+1","floor":18.0},{"not_picked":["Disarm+1","Shrug It Off+1"],"picked":"Infernal Blade+1","floor":24.0},{"not_picked":["Whirlwind","Cleave"],"picked":"Berserk","floor":28.0},{"not_picked":["Perfected Strike+1","Second Wind+1"],"picked":"Feel No Pain+1","floor":29.0},{"not_picked":["Cleave","Body Slam"],"picked":"Iron Wave","floor":31.0},{"not_picked":["Immolate","Offering+1"],"picked":"Double Tap+1","floor":33.0},{"not_picked":[],"picked":"Hemokinesis+1","floor":35},{"not_picked":[],"picked":"Perfected Strike+1","floor":38},{"not_picked":[],"picked":"Heavy Blade","floor":40},{"not_picked":[],"picked":"Combust+1","floor":41},{"not_picked":[],"picked":"Heavy Blade","floor":44},{"not_picked":["Anger+1"],"picked":"SKIP","floor":45},{"not_picked":[],"picked":"True Grit+1","floor":47}],"player_experience":855876,"relics_obtained":[{"floor":6.0,"key":"Pear"},{"floor":8.0,"key":"The Courier"},{"floor":9.0,"key":"Letter Opener"},{"floor":11.0,"key":"Meat on the Bone"},{"floor":20.0,"key":"Enchiridion"},{"floor":24.0,"key":"Ginger"},{"floor":26.0,"key":"Centennial Puzzle"},{"floor":28.0,"key":"Ornamental Fan"},{"floor":39,"key":"Bird Faced Urn"},{"floor":40,"key":"Bag of Preparation"},{"floor":43,"key":"Vajra"},{"floor":44,"key":"Magic Flower"}],"event_choices":[{"event_name":"Golden Wing","player_choice":"Gained Gold","floor":2.0,"damage_taken":0.0},{"event_name":"World of Goop","player_choice":"Gather Gold","floor":5.0,"damage_taken":0.0},{"event_name":"Addict","player_choice":"Obtained Relic","floor":19.0,"damage_taken":0.0},{"event_name":"Cursed Tome","player_choice":"Obtained Book","floor":20.0,"damage_taken":0.0},{"event_name":"The Mausoleum","player_choice":"Yes","floor":21.0,"damage_taken":0.0},{"event_name":"Tomb of Lord Red Mask","player_choice":"Ignored","floor":36,"damage_taken":0},{"event_name":"Mysterious Sphere","player_choice":"Fight","floor":39,"damage_taken":0},{"event_name":"MindBloom","player_choice":"Upgrade","floor":48,"damage_taken":0}],"is_beta":false,"boss_relics":[{"not_picked":["Velvet Choker","Eternal Feather"],"picked":"Pandora\u0027s Box"},{"not_picked":["Calling Bell","Astrolabe"],"picked":"Busted Crown"}],"items_purged_floors":[],"is_endless":false,"potions_floor_spawned":[1,4,13,14,24,31,38,40,41,47],"killed_by":"Time Eater","ascension_level":7}