{"gold_per_floor":[113,113,113,128,1,1,36,36,117,117,133,153,153,173,173,173],"floor_reached":16,"playtime":428,"items_purged":["Injury"],"score":213,"play_id":"16ec6e46-d79b-4bcf-a88e-2d17bcb84d21","local_time":"20190218230858","is_ascension_mode":true,"campfire_choices":[{"data":"Bash","floor":6,"key":"SMITH"},{"data":"Rampage","floor":8,"key":"SMITH"},{"data":"True Grit","floor":15,"key":"SMITH"}],"neow_cost":"NONE","seed_source_timestamp":154343130346575,"circlet_count":0,"master_deck":["AscendersBane","Strike_R","Strike_R","Strike_R","Strike_R","Strike_R","Defend_R","Defend_R","Defend_R","Defend_R","Bash+1","Sword Boomerang","Wild Strike","True Grit+1","Rampage+1","Havoc","Dropkick","Pain","True Grit"],"relics":["Burning Blood","NeowsBlessing","Darkstone Periapt","Golden Idol","Smiling Mask","Ornamental Fan","CultistMask","WarpedTongs"],"potions_floor_usage":[16,16],"damage_taken":[{"damage":0,"enemies":"Jaw Worm","floor":1,"turns":1},{"damage":0,"enemies":"Small Slimes","floor":4,"turns":1},{"damage":0,"enemies":"Lagavulin","floor":7,"turns":1},{"damage":0,"enemies":"Cultist","floor":11,"turns":3},{"damage":16,"enemies":"3 Louse","floor":12,"turns":5},{"damage":26,"enemies":"Gremlin Gang","floor":14,"turns":3},{"damage":56,"enemies":"Slime Boss","floor":16,"turns":11}],"seed_played":"1372046413947586126","potions_obtained":[{"floor":12,"key":"GamblersBrew"},{"floor":14,"key":"Poison Potion"}],"is_trial":false,"path_per_floor":["M","?","?","M","$","R","E","R","T","?","M","M","?","M","R","B"],"character_chosen":"IRONCLAD","items_purchased":["True Grit"],"campfire_rested":0,"item_purchase_floors":[5],"current_hp_per_floor":[74,67,73,79,79,79,81,81,81,81,81,71,77,57,57,1],"gold":173,"neow_bonus":"THREE_ENEMY_KILL","is_prod":false,"is_daily":false,"chose_seed":false,"campfire_upgraded":3,"win_rate":0,"timestamp":1550527738,"path_taken":["M","?","?","M","?","R","E","R","T","?","?","M","?","M","R","BOSS"],"build_version":"2019-01-23","purchased_purges":1,"victory":false,"max_hp_per_floor":[75,75,81,81,81,81,81,81,81,81,81,81,87,87,87,87],"card_choices":[{"not_picked":["Havoc","Feel No Pain"],"picked":"Sword Boomerang","floor":1},{"not_picked":["Flex","Perfected Strike"],"picked":"Wild Strike","floor":4},{"not_picked":["Dual Wield","Armaments"],"picked":"Rampage","floor":7},{"not_picked":["Sentinel","Twin Strike"],"picked":"Havoc","floor":11},{"not_picked":["Heavy Blade","Flex"],"picked":"Dropkick","floor":12},{"not_picked":["Armaments","Rage"],"picked":"True Grit","floor":14}],"player_experience":2291087,"relics_obtained":[{"floor":7,"key":"Smiling Mask"},{"floor":9,"key":"Ornamental Fan"}],"event_choices":[{"damage_healed":0,"gold_gain":0,"player_choice":"Success","damage_taken":7,"relics_obtained":["Darkstone Periapt"],"max_hp_gain":0,"max_hp_loss":0,"event_name":"Scrap Ooze","floor":2,"gold_loss":0},{"damage_healed":0,"gold_gain":0,"player_choice":"Take Wound","damage_taken":0,"relics_obtained":["Golden Idol"],"max_hp_gain":0,"max_hp_loss":0,"event_name":"Golden Idol","floor":3,"gold_loss":0,"cards_obtained":["Injury"]},{"damage_healed":0,"gold_gain":0,"player_choice":"Trade","damage_taken":0,"relics_obtained":["CultistMask"],"max_hp_gain":0,"max_hp_loss":0,"event_name":"FaceTrader","floor":10,"gold_loss":0},{"damage_healed":0,"gold_gain":0,"player_choice":"Rummage","damage_taken":0,"relics_obtained":["WarpedTongs"],"max_hp_gain":0,"max_hp_loss":0,"event_name":"Accursed Blacksmith","floor":13,"gold_loss":0,"cards_obtained":["Pain"]}],"is_beta":false,"boss_relics":[],"items_purged_floors":[5],"is_endless":false,"potions_floor_spawned":[12,14],"killed_by":"Slime Boss","ascension_level":14}