{"gold_per_floor":[116,134,146,146,146,171,135,135,183,211,211,221,221,553,553,651,651,671,76,76,91,109,109,144,154,154,166,166],"floor_reached":28,"playtime":1172,"items_purged":[],"score":335,"play_id":"caa8a119-cae3-4688-98fc-f12d3d4185a0","local_time":"20180706135557","is_ascension_mode":true,"campfire_choices":[{"floor":8,"key":"REST"},{"data":"Genetic Algorithm","floor":13,"key":"SMITH"},{"floor":15,"key":"REST"},{"floor":23,"key":"REST"}],"neow_cost":"NONE","seed_source_timestamp":675685429454985,"circlet_count":0,"master_deck":["Strike_B+1","Strike_B","Strike_B","Strike_B+1","Defend_B","Defend_B","Defend_B","Defend_B","Zap","Dualcast","Loop","Glacier","Genetic Algorithm+1","Chill","Gash","Rebound","Scrape","Fusion+1","Beam Cell","Glacier","Echo Form","White Noise","Echo Form","Capacitor","Gash","BootSequence","Leap","Leap","Sweeping Beam","Undo"],"relics":["Busted Crown","Centennial Puzzle","Omamori","Whetstone","Strawberry","Old Coin","Sozu","DollysMirror","Shuriken","Orichalcum","Torii","Blue Candle"],"potions_floor_usage":[6,6,14,24],"damage_taken":[{"damage":0,"enemies":"Cultist","floor":1,"turns":4},{"damage":4,"enemies":"Jaw Worm","floor":2,"turns":4},{"damage":3,"enemies":"Small Slimes","floor":3,"turns":4},{"damage":12,"enemies":"Gremlin Nob","floor":6,"turns":5},{"damage":4,"enemies":"3 Sentries","floor":10,"turns":9},{"damage":9,"enemies":"3 Louse","floor":12,"turns":4},{"damage":17,"enemies":"Gremlin Nob","floor":14,"turns":4},{"damage":40,"enemies":"The Guardian","floor":16,"turns":16},{"damage":12,"enemies":"Shell Parasite","floor":18,"turns":8},{"damage":16,"enemies":"2 Thieves","floor":21,"turns":5},{"damage":10,"enemies":"Snake Plant","floor":22,"turns":5},{"damage":20,"enemies":"Slavers","floor":24,"turns":6},{"damage":12,"enemies":"Snecko","floor":25,"turns":5},{"damage":12,"enemies":"Centurion and Healer","floor":27,"turns":6},{"damage":12,"enemies":"Cultist and Chosen","floor":28,"turns":6}],"seed_played":"-8566734917330974955","potions_obtained":[{"floor":1,"key":"Explosive Potion"},{"floor":3,"key":"SkillPotion"},{"floor":12,"key":"Swift Potion"},{"floor":14,"key":"Energy Potion"}],"is_trial":false,"path_per_floor":["M","M","M","?","?","E","$","R","T","E","?","M","R","E","R","B",null,"M","$","?","M","M","R","E","M","T","M"],"character_chosen":"DEFECT","items_purchased":["Scrape","DollysMirror","Shuriken","Capacitor","Gash","BootSequence"],"campfire_rested":3,"item_purchase_floors":[7,19,19,19,19,19],"current_hp_per_floor":[68,64,61,61,43,31,31,53,53,56,56,47,47,30,54,14,65,53,53,53,44,34,58,38,26,26,14,2],"gold":166,"neow_bonus":"BOSS_RELIC","is_prod":false,"is_daily":false,"chose_seed":false,"campfire_upgraded":1,"win_rate":0,"timestamp":1530878157,"path_taken":["M","?","M","?","?","E","$","R","T","E","?","M","R","E","R","BOSS","M","$","?","M","M","R","E","M","T","M","M"],"build_version":"2018-07-05","purchased_purges":0,"victory":false,"max_hp_per_floor":[75,75,75,75,75,75,75,75,75,82,82,82,82,82,82,82,82,82,82,82,82,82,82,82,82,82,82,82],"card_choices":[{"not_picked":[],"picked":"Loop","floor":1},{"not_picked":[],"picked":"Glacier","floor":2},{"not_picked":[],"picked":"Genetic Algorithm","floor":3},{"not_picked":[],"picked":"Rebound","floor":6},{"not_picked":[],"picked":"Fusion","floor":10},{"not_picked":[],"picked":"Beam Cell","floor":12},{"not_picked":[],"picked":"Glacier","floor":14},{"not_picked":[],"picked":"Echo Form","floor":16},{"not_picked":[],"picked":"White Noise","floor":18},{"not_picked":["Turbo+1"],"picked":"SKIP","floor":21},{"not_picked":[],"picked":"Leap","floor":22},{"not_picked":[],"picked":"Leap","floor":24},{"not_picked":[],"picked":"Sweeping Beam","floor":25},{"not_picked":[],"picked":"Undo","floor":27}],"player_experience":817291,"relics_obtained":[{"floor":6,"key":"Omamori"},{"floor":9,"key":"Whetstone"},{"floor":10,"key":"Strawberry"},{"floor":14,"key":"Old Coin"},{"floor":24,"key":"Torii"},{"floor":26,"key":"Blue Candle"}],"event_choices":[{"event_name":"Match and Keep!","player_choice":"2 cards matched","floor":4,"damage_taken":0},{"event_name":"Scrap Ooze","player_choice":"success","floor":5,"damage_taken":18},{"event_name":"Living Wall","player_choice":"Grow","floor":11,"damage_taken":0},{"event_name":"The Mausoleum","player_choice":"Yes","floor":20,"damage_taken":0}],"boss_relics":[{"not_picked":["Fusion Hammer","Snecko Eye"],"picked":"Sozu"}],"items_purged_floors":[],"is_endless":false,"potions_floor_spawned":[1,3,12,14,21,25],"killed_by":"Cultist and Chosen","ascension_level":6}