{"gold_per_floor":[117,129,204,224,239,239,271,271,297,297,297,297,247,281,281,281],"floor_reached":16,"playtime":1059,"items_purged":["Strike_R"],"score":108,"play_id":"d962b10a-6b24-4361-9ba3-d7aa5377442f","local_time":"20190220191554","is_ascension_mode":false,"campfire_choices":[{"data":"Flame Barrier","floor":6.0,"key":"SMITH"},{"floor":8.0,"key":"REST"},{"data":"Bash","floor":11.0,"key":"SMITH"},{"data":"Pommel Strike","floor":15,"key":"SMITH"}],"neow_cost":"NONE","seed_source_timestamp":0,"circlet_count":0,"master_deck":["Strike_R","Strike_R","Strike_R","Strike_R","Defend_R","Defend_R+1","Defend_R","Defend_R","Bash+1","Thunderclap+1","Pommel Strike+1","Flame Barrier+1"],"special_seed":0,"relics":["Burning Blood","NeowsBlessing","Smiling Mask","Ancient Tea Set","Pen Nib"],"potions_floor_usage":[],"damage_taken":[{"damage":0.0,"enemies":"2 Louse","floor":1.0,"turns":1.0},{"damage":0.0,"enemies":"Small Slimes","floor":2.0,"turns":1.0},{"damage":0.0,"enemies":"Cultist","floor":4.0,"turns":1.0},{"damage":15.0,"enemies":"Exordium Thugs","floor":5.0,"turns":4.0},{"damage":36.0,"enemies":"Gremlin Nob","floor":7.0,"turns":5.0},{"damage":18,"enemies":"3 Sentries","floor":14,"turns":9},{"damage":27,"enemies":"The Guardian","floor":16,"turns":5}],"seed_played":"-3428099994297082226","potions_obtained":[{"floor":4.0,"key":"GamblersBrew"},{"floor":14,"key":"Block Potion"}],"is_trial":false,"path_per_floor":["M","M","?","M","M","R","E","R","T","?","R","?","$","E","R","B"],"character_chosen":"IRONCLAD","items_purchased":[],"campfire_rested":1,"item_purchase_floors":[],"current_hp_per_floor":[80,80,69,75,66,66,36,60,60,44,44,70,70,58,58,31],"gold":281,"neow_bonus":"THREE_ENEMY_KILL","is_prod":false,"is_daily":false,"chose_seed":false,"campfire_upgraded":3,"win_rate":0.0,"timestamp":1550715354,"path_taken":["M","M","?","M","M","R","E","R","T","?","R","?","$","E","R","BOSS"],"build_version":"2019-01-23","purchased_purges":1,"victory":false,"max_hp_per_floor":[80,80,80,80,80,80,80,80,80,80,80,80,80,80,80,80],"card_choices":[{"not_picked":["True Grit","Clothesline"],"picked":"Thunderclap","floor":1.0},{"not_picked":["Perfected Strike","Body Slam","Clash"],"picked":"SKIP","floor":2.0},{"not_picked":["Intimidate","True Grit"],"picked":"Pommel Strike","floor":4.0},{"not_picked":["Blood for Blood","Anger"],"picked":"Flame Barrier","floor":5.0},{"not_picked":["Hemokinesis","Rampage","Searing Blow"],"picked":"SKIP","floor":7.0},{"not_picked":["Carnage","Sever Soul","Feed"],"picked":"SKIP","floor":14}],"player_experience":35775,"relics_obtained":[{"floor":7.0,"key":"Smiling Mask"},{"floor":9.0,"key":"Ancient Tea Set"},{"floor":14,"key":"Pen Nib"}],"event_choices":[{"damage_healed":0.0,"max_hp_gain":0.0,"max_hp_loss":0.0,"gold_gain":75.0,"event_name":"World of Goop","player_choice":"Gather Gold","floor":3.0,"gold_loss":0.0,"damage_taken":11.0},{"damage_healed":0.0,"max_hp_gain":0.0,"max_hp_loss":0.0,"gold_gain":0.0,"event_name":"Shining Light","player_choice":"Entered Light","floor":10.0,"gold_loss":0.0,"damage_taken":16.0,"cards_upgraded":["Defend_R","Thunderclap"]},{"damage_healed":26.0,"max_hp_gain":0.0,"max_hp_loss":0.0,"gold_gain":0.0,"event_name":"Big Fish","player_choice":"Banana","floor":12.0,"gold_loss":0.0,"damage_taken":0.0}],"is_beta":false,"boss_relics":[],"items_purged_floors":[13],"is_endless":false,"potions_floor_spawned":[4,14],"killed_by":"The Guardian","ascension_level":0}