{"gold_per_floor":[118,134,84,94,9,9,44,44,44,70,88,101,29,0,0,104,104,120,138,53,64,84,84,117,131,131,148,163,163,178,192,192,291,291,303,155,173,0,0,0,34,9,35,35,49,49,49,61,61,61],"floor_reached":50,"playtime":2061,"items_purged":[],"score":734,"play_id":"ffaa662e-511b-4d70-b157-04989a2c2d41","local_time":"20180901173326","is_ascension_mode":true,"campfire_choices":[{"data":"1","floor":6.0,"key":"LIFT"},{"data":"2","floor":8.0,"key":"LIFT"},{"data":"3","floor":15,"key":"LIFT"},{"floor":23,"key":"DIG"},{"floor":29,"key":"DIG"},{"floor":32,"key":"DIG"},{"floor":40,"key":"DIG"},{"floor":47,"key":"DIG"},{"floor":49,"key":"REST"}],"neow_cost":"TEN_PERCENT_HP_LOSS","seed_source_timestamp":56619670553238,"circlet_count":0,"master_deck":["Defend_G","Defend_G","Defend_G+1","Defend_G","Strike_G","Strike_G","Strike_G","Strike_G","Survivor","Neutralize","Underhanded Strike","Dodge and Roll","Cloak And Dagger+1","Infinite Blades","Escape Plan","Glass Knife","Cloak And Dagger","Dagger Throw","Accuracy+1","Burst","Flying Knee","Backstab","Blade Dance+1","Outmaneuver","Cloak And Dagger","Tactician","Quick Slash","Leg Sweep","Dagger Throw+1","Infinite Blades+1","Blade Dance","Blade Dance","Tactician+1","PiercingWail+1"],"special_seed":0,"relics":["Ring of the Snake","Girya","War Paint","Mercury Hourglass","Frozen Egg 2","WristBlade","Shovel","Meat on the Bone","Mummified Hand","Dodecahedron","Blood Vial","Bottled Lightning","Black Star","Pen Nib","Red Mask","Incense Burner","Potion Belt","Torii","Prayer Wheel","Juzu Bracelet","Ginger"],"potions_floor_usage":[16,22,24,33,33,33,48,50],"damage_taken":[{"damage":0.0,"enemies":"2 Louse","floor":1.0,"turns":3.0},{"damage":2.0,"enemies":"Cultist","floor":2.0,"turns":4.0},{"damage":0.0,"enemies":"Small Slimes","floor":4.0,"turns":3.0},{"damage":15.0,"enemies":"3 Sentries","floor":7.0,"turns":6.0},{"damage":2.0,"enemies":"Lagavulin","floor":10.0,"turns":7.0},{"damage":0.0,"enemies":"Exordium Thugs","floor":11.0,"turns":3.0},{"damage":0.0,"enemies":"Looter","floor":12.0,"turns":2.0},{"damage":4,"enemies":"Hexaghost","floor":16,"turns":8},{"damage":0,"enemies":"Spheric Guardian","floor":18,"turns":2},{"damage":6,"enemies":"2 Thieves","floor":19,"turns":3},{"damage":1,"enemies":"3 Cultists","floor":21,"turns":4},{"damage":9,"enemies":"Snecko","floor":22,"turns":4},{"damage":20,"enemies":"Slavers","floor":24,"turns":5},{"damage":18,"enemies":"Snake Plant","floor":25,"turns":2},{"damage":17,"enemies":"Shelled Parasite and Fungi","floor":27,"turns":3},{"damage":0,"enemies":"Cultist and Chosen","floor":28,"turns":4},{"damage":0,"enemies":"Sentry and Sphere","floor":30,"turns":3},{"damage":0,"enemies":"Centurion and Healer","floor":31,"turns":4},{"damage":28,"enemies":"Collector","floor":33,"turns":7},{"damage":9,"enemies":"Orb Walker","floor":35,"turns":3},{"damage":0,"enemies":"3 Shapes","floor":37,"turns":2},{"damage":3,"enemies":"Mind Bloom Boss Battle","floor":39,"turns":5},{"damage":13,"enemies":"2 Orb Walkers","floor":41,"turns":4},{"damage":0,"enemies":"Sphere and 2 Shapes","floor":45,"turns":3},{"damage":6,"enemies":"Transient","floor":48,"turns":5},{"damage":67,"enemies":"Donu and Deca","floor":50,"turns":4}],"seed_played":"3072162187848755710","potions_obtained":[{"floor":1.0,"key":"GhostInAJar"},{"floor":4.0,"key":"LiquidBronze"},{"floor":10.0,"key":"Dexterity Potion"},{"floor":18,"key":"Block Potion"},{"floor":24,"key":"Poison Potion"},{"floor":27,"key":"Fire Potion"},{"floor":30,"key":"EssenceOfSteel"},{"floor":39,"key":"Explosive Potion"},{"floor":48,"key":"LiquidBronze"}],"is_trial":false,"path_per_floor":["M","M","?","M","$","R","E","R","T","E","M","M","$","?","R","B",null,"M","M","?","M","M","R","E","M","T","M","M","R","M","M","R","B",null,"M","$","M","?","?","R","E","$","T","?","M","?","R","M","R"],"character_chosen":"THE_SILENT","items_purchased":["Infinite Blades","AttackPotion","Accuracy+1","Pen Nib","Blade Dance"],"campfire_rested":1,"item_purchase_floors":[5,5,13,36,42],"current_hp_per_floor":[63,61,61,61,61,61,46,46,46,44,44,44,44,44,44,40,57,57,51,51,50,41,41,33,27,27,22,34,34,36,38,38,24,53,46,46,48,48,47,47,36,36,36,36,38,38,38,34,52,0],"gold":61,"neow_bonus":"ONE_RARE_RELIC","is_prod":false,"is_daily":false,"chose_seed":false,"campfire_upgraded":0,"win_rate":0,"timestamp":1535816006,"path_taken":["M","M","?","M","$","R","E","R","T","E","M","?","?","?","R","BOSS","M","M","?","M","M","R","E","?","T","M","M","R","?","M","R","BOSS","M","$","M","?","?","R","E","?","T","?","M","?","R","M","R","BOSS"],"build_version":"2018-08-30","purchased_purges":0,"victory":false,"max_hp_per_floor":[63,63,63,63,63,63,63,63,63,63,63,63,63,63,63,63,63,63,63,63,63,63,63,63,63,63,63,63,63,63,63,63,63,63,63,63,63,63,63,63,63,63,63,63,63,63,63,63,63,63],"card_choices":[{"not_picked":["Caltrops","Acrobatics"],"picked":"Underhanded Strike","floor":1.0},{"not_picked":["Slice","PiercingWail"],"picked":"Dodge and Roll","floor":2.0},{"not_picked":["Slice","Phantasmal Killer"],"picked":"Cloak And Dagger","floor":4.0},{"not_picked":["Poisoned Stab","Underhanded Strike"],"picked":"Escape Plan","floor":7.0},{"not_picked":["Deadly Poison","Concentrate"],"picked":"Glass Knife","floor":10.0},{"not_picked":["Choke","Acrobatics"],"picked":"Cloak And Dagger","floor":11.0},{"not_picked":["Deflect","Dagger Spray"],"picked":"Dagger Throw","floor":12.0},{"not_picked":["Malaise","Bullet Time"],"picked":"Burst","floor":16},{"not_picked":["Acrobatics","Masterful Stab"],"picked":"Flying Knee","floor":18},{"not_picked":["Catalyst","Deflect"],"picked":"Backstab","floor":19},{"not_picked":["Outmaneuver","Prepared"],"picked":"Blade Dance+1","floor":21},{"not_picked":["Sucker Punch","Bane"],"picked":"Outmaneuver","floor":22},{"not_picked":["Poisoned Stab","Backstab"],"picked":"Cloak And Dagger","floor":24},{"not_picked":["Grand Finale","Dagger Spray+1"],"picked":"Tactician","floor":25},{"not_picked":["Deflect","Bane"],"picked":"Quick Slash","floor":27},{"not_picked":["All Out Attack","Dash"],"picked":"Leg Sweep","floor":28},{"not_picked":["Sucker Punch+1","Noxious Fumes+1","Deflect"],"picked":"SKIP","floor":30},{"not_picked":["Flying Knee+1","Predator"],"picked":"Dagger Throw+1","floor":31},{"not_picked":["Outmaneuver","Predator","Dagger Throw"],"picked":"SKIP","floor":35},{"not_picked":["Crippling Poison+1","Underhanded Strike","Dagger Throw"],"picked":"SKIP","floor":37},{"not_picked":["Calculated Gamble+1","Expertise"],"picked":"Infinite Blades+1","floor":39},{"not_picked":["Dagger Spray","Prepared"],"picked":"Blade Dance","floor":41},{"not_picked":["Sucker Punch","Flying Knee"],"picked":"Tactician+1","floor":45},{"not_picked":["Acrobatics","Choke","Sucker Punch+1"],"picked":"SKIP","floor":45},{"not_picked":["All Out Attack+1","Dagger Throw"],"picked":"PiercingWail+1","floor":48},{"not_picked":["Dodge and Roll","Masterful Stab+1","Dagger Throw"],"picked":"SKIP","floor":48}],"player_experience":958721,"relics_obtained":[{"floor":7.0,"key":"War Paint"},{"floor":9.0,"key":"Mercury Hourglass"},{"floor":10.0,"key":"Frozen Egg 2"},{"floor":23,"key":"Meat on the Bone"},{"floor":24,"key":"Mummified Hand"},{"floor":26,"key":"Dodecahedron"},{"floor":29,"key":"Blood Vial"},{"floor":32,"key":"Bottled Lightning"},{"floor":39,"key":"Incense Burner"},{"floor":40,"key":"Potion Belt"},{"floor":41,"key":"Torii"},{"floor":41,"key":"Prayer Wheel"},{"floor":43,"key":"Juzu Bracelet"},{"floor":47,"key":"Ginger"}],"event_choices":[{"event_name":"The Cleric","player_choice":"Card Removal","floor":3.0,"damage_taken":0.0},{"event_name":"World of Goop","player_choice":"Left","floor":14,"damage_taken":0},{"event_name":"Addict","player_choice":"Obtained Relic","floor":20,"damage_taken":0},{"event_name":"Tomb of Lord Red Mask","player_choice":"Paid","floor":38,"damage_taken":0},{"event_name":"MindBloom","player_choice":"Fight","floor":39,"damage_taken":0},{"event_name":"Falling","player_choice":"Removed Attack","floor":44,"damage_taken":0},{"event_name":"SecretPortal","player_choice":"Rejected Portal.","floor":46,"damage_taken":0}],"is_beta":false,"boss_relics":[{"not_picked":["Runic Pyramid","Calling Bell"],"picked":"WristBlade"},{"not_picked":["Philosopher\u0027s Stone","Velvet Choker"],"picked":"Black Star"}],"items_purged_floors":[],"is_endless":false,"potions_floor_spawned":[1,4,10,18,19,24,27,30,39,48],"killed_by":"Donu and Deca","ascension_level":9}