{"gold_per_floor":[112,37,112,112,130,165,182,207,207,207,242,259,270,370,370,447,447,464,474,474],"floor_reached":20,"playtime":686,"items_purged":["Strike_B"],"score":438,"play_id":"505bca3f-e8d7-4f75-b3fa-89c2091e3cf2","local_time":"20181221145951","is_ascension_mode":true,"campfire_choices":[{"floor":15.0,"key":"REST"}],"neow_cost":"NONE","seed_source_timestamp":26427007071771,"circlet_count":0,"master_deck":["AscendersBane","Strike_B","Strike_B","Strike_B","Defend_B","Defend_B","Defend_B","Zap","Dualcast","Gash","Streamline","Rebound","Cold Snap","Hologram","Compile Driver","Ball Lightning","Undo","Electrodynamics","Auto Shields","Recycle"],"special_seed":0,"relics":["Cracked Core","NeowsBlessing","Unceasing Top","Sundial","Pocketwatch","Runic Dome"],"potions_floor_usage":[19,19],"damage_taken":[{"damage":0.0,"enemies":"2 Louse","floor":1.0,"turns":1.0},{"damage":0.0,"enemies":"Jaw Worm","floor":5.0,"turns":1.0},{"damage":0.0,"enemies":"3 Sentries","floor":6.0,"turns":1.0},{"damage":1.0,"enemies":"Cultist","floor":7.0,"turns":3.0},{"damage":24.0,"enemies":"Lagavulin","floor":8.0,"turns":6.0},{"damage":30.0,"enemies":"Gremlin Nob","floor":11.0,"turns":4.0},{"damage":16.0,"enemies":"Large Slime","floor":12.0,"turns":3.0},{"damage":3.0,"enemies":"Exordium Thugs","floor":13.0,"turns":3.0},{"damage":26.0,"enemies":"The Guardian","floor":16.0,"turns":11.0},{"damage":27,"enemies":"Shell Parasite","floor":18,"turns":4},{"damage":0,"enemies":"Spheric Guardian","floor":19,"turns":3},{"damage":39,"enemies":"Shelled Parasite and Fungi","floor":20,"turns":3}],"seed_played":"-3220242850138912358","potions_obtained":[{"floor":6.0,"key":"Regen Potion"},{"floor":8.0,"key":"FocusPotion"},{"floor":12.0,"key":"SkillPotion"},{"floor":18,"key":"Regen Potion"}],"is_trial":false,"path_per_floor":["M","$","?","?","M","E","M","E","T","?","E","M","M","?","R","B",null,"M","M","M"],"character_chosen":"DEFECT","items_purchased":[],"campfire_rested":1,"item_purchase_floors":[],"current_hp_per_floor":[64,64,53,46,46,46,45,36,36,59,29,13,10,10,31,5,55,28,37,0],"gold":474,"neow_bonus":"THREE_ENEMY_KILL","is_prod":false,"is_daily":false,"chose_seed":false,"campfire_upgraded":0,"win_rate":0,"timestamp":1545422391,"path_taken":["M","$","?","?","M","E","M","E","T","?","E","M","M","?","R","BOSS","M","M","M"],"build_version":"2018-12-20","purchased_purges":1,"victory":false,"max_hp_per_floor":[71,71,71,71,71,71,71,71,71,71,71,71,71,71,71,71,71,71,71,71],"card_choices":[{"not_picked":["Hologram","Sweeping Beam"],"picked":"Gash","floor":1.0},{"not_picked":["Hologram","Cold Snap"],"picked":"Streamline","floor":5.0},{"not_picked":["Coolheaded","Stack"],"picked":"Rebound","floor":6.0},{"not_picked":["Coolheaded","Compile Driver"],"picked":"Cold Snap","floor":7.0},{"not_picked":["Scrape","Rip and Tear"],"picked":"Hologram","floor":8.0},{"not_picked":["Steam Power","Tempest"],"picked":"Compile Driver","floor":11.0},{"not_picked":["Cold Snap","Conserve Battery"],"picked":"Ball Lightning","floor":12.0},{"not_picked":["Storm","Cold Snap"],"picked":"Undo","floor":13.0},{"not_picked":["Hyperbeam","Multi-Cast"],"picked":"Electrodynamics","floor":16.0},{"not_picked":["Streamline","Conserve Battery"],"picked":"Auto Shields","floor":18},{"not_picked":["Scrape+1","Reprogram"],"picked":"Recycle","floor":19}],"player_experience":1281486,"relics_obtained":[{"floor":6.0,"key":"Unceasing Top"},{"floor":9.0,"key":"Sundial"},{"floor":11.0,"key":"Pocketwatch"}],"event_choices":[{"damage_healed":0.0,"max_hp_gain":0.0,"max_hp_loss":0.0,"gold_gain":75.0,"event_name":"World of Goop","player_choice":"Gather Gold","floor":3.0,"gold_loss":0.0,"damage_taken":11.0},{"cards_removed":["Defend_B"],"damage_healed":0.0,"max_hp_gain":0.0,"max_hp_loss":0.0,"gold_gain":0.0,"event_name":"Golden Wing","player_choice":"Card Removal","floor":4.0,"gold_loss":0.0,"damage_taken":7.0},{"damage_healed":23.0,"max_hp_gain":0.0,"max_hp_loss":0.0,"gold_gain":0.0,"event_name":"Big Fish","player_choice":"Banana","floor":10.0,"gold_loss":0.0,"damage_taken":0.0},{"damage_healed":0.0,"max_hp_gain":0.0,"max_hp_loss":0.0,"gold_gain":100.0,"event_name":"Wheel of Change","player_choice":"Gold","floor":14.0,"gold_loss":0.0,"damage_taken":0.0}],"is_beta":true,"boss_relics":[{"not_picked":["Eternal Feather","Busted Crown"],"picked":"Runic Dome"}],"items_purged_floors":[2],"is_endless":false,"potions_floor_spawned":[6,8,12,18],"killed_by":"Shelled Parasite and Fungi","ascension_level":20}