{"gold_per_floor":[116,116,81,81,98,98,110,110,137,157,123,140,150,176,176,274,324,341,341,354,354,369,369,448,448,448,474,236,335,352,267,267,362,362,378,378,66,66,66,66,76,110,110,128,146,157,175,200,200,200],"floor_reached":50,"playtime":7819,"items_purged":[],"score":883,"play_id":"9ab5b0e2-c0b4-49bb-91f4-ecb80d6c33e5","local_time":"20181013215853","is_ascension_mode":true,"campfire_choices":[{"data":"Intimidate","floor":6.0,"key":"SMITH"},{"data":"Armaments","floor":8.0,"key":"SMITH"},{"data":"Whirlwind","floor":15.0,"key":"SMITH"},{"floor":23.0,"key":"REST"},{"data":"Heavy Blade","floor":25.0,"key":"SMITH"},{"data":"Inflame","floor":32.0,"key":"SMITH"},{"data":"Flame Barrier","floor":40,"key":"SMITH"},{"floor":49,"key":"REST"}],"neow_cost":"NONE","seed_source_timestamp":228949906566196,"circlet_count":0,"master_deck":["Strike_R+1","Strike_R","Strike_R+1","Strike_R","Strike_R","Defend_R+1","Defend_R","Defend_R","Defend_R+1","Bash","AscendersBane","Inflame+1","Intimidate+1","Armaments+1","Flame Barrier+1","Fire Breathing","Whirlwind+1","Battle Trance","Thunderclap","Heavy Blade+1","Inflame+1","Inflame+1","Seeing Red+1","Shrug It Off","Double Tap+1","Infernal Blade+1","Impatience","Dropkick+1","Limit Break"],"special_seed":0,"relics":["Burning Blood","Omamori","Orichalcum","Letter Opener","Tiny House","Necronomicon","Mercury Hourglass","Dodecahedron","Bag of Marbles","Gremlin Horn","Sundial","Velvet Choker","Incense Burner","War Paint","Darkstone Periapt","Vajra"],"potions_floor_usage":[48,48,50,50],"damage_taken":[{"damage":5.0,"enemies":"2 Louse","floor":1.0,"turns":5.0},{"damage":1.0,"enemies":"Small Slimes","floor":5.0,"turns":3.0},{"damage":1.0,"enemies":"Jaw Worm","floor":7.0,"turns":3.0},{"damage":9.0,"enemies":"2 Fungi Beasts","floor":10.0,"turns":4.0},{"damage":3.0,"enemies":"Blue Slaver","floor":12.0,"turns":5.0},{"damage":5.0,"enemies":"Exordium Wildlife","floor":13.0,"turns":3.0},{"damage":0.0,"enemies":"3 Sentries","floor":14.0,"turns":2.0},{"damage":24.0,"enemies":"Hexaghost","floor":16.0,"turns":11.0},{"damage":23.0,"enemies":"Shell Parasite","floor":18.0,"turns":8.0},{"damage":6.0,"enemies":"Chosen","floor":20.0,"turns":2.0},{"damage":23.0,"enemies":"Snake Plant","floor":22.0,"turns":4.0},{"damage":8.0,"enemies":"Slavers","floor":27.0,"turns":2.0},{"damage":0.0,"enemies":"3 Cultists","floor":30.0,"turns":2.0},{"damage":12.0,"enemies":"Automaton","floor":33.0,"turns":6.0},{"damage":0.0,"enemies":"3 Darklings","floor":35.0,"turns":1.0},{"damage":3,"enemies":"Orb Walker","floor":41,"turns":2},{"damage":0,"enemies":"2 Orb Walkers","floor":42,"turns":1},{"damage":0,"enemies":"Reptomancer","floor":44,"turns":1},{"damage":23,"enemies":"Sphere and 2 Shapes","floor":45,"turns":3},{"damage":28,"enemies":"3 Darklings","floor":46,"turns":3},{"damage":8,"enemies":"4 Shapes","floor":47,"turns":4},{"damage":18,"enemies":"Nemesis","floor":48,"turns":5},{"damage":58,"enemies":"Time Eater","floor":50,"turns":4}],"seed_played":"7756400717556331112","potions_obtained":[{"floor":7.0,"key":"Weak Potion"},{"floor":12.0,"key":"SteroidPotion"},{"floor":13.0,"key":"SteroidPotion"},{"floor":17.0,"key":"SneckoOil"},{"floor":18.0,"key":"PowerPotion"},{"floor":27.0,"key":"Explosive Potion"},{"floor":33.0,"key":"SpeedPotion"},{"floor":41,"key":"SpeedPotion"},{"floor":45,"key":"Explosive Potion"},{"floor":48,"key":"SteroidPotion"}],"is_trial":false,"path_per_floor":["M","?","?","?","M","R","M","R","T","M","?","M","M","E","R","B",null,"M","?","M","?","M","R","T","R","T","E","$","?","M","?","R","B",null,"M","?","$","?","?","R","M","E","T","M","M","M","M","E","R"],"character_chosen":"IRONCLAD","items_purchased":["Gremlin Horn","Incense Burner"],"campfire_rested":2,"item_purchase_floors":[28,37],"current_hp_per_floor":[73,57,77,77,80,80,80,80,80,77,77,80,80,80,80,62,81,64,48,48,48,31,56,56,56,56,54,54,54,60,60,60,54,77,83,83,83,83,83,83,85,85,85,85,68,46,44,32,57,0],"gold":200,"neow_bonus":"RANDOM_COMMON_RELIC","is_prod":false,"is_daily":false,"chose_seed":false,"campfire_upgraded":6,"win_rate":0,"timestamp":1539460733,"path_taken":["M","?","?","?","?","R","?","R","T","?","?","M","M","E","R","BOSS","M","?","M","?","?","R","?","R","T","E","$","?","?","?","R","BOSS","M","?","$","?","?","R","M","E","T","M","M","M","M","E","R","BOSS"],"build_version":"2018-10-11","purchased_purges":0,"victory":false,"max_hp_per_floor":[80,80,80,80,80,80,80,80,80,80,80,80,80,80,80,80,85,85,85,85,85,85,85,85,85,85,85,85,85,85,85,85,85,85,85,85,85,85,85,85,85,85,85,85,85,85,85,85,85,85],"card_choices":[{"not_picked":["Wild Strike","Carnage"],"picked":"Inflame","floor":1.0},{"not_picked":["Entrench","Clash"],"picked":"Intimidate","floor":5.0},{"not_picked":["Wild Strike","Metallicize"],"picked":"Armaments","floor":7.0},{"not_picked":["Pommel Strike","Rage"],"picked":"Flame Barrier","floor":10.0},{"not_picked":["Anger","Clothesline"],"picked":"Fire Breathing","floor":12.0},{"not_picked":["Feed","Body Slam"],"picked":"Whirlwind","floor":13.0},{"not_picked":["Anger","Pummel"],"picked":"Battle Trance","floor":14.0},{"not_picked":["Fiend Fire","Feed"],"picked":"Juggernaut","floor":16.0},{"not_picked":["Wild Strike","Clothesline"],"picked":"Thunderclap","floor":17.0},{"not_picked":["Body Slam","Iron Wave"],"picked":"Heavy Blade","floor":18.0},{"not_picked":["Flex+1","Ghostly Armor"],"picked":"Inflame","floor":20.0},{"not_picked":["Clash+1","Sentinel"],"picked":"Seeing Red+1","floor":22.0},{"not_picked":["Corruption","Intimidate","Anger"],"picked":"SKIP","floor":27.0},{"not_picked":["Fiend Fire","Clothesline"],"picked":"Shrug It Off","floor":30.0},{"not_picked":["Barricade","Juggernaut"],"picked":"Double Tap","floor":33.0},{"not_picked":["Perfected Strike","Headbutt"],"picked":"Infernal Blade+1","floor":35.0},{"not_picked":["Madness","Forethought"],"picked":"Impatience","floor":38},{"not_picked":["Pommel Strike","Dual Wield","Thunderclap+1"],"picked":"SKIP","floor":41},{"not_picked":["Battle Trance","Clash","Flex"],"picked":"SKIP","floor":42},{"not_picked":["True Grit","Twin Strike","Thunderclap+1"],"picked":"SKIP","floor":44},{"not_picked":["Entrench+1","Intimidate+1"],"picked":"Dropkick+1","floor":45},{"not_picked":["Warcry","Clash+1"],"picked":"Limit Break","floor":46},{"not_picked":["Bloodletting+1","Anger+1","Reckless Charge+1"],"picked":"SKIP","floor":47},{"not_picked":["Headbutt+1","Body Slam","Perfected Strike"],"picked":"SKIP","floor":48}],"player_experience":1084202,"relics_obtained":[{"floor":9.0,"key":"Orichalcum"},{"floor":14.0,"key":"Letter Opener"},{"floor":19.0,"key":"Necronomicon"},{"floor":24.0,"key":"Mercury Hourglass"},{"floor":26.0,"key":"Dodecahedron"},{"floor":27.0,"key":"Bag of Marbles"},{"floor":42,"key":"War Paint"},{"floor":43,"key":"Darkstone Periapt"},{"floor":48,"key":"Vajra"}],"event_choices":[{"event_name":"Shining Light","player_choice":"Entered Light","floor":2.0,"damage_taken":0.0},{"event_name":"The Cleric","player_choice":"Healed","floor":3.0,"damage_taken":0.0},{"event_name":"Living Wall","player_choice":"Grow","floor":4.0,"damage_taken":0.0},{"event_name":"World of Goop","player_choice":"Left","floor":11.0,"damage_taken":0.0},{"event_name":"Cursed Tome","player_choice":"Obtained Book","floor":19.0,"damage_taken":0.0},{"event_name":"Duplicator","player_choice":"One dupe","floor":21.0,"damage_taken":0.0},{"event_name":"Nest","player_choice":"Stole From Cult","floor":29.0,"damage_taken":0.0},{"event_name":"Addict","player_choice":"Obtained Relic","floor":31.0,"damage_taken":0.0},{"event_name":"Tomb of Lord Red Mask","player_choice":"Ignored","floor":36.0,"damage_taken":0.0},{"event_name":"SensoryStone","player_choice":"Memory 1","floor":38,"damage_taken":0},{"event_name":"Falling","player_choice":"Removed Power","floor":39,"damage_taken":0}],"is_beta":false,"boss_relics":[{"not_picked":["Runic Cube","Snecko Eye"],"picked":"Tiny House"},{"not_picked":["Empty Cage","White Beast Statue"],"picked":"Velvet Choker"}],"items_purged_floors":[],"is_endless":false,"potions_floor_spawned":[7,12,13,18,27,33,41,45,46,47,48],"killed_by":"Time Eater","ascension_level":10}