{"gold_per_floor":[113,38,38,48,68,68,103,116,143,155,155,155,155,199,199,325,325,344,7,22,22,46,46,46],"floor_reached":24,"playtime":2785,"items_purged":["Defend_B","Strike_B"],"score":258,"play_id":"6737e4e8-4d42-4d8a-99bc-6f15c1e713f4","local_time":"20181229145359","is_ascension_mode":true,"campfire_choices":[{"data":"Zap","floor":6.0,"key":"SMITH"},{"data":"White Noise","floor":11.0,"key":"SMITH"},{"floor":15.0,"key":"REST"},{"floor":23,"key":"REST"}],"neow_cost":"NONE","seed_source_timestamp":325894660138379,"circlet_count":0,"master_deck":["Strike_B","Defend_B","Defend_B","Defend_B","Zap+1","Dualcast","Undo","White Noise+1","Redo","Redo","Self Repair","Self Repair","Force Field","Machine Learning","Darkness+1","All For One","Loop","Darkness"],"special_seed":0,"relics":["Cracked Core","NeowsBlessing","Blood Vial","Ancient Tea Set","Anchor","Golden Idol","Oddly Smooth Stone","Inserter"],"potions_floor_usage":[],"damage_taken":[{"damage":0.0,"enemies":"Small Slimes","floor":1.0,"turns":1.0},{"damage":0.0,"enemies":"Cultist","floor":4.0,"turns":1.0},{"damage":0.0,"enemies":"Jaw Worm","floor":5.0,"turns":1.0},{"damage":30.0,"enemies":"3 Sentries","floor":7.0,"turns":7.0},{"damage":8.0,"enemies":"Large Slime","floor":8.0,"turns":6.0},{"damage":14.0,"enemies":"Lots of Slimes","floor":10.0,"turns":4.0},{"damage":16.0,"enemies":"Lagavulin","floor":14.0,"turns":8.0},{"damage":41.0,"enemies":"Hexaghost","floor":16.0,"turns":11.0},{"damage":37.0,"enemies":"Chosen","floor":18.0,"turns":7.0},{"damage":39,"enemies":"3 Byrds","floor":20,"turns":5},{"damage":10,"enemies":"Centurion and Healer","floor":22,"turns":6},{"damage":40,"enemies":"Slavers","floor":24,"turns":3}],"seed_played":"-707524477881445330","potions_obtained":[{"floor":1.0,"key":"Strength Potion"},{"floor":5.0,"key":"FocusPotion"},{"floor":7.0,"key":"Swift Potion"},{"floor":20,"key":"Strength Potion"}],"is_trial":false,"path_per_floor":["M","$","?","M","M","R","E","M","T","M","R","?","?","E","R","B",null,"M","$","M","?","M","R","E"],"character_chosen":"DEFECT","items_purchased":["All For One","Loop"],"campfire_rested":2,"item_purchase_floors":[19,19],"current_hp_per_floor":[75,75,75,75,75,75,45,39,39,41,41,41,41,41,61,36,61,40,40,10,10,16,36,0],"gold":46,"neow_bonus":"THREE_ENEMY_KILL","is_prod":false,"is_daily":false,"chose_seed":false,"campfire_upgraded":2,"win_rate":0,"timestamp":1546062839,"path_taken":["M","$","?","?","M","R","E","M","T","M","R","?","?","E","R","BOSS","M","?","M","?","M","R","E"],"build_version":"2018-12-20","purchased_purges":2,"victory":false,"max_hp_per_floor":[75,75,75,75,75,75,75,75,75,75,75,69,69,69,69,69,69,69,69,69,69,69,69,69],"card_choices":[{"not_picked":["Beam Cell","Turbo"],"picked":"Undo","floor":1.0},{"not_picked":["Rip and Tear","Chaos"],"picked":"White Noise","floor":4.0},{"not_picked":["Undo","Sweeping Beam"],"picked":"Redo","floor":5.0},{"not_picked":["Rebound","Turbo"],"picked":"Redo","floor":7.0},{"not_picked":["Turbo","White Noise"],"picked":"Self Repair","floor":8.0},{"not_picked":["White Noise","Static Discharge"],"picked":"Self Repair","floor":10.0},{"not_picked":["Ball Lightning","Reboot"],"picked":"Force Field","floor":14.0},{"not_picked":["Seek","Thunder Strike"],"picked":"Machine Learning","floor":16.0},{"not_picked":["Rebound","BootSequence"],"picked":"Darkness+1","floor":18.0},{"not_picked":["Go for the Eyes","Turbo"],"picked":"Darkness","floor":20},{"not_picked":["Gash","Barrage","Hologram"],"picked":"SKIP","floor":22}],"player_experience":252775,"relics_obtained":[{"floor":7.0,"key":"Ancient Tea Set"},{"floor":9.0,"key":"Anchor"},{"floor":14.0,"key":"Oddly Smooth Stone"}],"event_choices":[{"damage_healed":0.0,"max_hp_gain":0.0,"max_hp_loss":0.0,"gold_gain":0.0,"event_name":"WeMeetAgain","player_choice":"Gave Potion","floor":3.0,"gold_loss":0.0,"damage_taken":0.0,"relics_obtained":["Blood Vial"]},{"damage_healed":0.0,"max_hp_gain":0.0,"max_hp_loss":6.0,"gold_gain":0.0,"event_name":"Golden Idol","player_choice":"Lose Max HP","floor":12.0,"gold_loss":0.0,"damage_taken":0.0,"relics_obtained":["Golden Idol"]},{"cards_removed":["Strike_B"],"damage_healed":0.0,"max_hp_gain":0.0,"max_hp_loss":0.0,"gold_gain":0.0,"event_name":"Bonfire Elementals","player_choice":"Offered Basic","floor":13.0,"gold_loss":0.0,"damage_taken":0.0},{"cards_removed":["Strike_B"],"damage_healed":0,"gold_gain":0,"player_choice":"Purged","damage_taken":0,"max_hp_gain":0,"max_hp_loss":0,"event_name":"Purifier","floor":21,"gold_loss":0}],"is_beta":false,"boss_relics":[{"not_picked":["Calling Bell","Astrolabe"],"picked":"Inserter"}],"items_purged_floors":[2,19],"is_endless":false,"potions_floor_spawned":[1,5,7,20],"killed_by":"Slavers","ascension_level":5}