{"gold_per_floor":[111,121,132,152,152,152,191,266,289,289],"floor_reached":10,"playtime":253,"items_purged":[],"score":136,"play_id":"efa8083e-91e9-4470-92b9-687455f4fbcc","local_time":"20181205150458","is_ascension_mode":true,"campfire_choices":[{"data":"Hyperbeam","floor":6.0,"key":"SMITH"}],"neow_cost":"NONE","seed_source_timestamp":186345465916070,"circlet_count":0,"master_deck":["AscendersBane","Strike_B","Strike_B","Strike_B","Strike_B","Defend_B","Defend_B","Defend_B","Defend_B","Zap","Dualcast","Hyperbeam+1","Cold Snap","Reprogram","Ball Lightning","Fusion","Hologram"],"special_seed":0,"relics":["Cracked Core","Golden Idol","Omamori","Oddly Smooth Stone"],"potions_floor_usage":[10],"damage_taken":[{"damage":4.0,"enemies":"2 Louse","floor":1.0,"turns":2.0},{"damage":0.0,"enemies":"Cultist","floor":2.0,"turns":3.0},{"damage":5.0,"enemies":"Jaw Worm","floor":3.0,"turns":3.0},{"damage":7.0,"enemies":"Lots of Slimes","floor":4.0,"turns":2.0},{"damage":5.0,"enemies":"3 Sentries","floor":7.0,"turns":2.0},{"damage":43,"enemies":"Lagavulin","floor":10,"turns":5}],"seed_played":"-1870156160642439416","potions_obtained":[{"floor":2.0,"key":"Fruit Juice"},{"floor":3.0,"key":"PowerPotion"}],"is_trial":false,"path_per_floor":["M","M","M","M","?","R","E","?","T","E"],"character_chosen":"DEFECT","items_purchased":[],"campfire_rested":0,"item_purchase_floors":[],"current_hp_per_floor":[60,65,60,53,53,53,48,37,37,0],"gold":289,"neow_bonus":"ONE_RANDOM_RARE_CARD","is_prod":false,"is_daily":false,"chose_seed":false,"campfire_upgraded":1,"win_rate":0,"timestamp":1544040298,"path_taken":["M","M","M","M","?","R","E","?","T","E"],"build_version":"2018-12-05","purchased_purges":0,"victory":false,"max_hp_per_floor":[71,76,76,76,69,69,69,69,69,69],"card_choices":[{"not_picked":["Hologram","Streamline"],"picked":"Cold Snap","floor":1.0},{"not_picked":["Sweeping Beam","Go for the Eyes"],"picked":"Reprogram","floor":2.0},{"not_picked":["Steam","Leap"],"picked":"Ball Lightning","floor":3.0},{"not_picked":["Amplify","Conserve Battery"],"picked":"Fusion","floor":4.0},{"not_picked":["Coolheaded","White Noise"],"picked":"Hologram","floor":7.0}],"player_experience":1180340,"relics_obtained":[{"floor":7.0,"key":"Omamori"},{"floor":9.0,"key":"Oddly Smooth Stone"}],"event_choices":[{"damage_healed":0.0,"max_hp_gain":0.0,"max_hp_loss":7.0,"gold_gain":0.0,"event_name":"Golden Idol","player_choice":"Lose Max HP","floor":5.0,"gold_loss":0.0,"damage_taken":0.0,"relics_obtained":["Golden Idol"]},{"damage_healed":0.0,"max_hp_gain":0.0,"max_hp_loss":0.0,"gold_gain":75.0,"event_name":"World of Goop","player_choice":"Gather Gold","floor":8.0,"gold_loss":0.0,"damage_taken":11.0}],"is_beta":true,"boss_relics":[],"items_purged_floors":[],"is_endless":false,"potions_floor_spawned":[2,3],"killed_by":"Lagavulin","ascension_level":20}