{"path_per_floor":["M","?","M","$","M","R","T","M","T","R","M","R","E","M","R"],"character_chosen":"IRONCLAD","items_purchased":["Shrug It Off","Explosive Potion","AttackPotion"],"gold_per_floor":[112,176,187,61,73,73,73,83,156,156,175,175,200,218,218,218],"floor_reached":16,"campfire_rested":0,"playtime":475,"item_purchase_floors":[],"current_hp_per_floor":[74,74,80,80,80,80,80,78,78,78,64,64,50,56,56,6],"items_purged":[],"gold":218,"score":128,"play_id":"d76fb944-96c7-4743-a74b-710e578fab62","local_time":"20180525094146","is_prod":false,"is_daily":false,"chose_seed":false,"is_ascension_mode":true,"campfire_upgraded":4,"win_rate":0,"timestamp":1527234106,"campfire_choices":[{"data":"Bash","floor":6.0,"key":"SMITH"},{"data":"Entrench","floor":10.0,"key":"SMITH"},{"data":"Rage","floor":12.0,"key":"SMITH"},{"data":"Shrug It Off","floor":15.0,"key":"SMITH"}],"path_taken":["M","?","?","$","M","R","?","M","T","R","?","R","E","M","R","BOSS"],"build_version":"2018-05-24","seed_source_timestamp":0,"purchased_purges":0,"victory":false,"master_deck":["Strike_R","Strike_R","Strike_R","Strike_R","Strike_R","Defend_R","Defend_R","Defend_R","Defend_R","Bash+1","Wild Strike","Rage+1","Shrug It Off+1","Wild Strike","Entrench+1","Blood for Blood","Thunderclap","Flex"],"max_hp_per_floor":[80,80,80,80,80,80,80,80,80,80,80,80,80,80,80,80],"relics":["Burning Blood","Gremlin Horn","Toolbox","Oddly Smooth Stone"],"card_choices":[{"not_picked":["Sword Boomerang","True Grit"],"picked":"Wild Strike","floor":1.0},{"not_picked":["Warcry","Second Wind"],"picked":"Rage","floor":3.0},{"not_picked":["Anger","Seeing Red"],"picked":"Wild Strike","floor":5.0},{"not_picked":["Havoc","Pommel Strike"],"picked":"Entrench","floor":8.0},{"not_picked":["Pummel","True Grit"],"picked":"Blood for Blood","floor":11.0},{"not_picked":["Body Slam","Headbutt"],"picked":"Thunderclap","floor":13.0},{"not_picked":["Dual Wield","Shockwave"],"picked":"Flex","floor":14.0}],"player_experience":509279,"potions_floor_usage":[],"damage_taken":[{"damage":12.0,"enemies":"Small Slimes","floor":1.0,"turns":4.0},{"damage":0.0,"enemies":"2 Louse","floor":3.0,"turns":3.0},{"damage":0.0,"enemies":"Cultist","floor":5.0,"turns":4.0},{"damage":8.0,"enemies":"Gremlin Gang","floor":8.0,"turns":4.0},{"damage":20.0,"enemies":"Exordium Thugs","floor":11.0,"turns":4.0},{"damage":20.0,"enemies":"Lagavulin","floor":13.0,"turns":4.0},{"damage":0.0,"enemies":"3 Louse","floor":14.0,"turns":3.0},{"damage":50,"enemies":"The Guardian","floor":16,"turns":14}],"relics_obtained":[{"floor":7.0,"key":"Gremlin Horn"},{"floor":9.0,"key":"Toolbox"},{"floor":13.0,"key":"Oddly Smooth Stone"}],"event_choices":[{"event_name":"Golden Wing","player_choice":"Gained Gold","floor":2.0,"damage_taken":0.0}],"boss_relics":[],"items_purged_floors":[],"potions_floor_spawned":[3,5,8],"seed_played":"4202762224066482910","killed_by":"The Guardian","ascension_level":5,"potions_obtained":[{"floor":3.0,"key":"SneckoOil"}],"is_trial":false}