{"gold_per_floor":[119,131,46,46,46,79,79,104,175,195,215,215,255,255,255,346,346,346],"floor_reached":18,"playtime":410,"items_purged":[],"score":390,"play_id":"79bbfa9f-d52e-43cd-bdc0-d486672702f3","local_time":"20181027161335","is_ascension_mode":true,"campfire_choices":[{"data":"Zap","floor":7.0,"key":"SMITH"},{"data":"Barrage","floor":12.0,"key":"SMITH"},{"data":"Loop","floor":15.0,"key":"SMITH"}],"neow_cost":"NONE","seed_source_timestamp":610287146084756,"circlet_count":0,"master_deck":["Strike_B","Strike_B","Strike_B","Strike_B","Defend_B","Defend_B","Defend_B","Defend_B","Zap+1","Dualcast","AscendersBane","Ball Lightning","Barrage+1","Ball Lightning","Cold Snap","Loop+1","Reinforced Body","Creative AI","Conserve Battery","Thunder Strike"],"special_seed":0,"relics":["Cracked Core","NeowsBlessing","Golden Idol","Orichalcum","Letter Opener","Incense Burner","Mercury Hourglass","Philosopher\u0027s Stone"],"potions_floor_usage":[18],"damage_taken":[{"damage":0.0,"enemies":"Small Slimes","floor":1.0,"turns":1.0},{"damage":0.0,"enemies":"Jaw Worm","floor":2.0,"turns":1.0},{"damage":0.0,"enemies":"3 Sentries","floor":6.0,"turns":1.0},{"damage":1.0,"enemies":"2 Louse","floor":8.0,"turns":2.0},{"damage":0.0,"enemies":"Gremlin Gang","floor":10.0,"turns":3.0},{"damage":1.0,"enemies":"Exordium Thugs","floor":11.0,"turns":3.0},{"damage":5.0,"enemies":"Gremlin Nob","floor":13.0,"turns":4.0},{"damage":10.0,"enemies":"Slime Boss","floor":16.0,"turns":7.0},{"damage":66,"enemies":"3 Byrds","floor":18,"turns":2}],"seed_played":"9072819203647258207","potions_obtained":[{"floor":6.0,"key":"Energy Potion"},{"floor":8.0,"key":"Fire Potion"},{"floor":11.0,"key":"SteroidPotion"}],"is_trial":false,"path_per_floor":["M","M","$","?","?","E","R","M","T","M","M","R","E","?","R","B",null],"character_chosen":"DEFECT","items_purchased":["Ball Lightning","Cold Snap"],"campfire_rested":0,"item_purchase_floors":[3,3],"current_hp_per_floor":[64,64,64,64,40,40,40,39,39,39,38,38,33,33,33,23,59,0],"gold":346,"neow_bonus":"THREE_ENEMY_KILL","is_prod":false,"is_daily":false,"chose_seed":false,"campfire_upgraded":3,"win_rate":0,"timestamp":1540671215,"path_taken":["M","M","$","?","?","E","R","?","T","M","M","R","E","?","R","BOSS","M"],"build_version":"2018-10-25v2","purchased_purges":0,"victory":false,"max_hp_per_floor":[71,71,71,71,71,71,71,71,71,71,71,71,71,71,71,71,71,71],"card_choices":[{"not_picked":["Reprogram","Leap"],"picked":"Ball Lightning","floor":1.0},{"not_picked":["Fusion","Steam Power"],"picked":"Barrage","floor":2.0},{"not_picked":["Sweeping Beam","Steam Power"],"picked":"Coolheaded","floor":6.0},{"not_picked":["Turbo","Hologram"],"picked":"Loop","floor":8.0},{"not_picked":["Go for the Eyes","Sweeping Beam"],"picked":"Reinforced Body","floor":10.0},{"not_picked":["Redo","Loop"],"picked":"Creative AI","floor":11.0},{"not_picked":["Barrage","Tempest"],"picked":"Conserve Battery","floor":13.0},{"not_picked":["Core Surge","Creative AI"],"picked":"Thunder Strike","floor":16.0}],"player_experience":1088202,"relics_obtained":[{"floor":6.0,"key":"Orichalcum"},{"floor":9.0,"key":"Letter Opener"},{"floor":13.0,"key":"Incense Burner"}],"event_choices":[{"damage_healed":0.0,"max_hp_gain":0.0,"max_hp_loss":0.0,"gold_gain":0.0,"event_name":"The Cleric","player_choice":"Leave","floor":4.0,"gold_loss":0.0,"damage_taken":0.0},{"damage_healed":0.0,"max_hp_gain":0.0,"max_hp_loss":0.0,"gold_gain":0.0,"event_name":"Golden Idol","player_choice":"Take Damage","floor":5.0,"gold_loss":0.0,"damage_taken":24.0,"relics_obtained":["Golden Idol"]},{"cards_removed":["Coolheaded"],"damage_healed":0.0,"max_hp_gain":0.0,"max_hp_loss":0.0,"gold_gain":0.0,"event_name":"WeMeetAgain","player_choice":"Gave Card","floor":14.0,"gold_loss":0.0,"damage_taken":0.0,"relics_obtained":["Mercury Hourglass"]}],"is_beta":false,"boss_relics":[{"not_picked":["Eternal Feather","Runic Pyramid"],"picked":"Philosopher\u0027s Stone"}],"items_purged_floors":[],"is_endless":false,"potions_floor_spawned":[6,8,11,16],"killed_by":"3 Byrds","ascension_level":20}