{"path_per_floor":["M","?","M","M","?","R","E","M","T","E","M","R","M","$","R","B",null,"M","M","M"],"character_chosen":"IRONCLAD","items_purchased":["Bottled Flame"],"gold_per_floor":[116,116,134,146,146,146,174,187,187,217,232,232,247,7,7,110,410,391,406,417,417],"floor_reached":21,"campfire_rested":0,"playtime":1458,"current_hp_per_floor":[80,73,79,80,80,80,60,58,58,50,61,61,67,67,67,58,80,64,45,38,0],"items_purged":[],"gold":417,"score":193,"play_id":"784bf10c-47be-45f9-aae0-947438c6c893","local_time":"20180402185501","is_prod":false,"is_daily":false,"is_ascension_mode":false,"campfire_upgraded":3,"timestamp":1522688101,"path_taken":["M","?","M","M","?","R","E","?","T","E","M","R","M","$","R","BOSS","M","?","M","M"],"build_version":"2018-03-29v2","purchased_purges":0,"victory":false,"master_deck":["Strike_R","Strike_R","Strike_R","Strike_R","Strike_R","Defend_R","Defend_R","Defend_R","Bash+1","Metallicize+1","Hemokinesis+1","Ghostly Armor+1","Dropkick","Thunderclap","Ghostly Armor+1","Warcry","Clumsy","Doubt","Decay","Ghostly Armor"],"max_hp_per_floor":[80,80,80,80,80,80,80,80,80,80,80,80,80,80,80,80,80,80,80,80,80],"relics":["Burning Blood","Question Card","Champion Belt","Happy Flower","Bottled Flame","Calling Bell","Self Forming Clay","Old Coin","Bronze Scales"],"card_choices":[{"not_picked":["Clothesline","Perfected Strike"],"picked":"Metallicize","floor":1.0},{"not_picked":["Battle Trance","Headbutt"],"picked":"Hemokinesis","floor":3.0},{"not_picked":["Rupture","Spot Weakness"],"picked":"Ghostly Armor","floor":4.0},{"not_picked":["Cleave","Body Slam","Shrug It Off"],"picked":"Dropkick","floor":8.0},{"not_picked":["Iron Wave","Sentinel","Wild Strike"],"picked":"Thunderclap","floor":10.0},{"not_picked":["Thunderclap","Wild Strike","Shockwave"],"picked":"Ghostly Armor","floor":11.0},{"not_picked":["Sword Boomerang","Shockwave","Sentinel"],"picked":"Warcry","floor":13.0},{"not_picked":["True Grit","Heavy Blade","Clothesline"],"picked":"Ghostly Armor","floor":20}],"player_experience":139013,"potions_floor_usage":[18],"damage_taken":[{"damage":0.0,"enemies":"Small Slimes","floor":1.0,"turns":3.0},{"damage":0.0,"enemies":"2 Louse","floor":3.0,"turns":2.0},{"damage":3.0,"enemies":"Cultist","floor":4.0,"turns":2.0},{"damage":26.0,"enemies":"Lagavulin","floor":7.0,"turns":7.0},{"damage":8.0,"enemies":"Lots of Slimes","floor":8.0,"turns":5.0},{"damage":14.0,"enemies":"Gremlin Nob","floor":10.0,"turns":3.0},{"damage":4.0,"enemies":"Blue Slaver","floor":11.0,"turns":4.0},{"damage":0.0,"enemies":"2 Fungi Beasts","floor":13.0,"turns":4.0},{"damage":15.0,"enemies":"The Guardian","floor":16.0,"turns":11.0},{"damage":22,"enemies":"2 Thieves","floor":18,"turns":4},{"damage":25,"enemies":"Chosen","floor":19,"turns":5},{"damage":13,"enemies":"Centurion and Healer","floor":20,"turns":8},{"damage":40,"enemies":"Snecko","floor":21,"turns":8}],"event_choices":[{"event_name":"Golden Wing","player_choice":"Card Removal","floor":2.0,"damage_taken":0.0},{"event_name":"Living Wall","player_choice":"Grow","floor":5.0,"damage_taken":0.0}],"boss_relics":[{"not_picked":["Runic Dome","Pandora\u0027s Box"],"picked":"Calling Bell"}],"potions_floor_spawned":[7,10,13,16,18],"seed_played":"-159382424960986432","killed_by":"Snecko","ascension_level":0,"is_trial":false}