{"gold_per_floor":[109,109,129,129,149,149,12,12,312,312,347,347,272,272,272,370,370,388,300,313,326,30,69,69,108,108,108,108,108,132,151,151,244,244,269,282,282,282,0,0,31,0,0,35,56,70,108,177,177,177,177],"floor_reached":52,"playtime":2954,"items_purged":["Pain"],"score":2048,"play_id":"da3394cc-241b-4745-80e9-2697347c03b4","local_time":"20181027153919","is_ascension_mode":true,"campfire_choices":[{"data":"Rampage","floor":6.0,"key":"SMITH"},{"data":"True Grit","floor":12.0,"key":"SMITH"},{"data":"Iron Wave","floor":15.0,"key":"SMITH"},{"data":"1","floor":27.0,"key":"LIFT"},{"floor":29.0,"key":"REST"},{"data":"2","floor":32.0,"key":"LIFT"},{"data":"3","floor":40.0,"key":"LIFT"},{"floor":49.0,"key":"DIG"}],"neow_cost":"NONE","seed_source_timestamp":605139182277961,"circlet_count":0,"master_deck":["Strike_R","Strike_R","Strike_R","Strike_R","Strike_R","Defend_R","Defend_R","Defend_R","Defend_R","Bash+1","AscendersBane","Havoc","Battle Trance","Rampage+1","Limit Break","Iron Wave+1","True Grit+1","Reaper","Shrug It Off","Pummel","Whirlwind","Feed","Heavy Blade","Power Through","True Grit+1","Reaper","Thunderclap","Sword Boomerang","Armaments+1","Sword Boomerang","True Grit+1","Heavy Blade+1"],"special_seed":0,"relics":["Burning Blood","NeowsBlessing","WarpedTongs","Old Coin","Golden Idol","Dream Catcher","Fusion Hammer","Brimstone","Regal Pillow","Girya","Pocketwatch","Nilry\u0027s Codex","Coffee Dripper","Paper Frog","Toxic Egg 2","Red Mask","StoneCalendar","Shovel","Ice Cream","Calipers","Dead Branch"],"potions_floor_usage":[51],"damage_taken":[{"damage":0.0,"enemies":"Jaw Worm","floor":1.0,"turns":1.0},{"damage":0.0,"enemies":"Small Slimes","floor":3.0,"turns":1.0},{"damage":0.0,"enemies":"Cultist","floor":5.0,"turns":1.0},{"damage":28.0,"enemies":"Gremlin Nob","floor":11.0,"turns":4.0},{"damage":16.0,"enemies":"The Guardian","floor":16.0,"turns":11.0},{"damage":29.0,"enemies":"2 Thieves","floor":18.0,"turns":5.0},{"damage":40.0,"enemies":"3 Byrds","floor":20.0,"turns":7.0},{"damage":8.0,"enemies":"Snake Plant","floor":21.0,"turns":5.0},{"damage":31.0,"enemies":"Gremlin Leader","floor":23.0,"turns":5.0},{"damage":51.0,"enemies":"Book of Stabbing","floor":25.0,"turns":4.0},{"damage":7.0,"enemies":"Snecko","floor":30.0,"turns":3.0},{"damage":3.0,"enemies":"Chosen and Byrds","floor":31.0,"turns":3.0},{"damage":0.0,"enemies":"Champ","floor":33.0,"turns":8.0},{"damage":36.0,"enemies":"3 Shapes","floor":35.0,"turns":4.0},{"damage":17.0,"enemies":"3 Darklings","floor":36.0,"turns":3.0},{"damage":31.0,"enemies":"Reptomancer","floor":41.0,"turns":4.0},{"damage":10.0,"enemies":"Giant Head","floor":44.0,"turns":4.0},{"damage":31.0,"enemies":"Sphere and 2 Shapes","floor":45.0,"turns":3.0},{"damage":12.0,"enemies":"4 Shapes","floor":46.0,"turns":3.0},{"damage":40.0,"enemies":"Reptomancer","floor":47.0,"turns":4.0},{"damage":18.0,"enemies":"2 Orb Walkers","floor":48.0,"turns":2.0},{"damage":26,"enemies":"Donu and Deca","floor":50,"turns":5},{"damage":51,"enemies":"Awakened One","floor":51,"turns":6}],"seed_played":"5155187460876773708","potions_obtained":[{"floor":1.0,"key":"Block Potion"},{"floor":11.0,"key":"AttackPotion"},{"floor":18.0,"key":"EssenceOfSteel"},{"floor":25.0,"key":"Energy Potion"},{"floor":31.0,"key":"Energy Potion"},{"floor":45.0,"key":"Strength Potion"},{"floor":46.0,"key":"LiquidBronze"}],"is_trial":false,"path_per_floor":["M","?","M","?","M","R","$","?","T","?","E","R","$","?","R","B",null,"M","$","M","M","$","E","?","E","T","R","?","R","M","M","R","B",null,"M","M","?","$","$","R","E","?","T","E","M","M","E","?","R","B","B"],"character_chosen":"IRONCLAD","items_purchased":["Limit Break","Iron Wave","Inflame","Brimstone","Feed","Paper Frog"],"campfire_rested":1,"item_purchase_floors":[7,7,19,22,22,39],"current_hp_per_floor":[74,74,75,75,75,75,75,75,75,49,27,27,27,32,32,22,66,53,53,31,38,38,65,65,23,23,23,2,41,40,64,64,90,90,79,86,86,86,86,86,96,96,96,99,97,103,103,94,94,75,106],"gold":177,"neow_bonus":"THREE_ENEMY_KILL","is_prod":false,"is_daily":false,"chose_seed":false,"campfire_upgraded":3,"win_rate":0,"timestamp":1540669159,"path_taken":["M","?","M","?","?","R","$","?","T","?","E","R","$","?","R","BOSS","M","$","?","M","$","E","?","E","T","R","?","R","?","?","R","BOSS","M","?","?","?","$","R","E","?","T","E","M","M","E","?","R","BOSS","BOSS"],"build_version":"2018-10-25v2","purchased_purges":1,"victory":true,"max_hp_per_floor":[75,75,75,75,75,75,75,75,75,75,75,75,75,80,80,80,80,80,80,80,80,80,80,80,83,83,83,83,83,83,86,86,90,90,93,93,93,93,93,93,96,96,96,99,103,103,103,106,106,106,106],"card_choices":[{"not_picked":["Fire Breathing","Armaments"],"picked":"Havoc","floor":1.0},{"not_picked":["Clothesline","Armaments"],"picked":"Battle Trance","floor":3.0},{"not_picked":["Heavy Blade","Havoc"],"picked":"Rampage","floor":5.0},{"not_picked":["Warcry","Dropkick"],"picked":"True Grit","floor":11.0},{"not_picked":["Barricade","Brutality"],"picked":"Reaper","floor":16.0},{"not_picked":["Rampage","Heavy Blade"],"picked":"Shrug It Off","floor":18.0},{"not_picked":["Entrench","Body Slam+1"],"picked":"Pummel","floor":20.0},{"not_picked":["Seeing Red","Armaments"],"picked":"Whirlwind","floor":21.0},{"not_picked":["Iron Wave","Inflame"],"picked":"Heavy Blade","floor":23.0},{"not_picked":["Cleave+1","Wild Strike","Fire Breathing"],"picked":"SKIP","floor":25.0},{"not_picked":["Wild Strike","Headbutt"],"picked":"True Grit+1","floor":29.0},{"not_picked":["Dropkick","Battle Trance","Armaments"],"picked":"SKIP","floor":30.0},{"not_picked":["Combust","True Grit","Perfected Strike"],"picked":"SKIP","floor":31.0},{"not_picked":["Bludgeon","Dark Embrace"],"picked":"Reaper","floor":33.0},{"not_picked":["Clash","Wild Strike","Power Through"],"picked":"SKIP","floor":35.0},{"not_picked":["Metallicize","Second Wind"],"picked":"Thunderclap","floor":36.0},{"not_picked":["Twin Strike","Armaments+1"],"picked":"Sword Boomerang","floor":41.0},{"not_picked":["Warcry+1","Bludgeon"],"picked":"Armaments+1","floor":44.0},{"not_picked":["Clash+1","Wild Strike+1"],"picked":"Sword Boomerang","floor":45.0},{"not_picked":["Iron Wave","Flex+1"],"picked":"True Grit+1","floor":46.0},{"not_picked":["Headbutt","Warcry+1","Inflame"],"picked":"SKIP","floor":47.0},{"not_picked":["Corruption+1","Clothesline"],"picked":"Heavy Blade+1","floor":48.0}],"player_experience":1085248,"relics_obtained":[{"floor":9.0,"key":"Old Coin"},{"floor":11.0,"key":"Dream Catcher"},{"floor":23.0,"key":"Regal Pillow"},{"floor":25.0,"key":"Girya"},{"floor":26.0,"key":"Pocketwatch"},{"floor":28.0,"key":"Nilry\u0027s Codex"},{"floor":41.0,"key":"Toxic Egg 2"},{"floor":43.0,"key":"StoneCalendar"},{"floor":44.0,"key":"Shovel"},{"floor":47.0,"key":"Ice Cream"},{"floor":48.0,"key":"Calipers"},{"floor":49.0,"key":"Dead Branch"}],"event_choices":[{"damage_healed":0.0,"max_hp_gain":0.0,"max_hp_loss":0.0,"gold_gain":0.0,"event_name":"The Cleric","player_choice":"Leave","floor":2.0,"gold_loss":0.0,"damage_taken":0.0},{"damage_healed":0.0,"max_hp_gain":0.0,"max_hp_loss":0.0,"gold_gain":0.0,"event_name":"Living Wall","player_choice":"Grow","floor":4.0,"gold_loss":0.0,"damage_taken":0.0,"cards_upgraded":["Bash"]},{"damage_healed":0.0,"max_hp_gain":0.0,"max_hp_loss":0.0,"gold_gain":0.0,"event_name":"Accursed Blacksmith","player_choice":"Rummage","floor":8.0,"gold_loss":0.0,"damage_taken":0.0,"relics_obtained":["WarpedTongs"],"cards_obtained":["Pain"]},{"damage_healed":0.0,"max_hp_gain":0.0,"max_hp_loss":0.0,"gold_gain":0.0,"event_name":"Golden Idol","player_choice":"Take Damage","floor":10.0,"gold_loss":0.0,"damage_taken":26.0,"relics_obtained":["Golden Idol"]},{"damage_healed":0.0,"max_hp_gain":5.0,"max_hp_loss":0.0,"gold_gain":0.0,"event_name":"Big Fish","player_choice":"Donut","floor":14.0,"gold_loss":0.0,"damage_taken":0.0},{"damage_healed":0.0,"max_hp_gain":0.0,"max_hp_loss":0.0,"gold_gain":0.0,"event_name":"The Library","player_choice":"Read","floor":24.0,"gold_loss":0.0,"damage_taken":0.0,"cards_obtained":["Power Through"]},{"damage_healed":0.0,"max_hp_gain":0.0,"max_hp_loss":0.0,"gold_gain":0.0,"event_name":"Cursed Tome","player_choice":"Obtained Book","floor":28.0,"gold_loss":0.0,"damage_taken":21.0},{"cards_removed":["Inflame"],"damage_healed":0.0,"max_hp_gain":0.0,"max_hp_loss":0.0,"gold_gain":0.0,"event_name":"Falling","player_choice":"Removed Power","floor":37.0,"gold_loss":0.0,"damage_taken":0.0},{"damage_healed":0.0,"max_hp_gain":0.0,"max_hp_loss":0.0,"gold_gain":0.0,"event_name":"Tomb of Lord Red Mask","player_choice":"Paid","floor":42.0,"gold_loss":31.0,"damage_taken":0.0,"relics_obtained":["Red Mask"]},{"damage_healed":0.0,"max_hp_gain":0.0,"max_hp_loss":0.0,"gold_gain":0.0,"event_name":"Mysterious Sphere","player_choice":"Fight","floor":48.0,"gold_loss":0.0,"damage_taken":0.0}],"is_beta":false,"boss_relics":[{"not_picked":["Velvet Choker","Empty Cage"],"picked":"Fusion Hammer"},{"not_picked":["Philosopher\u0027s Stone","Tiny House"],"picked":"Coffee Dripper"}],"items_purged_floors":[13],"is_endless":false,"potions_floor_spawned":[1,11,18,25,31,33,35,45,46],"ascension_level":20}