{"gold_per_floor":[117,65,84,84,104,104,36,36,36,55,55,71,71],"floor_reached":13,"playtime":1303,"items_purged":[],"score":83,"play_id":"c374f2de-3285-4f14-bbb1-966d98396f9c","local_time":"20190215003313","is_ascension_mode":true,"campfire_choices":[{"data":"Adrenaline","floor":6,"key":"SMITH"},{"data":"Footwork","floor":8,"key":"SMITH"},{"data":"Footwork","floor":11,"key":"SMITH"}],"neow_cost":"NONE","seed_source_timestamp":294600955824400,"circlet_count":0,"master_deck":["Defend_G","Defend_G","Defend_G","Defend_G","Defend_G","Strike_G","Strike_G","Strike_G","Survivor","Neutralize","Deflect","Backflip","Sucker Punch","Adrenaline+1","Acrobatics","Footwork+1","Footwork+1","Sucker Punch"],"relics":["Ring of the Snake","Anchor"],"potions_floor_usage":[],"damage_taken":[{"damage":0,"enemies":"Small Slimes","floor":1,"turns":4},{"damage":6,"enemies":"Cultist","floor":3,"turns":6},{"damage":0,"enemies":"Jaw Worm","floor":5,"turns":5},{"damage":0,"enemies":"Looter","floor":10,"turns":3},{"damage":0,"enemies":"Exordium Wildlife","floor":12,"turns":4},{"damage":6,"enemies":"Lagavulin","floor":13,"turns":21}],"seed_played":"-6803339504041601168","potions_obtained":[{"floor":1,"key":"Dexterity Potion"},{"floor":12,"key":"SkillPotion"}],"is_trial":false,"path_per_floor":["M","$","M","?","M","R","$","R","T","M","R","M","E"],"character_chosen":"THE_SILENT","items_purchased":["Backflip","Footwork"],"campfire_rested":0,"item_purchase_floors":[2,7],"current_hp_per_floor":[70,70,64,64,64,64,64,64,64,64,64,64,58],"gold":71,"neow_bonus":"REMOVE_CARD","is_prod":false,"is_daily":false,"chose_seed":false,"campfire_upgraded":3,"win_rate":0,"timestamp":1550208793,"path_taken":["M","$","M","?","M","R","$","R","T","?","R","M","E"],"build_version":"2019-01-23","purchased_purges":0,"victory":false,"max_hp_per_floor":[70,70,70,70,70,70,70,70,70,70,70,70,70],"card_choices":[{"not_picked":["Flying Knee","Deadly Poison"],"picked":"Deflect","floor":1},{"not_picked":["Eviscerate","Bane"],"picked":"Sucker Punch","floor":3},{"not_picked":["Deadly Poison","Blade Dance"],"picked":"Acrobatics","floor":5},{"not_picked":["Tactician","Quick Slash"],"picked":"Footwork","floor":10},{"not_picked":["Prepared","Masterful Stab"],"picked":"Sucker Punch","floor":12}],"player_experience":132579,"relics_obtained":[{"floor":9,"key":"Anchor"}],"event_choices":[{"damage_healed":0,"gold_gain":0,"cards_transformed":["Strike_G"],"player_choice":"Transformed","damage_taken":0,"max_hp_gain":0,"max_hp_loss":0,"event_name":"Transmorgrifier","floor":4,"gold_loss":0,"cards_obtained":["Adrenaline"]}],"is_beta":false,"boss_relics":[],"items_purged_floors":[],"is_endless":false,"potions_floor_spawned":[1,12],"killed_by":"Lagavulin","ascension_level":2}