{"path_per_floor":["M","T","$","M","M","R","E","R","T","R","E","?","M","$","R","B",null,"M","$","M","M","M","R","$","R","T","M","M","R","M","?","R","B",null],"character_chosen":"THE_SILENT","items_purchased":["Dodge and Roll","Dagger Spray","Noxious Fumes","Poison Potion","Well Laid Plans","Fire Potion","Dexterity Potion"],"gold_per_floor":[119,119,19,37,51,51,76,76,102,102,131,131,151,2,2,104,104,118,83,96,115,130,130,30,30,102,117,132,132,147,147,147,251,251,251],"floor_reached":35,"campfire_rested":3,"playtime":1563,"current_hp_per_floor":[70,70,70,67,67,67,38,38,38,70,59,52,54,54,54,46,72,54,54,54,54,31,31,31,31,31,30,9,46,36,36,74,34,78,73],"items_purged":["Injury"],"gold":251,"score":451,"play_id":"adc32190-f4aa-4b5d-ae1f-ee66c21e248f","local_time":"20180510152714","is_prod":false,"is_daily":false,"chose_seed":false,"is_ascension_mode":true,"campfire_upgraded":1,"timestamp":1525958834,"path_taken":["M","?","$","?","M","R","E","R","T","R","E","?","M","?","R","BOSS","M","?","M","M","M","R","$","R","T","M","M","R","M","?","R","BOSS","M"],"build_version":"2018-05-03","seed_source_timestamp":19636105202746,"purchased_purges":1,"victory":false,"master_deck":["Defend_G","Defend_G","Defend_G","Strike_G","Strike_G","Strike_G","Strike_G","Survivor","Neutralize","Poisoned Stab","Leg Sweep+1","Malaise","Dodge and Roll","Quick Slash","Poisoned Stab","Deadly Poison","Dagger Spray","Noxious Fumes","Die Die Die","Catalyst+1","Well Laid Plans","Deadly Poison","Backstab+1","Crippling Poison+1","Writhe","Tools of the Trade+1"],"max_hp_per_floor":[70,70,70,70,70,70,70,70,70,70,70,70,72,72,72,72,72,72,72,72,72,74,74,74,74,74,76,76,76,78,78,78,78,78,78],"relics":["Ring of the Snake","Gremlin Horn","Shovel","Regal Pillow","Singing Bowl","Bronze Scales","Vajra","Lizard Tail","Molten Egg 2","Letter Opener","Frozen Egg 2","Meat on the Bone","Snecko Eye"],"card_choices":[{"not_picked":["Cloak And Dagger","Underhanded Strike"],"picked":"Malaise","floor":1},{"not_picked":["Acrobatics","Cloak And Dagger"],"picked":"Quick Slash","floor":4},{"not_picked":["Cloak And Dagger","Backflip"],"picked":"Poisoned Stab","floor":5},{"not_picked":["Flechettes","Sucker Punch"],"picked":"Deadly Poison","floor":11},{"not_picked":["Unload","Doppelganger"],"picked":"Die Die Die","floor":16},{"not_picked":["Eviscerate","Outmaneuver"],"picked":"Catalyst","floor":18},{"not_picked":["Poisoned Stab","Flechettes"],"picked":"Deadly Poison","floor":20},{"not_picked":["Quick Slash","Skewer"],"picked":"Backstab","floor":21},{"not_picked":["Poisoned Stab","Accuracy"],"picked":"Crippling Poison","floor":28},{"not_picked":["Unload","A Thousand Cuts"],"picked":"Tools of the Trade","floor":33}],"player_experience":444771,"potions_floor_usage":[11,16,20,21,21,21,27,30],"damage_taken":[{"damage":0,"enemies":"Cultist","floor":1,"turns":4},{"damage":3,"enemies":"Small Slimes","floor":4,"turns":5},{"damage":0,"enemies":"2 Louse","floor":5,"turns":2},{"damage":29,"enemies":"Lagavulin","floor":7,"turns":7},{"damage":11,"enemies":"Gremlin Nob","floor":11,"turns":5},{"damage":0,"enemies":"Looter","floor":13,"turns":3},{"damage":8,"enemies":"Hexaghost","floor":16,"turns":8},{"damage":18,"enemies":"2 Thieves","floor":18,"turns":4},{"damage":12,"enemies":"Chosen","floor":20,"turns":4},{"damage":0,"enemies":"Sentry and Sphere","floor":21,"turns":3},{"damage":25,"enemies":"Centurion and Healer","floor":22,"turns":5},{"damage":3,"enemies":"3 Cultists","floor":27,"turns":4},{"damage":21,"enemies":"Snake Plant","floor":28,"turns":4},{"damage":12,"enemies":"Slaver and Parasite","floor":30,"turns":5},{"damage":95,"enemies":"Champ","floor":33,"turns":11},{"damage":5,"enemies":"3 Darklings","floor":35,"turns":1}],"event_choices":[{"event_name":"Golden Wing","player_choice":"Card Removal","floor":12,"damage_taken":0},{"event_name":"The Mausoleum","player_choice":"Yes","floor":31,"damage_taken":0}],"boss_relics":[{"not_picked":["Philosopher\u0027s Stone","White Beast Statue"],"picked":"Lizard Tail"},{"not_picked":["Cursed Key","Calling Bell"],"picked":"Snecko Eye"}],"potions_floor_spawned":[7,11,16,18,20,30],"seed_played":"8678316741985110866","killed_by":"3 Darklings","ascension_level":3,"is_trial":false}