{"gold_per_floor":[114,114,114,132,146,146,186,186,213,213,213,251,264,283,283,283],"floor_reached":16,"playtime":510,"items_purged":[],"score":215,"play_id":"1c90baad-5261-47d2-9941-e60098b34aa7","local_time":"20190219162414","is_ascension_mode":true,"campfire_choices":[{"data":"Rage","floor":6,"key":"SMITH"},{"floor":8,"key":"REST"},{"floor":11,"key":"REST"},{"floor":15,"key":"REST"}],"neow_cost":"NONE","seed_source_timestamp":15279363242596184,"circlet_count":0,"master_deck":["AscendersBane","Strike_R","Strike_R","Strike_R","Strike_R","Strike_R","Defend_R","Defend_R","Defend_R","Defend_R","Bash","Inflame","Ghostly Armor","Rage+1","Uppercut","Whirlwind","Thunderclap"],"relics":["Burning Blood","NeowsBlessing","Golden Idol","Smiling Mask","Vajra","Sundial"],"potions_floor_usage":[16],"damage_taken":[{"damage":0,"enemies":"2 Louse","floor":1,"turns":1},{"damage":0,"enemies":"Small Slimes","floor":4,"turns":1},{"damage":0,"enemies":"Cultist","floor":5,"turns":1},{"damage":44,"enemies":"Gremlin Nob","floor":7,"turns":5},{"damage":40,"enemies":"3 Sentries","floor":12,"turns":12},{"damage":14,"enemies":"Large Slime","floor":13,"turns":6},{"damage":9,"enemies":"Looter","floor":14,"turns":3},{"damage":52,"enemies":"The Guardian","floor":16,"turns":10}],"seed_played":"-4612125658411831698","potions_obtained":[{"floor":1,"key":"GamblersBrew"},{"floor":12,"key":"SpeedPotion"},{"floor":14,"key":"PowerPotion"}],"is_trial":false,"path_per_floor":["M","?","?","M","M","R","E","R","T","?","R","E","M","M","R","B"],"character_chosen":"IRONCLAD","items_purchased":[],"campfire_rested":3,"item_purchase_floors":[],"current_hp_per_floor":[74,74,74,75,75,75,37,59,59,59,75,41,33,30,52,0],"gold":283,"neow_bonus":"THREE_ENEMY_KILL","is_prod":false,"is_daily":false,"chose_seed":false,"campfire_upgraded":1,"win_rate":0,"timestamp":1550589854,"path_taken":["M","?","?","M","?","R","E","R","T","?","R","E","M","M","R","BOSS"],"build_version":"2019-01-23","purchased_purges":0,"victory":false,"max_hp_per_floor":[75,75,75,75,75,75,75,75,75,75,75,75,75,75,75,75],"card_choices":[{"not_picked":["Armaments","Dual Wield"],"picked":"Inflame","floor":1},{"not_picked":["Armaments","Wild Strike"],"picked":"Ghostly Armor","floor":4},{"not_picked":["Iron Wave","Armaments"],"picked":"Rage","floor":5},{"not_picked":["Thunderclap","Bloodletting"],"picked":"Uppercut","floor":7},{"not_picked":["Reckless Charge","Hemokinesis"],"picked":"Whirlwind","floor":12},{"not_picked":["Anger","Clash"],"picked":"Thunderclap","floor":13},{"not_picked":["Hemokinesis","Wild Strike","Burning Pact"],"picked":"SKIP","floor":14}],"player_experience":416223,"relics_obtained":[{"floor":7,"key":"Smiling Mask"},{"floor":9,"key":"Vajra"},{"floor":12,"key":"Sundial"}],"event_choices":[{"damage_healed":0,"gold_gain":0,"player_choice":"Take Wound","damage_taken":0,"relics_obtained":["Golden Idol"],"max_hp_gain":0,"max_hp_loss":0,"event_name":"Golden Idol","floor":2,"gold_loss":0,"cards_obtained":["Injury"]},{"cards_removed":["Injury"],"damage_healed":0,"gold_gain":0,"player_choice":"Removed Curses","damage_taken":0,"max_hp_gain":0,"max_hp_loss":0,"event_name":"Fountain of Cleansing","floor":3,"gold_loss":0},{"damage_healed":0,"gold_gain":0,"player_choice":"Ignored","damage_taken":0,"max_hp_gain":0,"max_hp_loss":0,"event_name":"Shining Light","floor":10,"gold_loss":0}],"is_beta":false,"boss_relics":[],"items_purged_floors":[],"is_endless":false,"potions_floor_spawned":[1,12,14],"killed_by":"The Guardian","ascension_level":19}