{"gold_per_floor":[117,117,134,134,134,134,146,146,171,186,186,261,281,291,291,291],"floor_reached":16,"playtime":608,"items_purged":[],"score":92,"play_id":"2256c4d8-6ee6-4f09-9ff8-eb6b1abbe828","local_time":"20190220145325","is_ascension_mode":false,"campfire_choices":[{"data":"Strike_R","floor":6,"key":"SMITH"},{"data":"Strike_R","floor":11,"key":"SMITH"},{"data":"Strike_R","floor":15,"key":"SMITH"}],"neow_cost":"NONE","seed_source_timestamp":247592555463300,"circlet_count":0,"master_deck":["Strike_R","Strike_R+1","Strike_R+1","Strike_R+1","Defend_R","Defend_R","Defend_R","Defend_R","Bash+1","Flame Barrier+1"],"relics":["Burning Blood","Potion Belt"],"potions_floor_usage":[14],"damage_taken":[{"damage":0,"enemies":"2 Louse","floor":1,"turns":3},{"damage":6,"enemies":"Cultist","floor":3,"turns":3},{"damage":0,"enemies":"Jaw Worm","floor":7,"turns":3},{"damage":14,"enemies":"Exordium Thugs","floor":10,"turns":5},{"damage":4,"enemies":"Blue Slaver","floor":13,"turns":4},{"damage":1,"enemies":"Red Slaver","floor":14,"turns":4},{"damage":32,"enemies":"The Guardian","floor":16,"turns":3}],"seed_played":"4308623964764533652","potions_obtained":[{"floor":7,"key":"Block Potion"}],"is_trial":false,"path_per_floor":["M","?","M","$","?","R","M","$","T","M","R","?","M","M","R","B"],"character_chosen":"IRONCLAD","items_purchased":[],"campfire_rested":0,"item_purchase_floors":[],"current_hp_per_floor":[80,80,80,80,80,80,80,80,80,72,72,61,63,68,68,36],"gold":291,"neow_bonus":"UPGRADE_CARD","is_prod":false,"is_daily":false,"chose_seed":false,"campfire_upgraded":3,"win_rate":0,"timestamp":1550692405,"path_taken":["M","?","?","$","?","R","M","$","T","?","R","?","M","M","R","BOSS"],"build_version":"2019-01-23","purchased_purges":0,"victory":false,"max_hp_per_floor":[80,80,80,80,80,80,80,80,80,80,80,80,80,80,80,80],"card_choices":[{"not_picked":["Shrug It Off","Clothesline","Metallicize"],"picked":"SKIP","floor":1},{"not_picked":["Carnage","Cleave","Wild Strike"],"picked":"SKIP","floor":3},{"not_picked":["Flex","Clothesline","Cleave"],"picked":"SKIP","floor":7},{"not_picked":["Carnage","Sword Boomerang","Entrench"],"picked":"SKIP","floor":10},{"not_picked":["Fire Breathing","Perfected Strike","Disarm"],"picked":"SKIP","floor":13},{"not_picked":["Power Through","Cleave","Body Slam"],"picked":"SKIP","floor":14}],"player_experience":1251491,"relics_obtained":[{"floor":9,"key":"Potion Belt"}],"event_choices":[{"damage_healed":0,"gold_gain":0,"cards_transformed":["Strike_R"],"player_choice":"Transformed","damage_taken":0,"max_hp_gain":0,"max_hp_loss":0,"event_name":"Transmorgrifier","floor":2,"gold_loss":0,"cards_obtained":["Flame Barrier"]},{"damage_healed":0,"gold_gain":0,"player_choice":"Forge","damage_taken":0,"max_hp_gain":0,"max_hp_loss":0,"event_name":"Accursed Blacksmith","floor":5,"gold_loss":0,"cards_upgraded":["Flame Barrier"]},{"damage_healed":0,"gold_gain":75,"player_choice":"Gather Gold","damage_taken":11,"max_hp_gain":0,"max_hp_loss":0,"event_name":"World of Goop","floor":12,"gold_loss":0}],"is_beta":false,"boss_relics":[],"items_purged_floors":[],"is_endless":false,"potions_floor_spawned":[7],"killed_by":"The Guardian","ascension_level":0}