{"gold_per_floor":[210,210,9,23,36,66,66,141,141,141,141,158,158,175,175,279,279,292,137,125,153,164,164],"floor_reached":23,"playtime":22466,"items_purged":[],"score":287,"play_id":"2b6983ce-7e5e-45cd-82d6-8d64e4aeb99d","local_time":"20181113201154","is_ascension_mode":true,"campfire_choices":[{"floor":10,"key":"REST"},{"floor":13,"key":"REST"},{"data":"Noxious Fumes","floor":15,"key":"SMITH"}],"neow_cost":"NONE","seed_source_timestamp":505171381677767,"circlet_count":0,"master_deck":["AscendersBane","Defend_G+1","Defend_G","Defend_G","Defend_G","Defend_G","Strike_G","Strike_G","Strike_G","Strike_G","Strike_G","Survivor+1","Neutralize","Poisoned Stab+1","Crippling Poison","Backflip","Bane","Leg Sweep","Noxious Fumes+1","Corpse Explosion","Deflect+1","Deadly Poison","Setup","Dash"],"relics":["Ring of the Snake","TwistedFunnel","Darkstone Periapt","Ornamental Fan","Shuriken","HoveringKite","Oddly Smooth Stone","Red Mask"],"potions_floor_usage":[6,12,20,21,22,23,23],"damage_taken":[{"damage":6,"enemies":"Small Slimes","floor":1,"turns":5},{"damage":0,"enemies":"Jaw Worm","floor":4,"turns":3},{"damage":0,"enemies":"2 Louse","floor":5,"turns":2},{"damage":17,"enemies":"3 Sentries","floor":6,"turns":10},{"damage":3,"enemies":"Large Slime","floor":12,"turns":5},{"damage":1,"enemies":"3 Louse","floor":14,"turns":2},{"damage":32,"enemies":"Slime Boss","floor":16,"turns":9},{"damage":5,"enemies":"Chosen","floor":18,"turns":4},{"damage":1,"enemies":"2 Thieves","floor":20,"turns":4},{"damage":0,"enemies":"Masked Bandits","floor":21,"turns":3},{"damage":31,"enemies":"Snecko","floor":22,"turns":6},{"damage":21,"enemies":"Gremlin Leader","floor":23,"turns":4}],"seed_played":"5673903548658683383","potions_obtained":[{"floor":4,"key":"GhostInAJar"},{"floor":5,"key":"SkillPotion"},{"floor":16,"key":"Block Potion"},{"floor":18,"key":"SkillPotion"},{"floor":20,"key":"FearPotion"},{"floor":21,"key":"SkillPotion"},{"floor":22,"key":"Poison Potion"}],"is_trial":false,"path_per_floor":["M","?","$","M","M","E","?","?","T","R","T","M","R","M","R","B",null,"M","$","M","?","M","E"],"character_chosen":"THE_SILENT","items_purchased":["TwistedFunnel","Oddly Smooth Stone"],"campfire_rested":2,"item_purchase_floors":[3,19],"current_hp_per_floor":[57,57,57,57,57,40,26,15,15,36,36,33,54,53,53,21,58,53,53,52,52,21,0],"gold":164,"neow_bonus":"HUNDRED_GOLD","is_prod":false,"is_daily":false,"chose_seed":false,"campfire_upgraded":1,"win_rate":0,"timestamp":1542136314,"path_taken":["M","?","?","M","M","E","?","?","T","R","?","M","R","M","R","BOSS","M","$","M","?","M","E"],"build_version":"2018-11-08","purchased_purges":0,"victory":false,"max_hp_per_floor":[70,70,70,70,70,70,70,70,70,70,70,70,70,70,70,70,70,70,70,70,70,70,70],"card_choices":[{"not_picked":["Acrobatics","Cloak And Dagger"],"picked":"Poisoned Stab","floor":1},{"not_picked":["Blade Dance","Dodge and Roll"],"picked":"Crippling Poison","floor":4},{"not_picked":["Night Terror","Flechettes"],"picked":"Backflip","floor":5},{"not_picked":["Heel Hook","Cloak And Dagger"],"picked":"Bane","floor":6},{"not_picked":["PiercingWail","Distraction"],"picked":"Leg Sweep","floor":12},{"not_picked":["Bane","Blur"],"picked":"Noxious Fumes","floor":14},{"not_picked":["Wraith Form v2","Grand Finale"],"picked":"Corpse Explosion","floor":16},{"not_picked":["Acrobatics","Endless Agony"],"picked":"Deflect+1","floor":18},{"not_picked":["Tactician","Poisoned Stab"],"picked":"Deadly Poison","floor":20},{"not_picked":["Dagger Spray","Dagger Throw"],"picked":"Setup","floor":21},{"not_picked":["Bullet Time","Blade Dance"],"picked":"Dash","floor":22}],"player_experience":1173030,"relics_obtained":[{"floor":6,"key":"Darkstone Periapt"},{"floor":9,"key":"Ornamental Fan"},{"floor":11,"key":"Shuriken"},{"floor":21,"key":"Red Mask"}],"event_choices":[{"damage_healed":0,"gold_gain":0,"player_choice":"Grow","damage_taken":0,"max_hp_gain":0,"max_hp_loss":0,"event_name":"Living Wall","floor":2,"gold_loss":0,"cards_upgraded":["Poisoned Stab"]},{"damage_healed":0,"gold_gain":0,"player_choice":"Entered Light","damage_taken":14,"max_hp_gain":0,"max_hp_loss":0,"event_name":"Shining Light","floor":7,"gold_loss":0,"cards_upgraded":["Defend_G","Survivor"]},{"damage_healed":0,"gold_gain":75,"player_choice":"Gather Gold","damage_taken":11,"max_hp_gain":0,"max_hp_loss":0,"event_name":"World of Goop","floor":8,"gold_loss":0},{"damage_healed":0,"gold_gain":0,"player_choice":"Fought Bandits","damage_taken":0,"max_hp_gain":0,"max_hp_loss":0,"event_name":"Masked Bandits","floor":21,"gold_loss":0}],"is_beta":false,"boss_relics":[{"not_picked":["Astrolabe","Busted Crown"],"picked":"HoveringKite"}],"items_purged_floors":[],"is_endless":false,"potions_floor_spawned":[4,5,16,18,20,21,22],"killed_by":"Gremlin Leader","ascension_level":10}