{"gold_per_floor":[110,129,51,51,201,233,233,264,316,3,14,34,65,75,75,154,154,167,167,7,7,20,47,47,80,104,379,62,72,89,106,106,183,183,196,210,96,96,109,109,134,134,134,163,183,15,0,12,12,12,12,12,12,12,12],"floor_reached":55,"playtime":3424,"items_purged":["Shame","Regret","Strike_G"],"score":1956,"play_id":"fd2fce6e-24ab-4661-9986-7f08ab62686a","local_time":"20181214171751","is_ascension_mode":true,"campfire_choices":[{"data":"Neutralize","floor":7.0,"key":"SMITH"},{"data":"Footwork","floor":15.0,"key":"SMITH"},{"floor":24.0,"key":"REST"},{"data":"Bouncing Flask","floor":32.0,"key":"SMITH"},{"floor":40.0,"key":"RECALL"},{"data":"Caltrops","floor":49.0,"key":"SMITH"},{"floor":53,"key":"REST"}],"neow_cost":"NONE","seed_source_timestamp":455232859512754,"circlet_count":0,"master_deck":["AscendersBane","Defend_G","Defend_G","Defend_G","Defend_G","Defend_G","Strike_G","Strike_G","Strike_G","Survivor","Neutralize+1","Deadly Poison","Footwork+1","Masterful Stab","Bouncing Flask+1","Dagger Spray","Dagger Throw","Terror+1","Backflip+1","Corpse Explosion+1","Tactician+1","Bouncing Flask+1","Burst+1","Dodge and Roll+1","Bullet Time+1","Cloak And Dagger+1","Blur+1","Dodge and Roll+1","Caltrops+1","Deflect+1","Prepared+1","Adrenaline+1","Endless Agony","Bullet Time+1","Backflip+1","Backflip+1","Noxious Fumes+1","Flash of Steel","Escape Plan+1","Writhe","Catalyst+1","Caltrops","Bullet Time+1","PiercingWail+1"],"special_seed":0,"relics":["Ring of the Snake","NeowsBlessing","Centennial Puzzle","Oddly Smooth Stone","Bronze Scales","Pen Nib","Membership Card","Odd Mushroom","Toxic Egg 2","Runic Pyramid","Matryoshka","Tingsha","Prayer Wheel","Blood Vial","Du-Vu Doll","Empty Cage","ClockworkSouvenir","Snake Skull","Dream Catcher","Vajra","Strawberry","Red Mask"],"potions_floor_usage":[50],"damage_taken":[{"damage":0.0,"enemies":"Jaw Worm","floor":1.0,"turns":1.0},{"damage":0.0,"enemies":"Small Slimes","floor":2.0,"turns":1.0},{"damage":0.0,"enemies":"Gremlin Nob","floor":6.0,"turns":1.0},{"damage":9.0,"enemies":"3 Sentries","floor":8.0,"turns":14.0},{"damage":0.0,"enemies":"2 Louse","floor":11.0,"turns":2.0},{"damage":0.0,"enemies":"The Mushroom Lair","floor":12.0,"turns":3.0},{"damage":11.0,"enemies":"Lagavulin","floor":13.0,"turns":5.0},{"damage":1.0,"enemies":"Blue Slaver","floor":14.0,"turns":3.0},{"damage":11.0,"enemies":"The Guardian","floor":16.0,"turns":10.0},{"damage":13.0,"enemies":"Shell Parasite","floor":18.0,"turns":5.0},{"damage":2.0,"enemies":"Spheric Guardian","floor":22.0,"turns":3.0},{"damage":13.0,"enemies":"Gremlin Leader","floor":23.0,"turns":6.0},{"damage":19.0,"enemies":"Book of Stabbing","floor":25.0,"turns":5.0},{"damage":0.0,"enemies":"Snake Plant","floor":29.0,"turns":3.0},{"damage":0.0,"enemies":"3 Cultists","floor":30.0,"turns":5.0},{"damage":0.0,"enemies":"Chosen and Byrds","floor":31.0,"turns":5.0},{"damage":9.0,"enemies":"Champ","floor":33.0,"turns":11.0},{"damage":0.0,"enemies":"3 Darklings","floor":35.0,"turns":3.0},{"damage":3.0,"enemies":"3 Shapes","floor":36.0,"turns":3.0},{"damage":0.0,"enemies":"Transient","floor":39.0,"turns":6.0},{"damage":4.0,"enemies":"Reptomancer","floor":44.0,"turns":6.0},{"damage":17.0,"enemies":"4 Shapes","floor":45.0,"turns":4.0},{"damage":4.0,"enemies":"3 Darklings","floor":48.0,"turns":4.0},{"damage":16,"enemies":"Awakened One","floor":50,"turns":14},{"damage":11,"enemies":"Time Eater","floor":51,"turns":6},{"damage":92,"enemies":"Shield and Spear","floor":55,"turns":3}],"seed_played":"4177852369129046949","potions_obtained":[{"floor":1.0,"key":"EssenceOfSteel"},{"floor":2.0,"key":"EssenceOfSteel"},{"floor":13.0,"key":"Block Potion"},{"floor":18.0,"key":"Dexterity Potion"},{"floor":25.0,"key":"Energy Potion"},{"floor":31.0,"key":"SteroidPotion"},{"floor":36.0,"key":"Regen Potion"}],"is_trial":false,"path_per_floor":["M","M","$","?","?","E","R","E","T","$","M","?","E","M","R","B",null,"M","?","$","?","M","E","R","E","T","?","$","M","M","M","R","B",null,"M","M","$","?","M","R","T","?","T","E","M","$","?","M","R","B","B",null,"R","$","E"],"character_chosen":"THE_SILENT","items_purchased":["Footwork","Membership Card","Fire Potion","Dagger Spray","Block Potion","Bouncing Flask+1","Burst+1","Energy Potion","Blur+1","Dodge and Roll+1","Caltrops","Du-Vu Doll","ClockworkSouvenir","Bullet Time+1","Block Potion"],"campfire_rested":2,"item_purchase_floors":[3,10,10,10,10,20,20,20,28,28,28,28,37,46,46],"current_hp_per_floor":[59,59,59,41,41,41,41,32,32,32,32,32,21,20,20,9,52,39,39,39,39,37,24,43,24,24,24,24,26,28,30,30,23,55,57,56,56,46,48,48,48,61,61,66,63,63,63,61,61,47,38,64,73,73,0],"gold":12,"neow_bonus":"THREE_ENEMY_KILL","is_prod":false,"is_daily":false,"chose_seed":false,"campfire_upgraded":4,"win_rate":0,"timestamp":1544825871,"path_taken":["M","M","$","?","?","E","R","E","T","$","M","?","E","M","R","BOSS","M","?","$","?","?","E","R","E","T","?","$","M","M","?","R","BOSS","M","M","$","?","M","R","?","?","T","E","M","$","?","M","R","BOSS","BOSS","R","$","E"],"build_version":"2018-12-13","purchased_purges":3,"victory":false,"max_hp_per_floor":[66,66,66,66,66,66,66,66,66,66,66,66,66,66,66,66,66,66,66,66,66,66,66,66,66,66,66,66,66,66,66,66,66,66,66,66,66,66,66,66,66,66,66,73,73,73,73,73,73,73,73,73,73,73,73],"card_choices":[{"not_picked":["All Out Attack","Accuracy"],"picked":"Deadly Poison","floor":1.0},{"not_picked":["Bane","PiercingWail","Blade Dance"],"picked":"SKIP","floor":2.0},{"not_picked":["Blade Dance","Deadly Poison"],"picked":"Masterful Stab","floor":6.0},{"not_picked":["PiercingWail","Choke"],"picked":"Bouncing Flask","floor":8.0},{"not_picked":["Dagger Throw","Finisher","Underhanded Strike"],"picked":"SKIP","floor":11.0},{"not_picked":["Finisher","Underhanded Strike"],"picked":"Dagger Throw","floor":11.0},{"not_picked":["Skewer","Reflex"],"picked":"Terror","floor":13.0},{"not_picked":["Dagger Throw","Choke"],"picked":"Backflip+1","floor":14.0},{"not_picked":["Burst+1","Storm of Steel+1"],"picked":"Corpse Explosion+1","floor":16.0},{"not_picked":["Deflect+1","Setup+1"],"picked":"Tactician+1","floor":18.0},{"not_picked":["Sucker Punch","PiercingWail+1"],"picked":"Dodge and Roll+1","floor":22.0},{"not_picked":["Dodge and Roll+1","Escape Plan+1"],"picked":"Bullet Time+1","floor":23.0},{"not_picked":["Deadly Poison+1","Footwork"],"picked":"Cloak And Dagger+1","floor":25.0},{"not_picked":["Bouncing Flask+1","Skewer"],"picked":"Deflect+1","floor":29.0},{"not_picked":["Dagger Throw+1","Eviscerate+1","Deflect+1"],"picked":"SKIP","floor":29.0},{"not_picked":["Sucker Punch","Distraction+1"],"picked":"Prepared+1","floor":30.0},{"not_picked":["Flying Knee","Outmaneuver+1","Expertise+1"],"picked":"SKIP","floor":30.0},{"not_picked":["Cloak And Dagger+1","Eviscerate"],"picked":"Adrenaline+1","floor":31.0},{"not_picked":["Acrobatics+1","Skewer"],"picked":"Endless Agony","floor":31.0},{"not_picked":["Venomology+1","Envenom"],"picked":"Bullet Time+1","floor":33.0},{"not_picked":["Tactician+1","PiercingWail+1"],"picked":"Backflip+1","floor":35.0},{"not_picked":["Setup+1","Dagger Throw"],"picked":"Backflip+1","floor":35.0},{"not_picked":["Terror+1","Blade Dance+1"],"picked":"Noxious Fumes+1","floor":36.0},{"not_picked":["Outmaneuver+1","Flying Knee","Blade Dance+1"],"picked":"SKIP","floor":36.0},{"not_picked":["PanicButton+1","Panacea+1"],"picked":"Flash of Steel","floor":38.0},{"not_picked":["Underhanded Strike","Quick Slash+1"],"picked":"Escape Plan+1","floor":39.0},{"not_picked":["Dagger Throw","Deflect+1","Dagger Spray"],"picked":"SKIP","floor":39.0},{"not_picked":["Sucker Punch","Infinite Blades"],"picked":"Catalyst+1","floor":44.0},{"not_picked":["Reflex+1","Underhanded Strike"],"picked":"Caltrops","floor":45.0},{"not_picked":["Underhanded Strike","Flechettes","Dagger Spray+1"],"picked":"SKIP","floor":45.0},{"not_picked":["Quick Slash+1","Sucker Punch+1"],"picked":"PiercingWail+1","floor":48.0},{"not_picked":["Blade Dance+1","Flying Knee","Underhanded Strike"],"picked":"SKIP","floor":48.0}],"player_experience":1227401,"relics_obtained":[{"floor":6.0,"key":"Oddly Smooth Stone"},{"floor":8.0,"key":"Bronze Scales"},{"floor":9.0,"key":"Pen Nib"},{"floor":12.0,"key":"Odd Mushroom"},{"floor":13.0,"key":"Toxic Egg 2"},{"floor":23.0,"key":"Tingsha"},{"floor":25.0,"key":"Prayer Wheel"},{"floor":26.0,"key":"Blood Vial"},{"floor":41.0,"key":"Snake Skull"},{"floor":41.0,"key":"Dream Catcher"},{"floor":43.0,"key":"Vajra"},{"floor":44.0,"key":"Strawberry"}],"event_choices":[{"damage_healed":0.0,"max_hp_gain":0.0,"max_hp_loss":0.0,"gold_gain":0.0,"event_name":"Scrap Ooze","player_choice":"Success","floor":4.0,"gold_loss":0.0,"damage_taken":18.0,"relics_obtained":["Centennial Puzzle"]},{"damage_healed":0.0,"max_hp_gain":0.0,"max_hp_loss":0.0,"gold_gain":150.0,"event_name":"Liars Game","player_choice":"AGREE","floor":5.0,"gold_loss":0.0,"damage_taken":0.0,"cards_obtained":["Doubt"]},{"damage_healed":0.0,"max_hp_gain":0.0,"max_hp_loss":0.0,"gold_gain":0.0,"event_name":"Mushrooms","player_choice":"Fought Mushrooms","floor":12.0,"gold_loss":0.0,"damage_taken":0.0},{"damage_healed":0.0,"max_hp_gain":0.0,"max_hp_loss":0.0,"gold_gain":0.0,"event_name":"Addict","player_choice":"Stole Relic","floor":19.0,"gold_loss":0.0,"damage_taken":0.0,"relics_obtained":["Matryoshka"],"cards_obtained":["Shame"]},{"damage_healed":0.0,"max_hp_gain":0.0,"max_hp_loss":0.0,"gold_gain":0.0,"event_name":"The Mausoleum","player_choice":"Ignored","floor":21.0,"gold_loss":0.0,"damage_taken":0.0},{"damage_healed":0.0,"max_hp_gain":0.0,"max_hp_loss":0.0,"gold_gain":275.0,"event_name":"Golden Shrine","player_choice":"Desecrate","floor":27.0,"gold_loss":0.0,"damage_taken":0.0,"cards_obtained":["Regret"]},{"damage_healed":0.0,"max_hp_gain":0.0,"max_hp_loss":0.0,"gold_gain":0.0,"event_name":"SensoryStone","player_choice":"Memory 3","floor":38.0,"gold_loss":0.0,"damage_taken":10.0},{"damage_healed":13.0,"max_hp_gain":0.0,"max_hp_loss":0.0,"gold_gain":0.0,"event_name":"Winding Halls","player_choice":"Writhe","floor":42.0,"gold_loss":0.0,"damage_taken":0.0,"cards_obtained":["Writhe"]},{"damage_healed":0.0,"max_hp_gain":0.0,"max_hp_loss":0.0,"gold_gain":0.0,"event_name":"Tomb of Lord Red Mask","player_choice":"Paid","floor":47.0,"gold_loss":15.0,"damage_taken":0.0,"relics_obtained":["Red Mask"]}],"is_beta":true,"boss_relics":[{"not_picked":["Philosopher\u0027s Stone","Pandora\u0027s Box"],"picked":"Runic Pyramid"},{"not_picked":["Eternal Feather","Lizard Tail"],"picked":"Empty Cage"}],"items_purged_floors":[20,28,46],"is_endless":false,"potions_floor_spawned":[1,2,11,13,18,25,31,36,48],"killed_by":"Shield and Spear","ascension_level":20}