{"gold_per_floor":[110,124,54,54,72,72,72,88,88,107,122,40,57,71,71,175,175,193,118,132,132,151,151,66,96,123,123],"floor_reached":27,"playtime":935,"items_purged":[],"score":405,"play_id":"b8fd9f83-3ead-49a0-b332-e5a453d10ba3","local_time":"20180820105250","is_ascension_mode":true,"campfire_choices":[{"data":"Whirlwind","floor":6.0,"key":"SMITH"},{"data":"Bludgeon","floor":15,"key":"SMITH"},{"floor":23,"key":"REST"}],"neow_cost":"NONE","seed_source_timestamp":0,"circlet_count":0,"master_deck":["Strike_R","Strike_R","Strike_R","Strike_R","Defend_R","Defend_R","Defend_R","Defend_R","Bash+1","Disarm","Pommel Strike","Offering","Dropkick","Whirlwind+1","Intimidate","Rage","Wild Strike","Bludgeon+1","Metallicize","Pummel","Feed","Headbutt+1","Ghostly Armor","Writhe","Inflame","Shrug It Off"],"special_seed":0,"relics":["Burning Blood","Ornamental Fan","Runic Cube","Darkstone Periapt","Self Forming Clay","StoneCalendar","Bag of Preparation"],"potions_floor_usage":[13,13,14,16,22,25],"damage_taken":[{"damage":6.0,"enemies":"Jaw Worm","floor":1.0,"turns":5.0},{"damage":1.0,"enemies":"Cultist","floor":2.0,"turns":4.0},{"damage":0.0,"enemies":"Small Slimes","floor":5.0,"turns":3.0},{"damage":4.0,"enemies":"Looter","floor":8.0,"turns":4.0},{"damage":0.0,"enemies":"Lots of Slimes","floor":10.0,"turns":1.0},{"damage":6.0,"enemies":"Large Slime","floor":11.0,"turns":4.0},{"damage":15.0,"enemies":"Gremlin Gang","floor":12.0,"turns":3.0},{"damage":17,"enemies":"3 Sentries","floor":13,"turns":3},{"damage":6,"enemies":"Gremlin Gang","floor":14,"turns":3},{"damage":6,"enemies":"Slime Boss","floor":16,"turns":4},{"damage":26,"enemies":"2 Thieves","floor":18,"turns":3},{"damage":3,"enemies":"Shell Parasite","floor":20,"turns":5},{"damage":32,"enemies":"Shelled Parasite and Fungi","floor":22,"turns":4},{"damage":45,"enemies":"Slavers","floor":25,"turns":8},{"damage":0,"enemies":"Gremlin Leader","floor":27,"turns":2}],"seed_played":"-4136497077535147136","potions_obtained":[{"floor":5.0,"key":"Strength Potion"},{"floor":10.0,"key":"SteroidPotion"},{"floor":11.0,"key":"Fire Potion"},{"floor":14,"key":"PowerPotion"},{"floor":16,"key":"Explosive Potion"},{"floor":20,"key":"AttackPotion"}],"is_trial":false,"path_per_floor":["M","M","$","?","M","R","?","M","T","M","M","$","E","M","R","B",null,"M","?","M","?","M","R","?","E","T"],"character_chosen":"IRONCLAD","items_purchased":["Dropkick","Bludgeon"],"campfire_rested":1,"item_purchase_floors":[3,12],"current_hp_per_floor":[72,77,77,69,75,75,75,77,77,80,80,71,60,60,60,60,75,58,58,61,67,41,67,67,28,28,28],"gold":123,"neow_bonus":"THREE_CARDS","is_prod":false,"is_daily":false,"chose_seed":false,"campfire_upgraded":2,"win_rate":0,"timestamp":1534755170,"path_taken":["M","M","$","?","M","R","?","?","T","M","M","?","E","M","R","BOSS","M","?","M","?","M","R","?","E","T","E"],"build_version":"2018-08-16","purchased_purges":0,"victory":false,"max_hp_per_floor":[80,80,80,80,80,80,80,80,80,80,80,80,80,80,80,80,80,83,83,83,89,89,89,89,89,89,89],"card_choices":[{"not_picked":["Armaments","Perfected Strike"],"picked":"Disarm","floor":0.0},{"not_picked":["Iron Wave","Armaments"],"picked":"Pommel Strike","floor":1.0},{"not_picked":["Armaments","Power Through"],"picked":"Offering","floor":2.0},{"not_picked":["Cleave","Flame Barrier"],"picked":"Whirlwind","floor":5.0},{"not_picked":["Anger","Twin Strike"],"picked":"Intimidate","floor":8.0},{"not_picked":["Cleave","Sentinel"],"picked":"Rage","floor":10.0},{"not_picked":["Rage","Uppercut"],"picked":"Wild Strike","floor":11.0},{"not_picked":["Havoc","Evolve"],"picked":"Metallicize","floor":13},{"not_picked":["Infernal Blade","Body Slam"],"picked":"Pummel","floor":14},{"not_picked":["Fiend Fire","Reaper"],"picked":"Feed","floor":16},{"not_picked":["Clash","Combust"],"picked":"Headbutt+1","floor":18},{"not_picked":["Perfected Strike+1","Havoc"],"picked":"Ghostly Armor","floor":20},{"not_picked":["Cleave","Sword Boomerang"],"picked":"Inflame","floor":22},{"not_picked":["Wild Strike","Warcry"],"picked":"Shrug It Off","floor":25}],"player_experience":901670,"relics_obtained":[{"floor":9.0,"key":"Ornamental Fan"},{"floor":25,"key":"StoneCalendar"},{"floor":26,"key":"Bag of Preparation"}],"event_choices":[{"event_name":"Wheel of Change","player_choice":"Damage","floor":4.0,"damage_taken":0.0},{"event_name":"Upgrade Shrine","player_choice":"Upgraded","floor":7.0,"damage_taken":0.0},{"event_name":"Beggar","player_choice":"Gave Gold","floor":19,"damage_taken":0},{"event_name":"The Mausoleum","player_choice":"Yes","floor":21,"damage_taken":0},{"event_name":"Addict","player_choice":"Obtained Relic","floor":24,"damage_taken":0}],"is_beta":false,"boss_relics":[{"not_picked":["Snecko Eye","White Beast Statue"],"picked":"Runic Cube"}],"items_purged_floors":[],"is_endless":false,"potions_floor_spawned":[5,10,11,14,16,20],"killed_by":"Gremlin Leader","ascension_level":9}