{"gold_per_floor":[16,31,31,50,67,67,81,107,107,107,126,126,126,55,55,154,154,168,168,181,201,201,228,228,228,282,282,27,58,72,87,87,187,187,202,202,219,230,43,62,62,78,150,168,183,217,217,228,228,228],"floor_reached":51,"playtime":12921,"items_purged":["Strike_G"],"score":773,"play_id":"672112d4-976a-41a0-a186-a4f99c1c4fd6","local_time":"20180714010439","is_ascension_mode":false,"campfire_choices":[{"data":"Crippling Poison","floor":6.0,"key":"SMITH"},{"data":"Malaise","floor":10.0,"key":"SMITH"},{"data":"Reflex","floor":12.0,"key":"SMITH"},{"data":"Prepared","floor":15.0,"key":"SMITH"},{"data":"Footwork","floor":24,"key":"SMITH"},{"floor":27,"key":"REST"},{"data":"After Image","floor":32,"key":"SMITH"},{"floor":41,"key":"REST"},{"floor":47,"key":"REST"},{"floor":49,"key":"REST"}],"neow_cost":"NO_GOLD","seed_source_timestamp":0,"circlet_count":0,"master_deck":["Defend_G","Defend_G","Defend_G","Defend_G","Strike_G+1","Survivor","Neutralize+1","Crippling Poison+1","Prepared+1","Reflex+1","Dagger Throw","Malaise+1","Acrobatics","Heel Hook+1","Glass Knife+1","Slice+1","Blur","Footwork+1","Deflect","Underhanded Strike+1","Necronomicurse","Eviscerate+1","Burst","Crippling Poison","After Image+1","Riddle With Holes+1","Backflip+1","Adrenaline","Prepared","Madness","Madness","Noxious Fumes+1","Bouncing Flask+1","Reflex","Acrobatics+1","Prepared","Well Laid Plans+1","Underhanded Strike+1","Calculated Gamble","Adrenaline","Noxious Fumes+1"],"special_seed":0,"relics":["Ring of the Snake","Dream Catcher","Molten Egg 2","Lizard Tail","Mummified Hand","Vajra","Necronomicon","Whetstone","Strawberry","Sozu","Snake Skull","Ninja Scroll","Gambling Chip"],"potions_floor_usage":[33],"damage_taken":[{"damage":0.0,"enemies":"2 Louse","floor":1.0,"turns":4.0},{"damage":0.0,"enemies":"Jaw Worm","floor":2.0,"turns":6.0},{"damage":0.0,"enemies":"Cultist","floor":4.0,"turns":4.0},{"damage":0.0,"enemies":"3 Louse","floor":5.0,"turns":3.0},{"damage":5.0,"enemies":"Exordium Wildlife","floor":7.0,"turns":4.0},{"damage":6.0,"enemies":"Gremlin Nob","floor":8.0,"turns":6.0},{"damage":0.0,"enemies":"Blue Slaver","floor":11.0,"turns":5.0},{"damage":26.0,"enemies":"The Guardian","floor":16.0,"turns":14.0},{"damage":18,"enemies":"Spheric Guardian","floor":18,"turns":6},{"damage":0,"enemies":"3 Byrds","floor":20,"turns":4},{"damage":0,"enemies":"Snecko","floor":21,"turns":6},{"damage":0,"enemies":"Book of Stabbing","floor":23,"turns":9},{"damage":0,"enemies":"Gremlin Leader","floor":29,"turns":3},{"damage":6,"enemies":"Slaver and Parasite","floor":30,"turns":9},{"damage":0,"enemies":"3 Cultists","floor":31,"turns":4},{"damage":54,"enemies":"Automaton","floor":33,"turns":12},{"damage":4,"enemies":"3 Darklings","floor":35,"turns":3},{"damage":0,"enemies":"Orb Walker","floor":37,"turns":3},{"damage":13,"enemies":"Flame Bruiser 2 Orb","floor":38,"turns":5},{"damage":16,"enemies":"4 Shapes","floor":40,"turns":3},{"damage":22,"enemies":"Transient","floor":42,"turns":5},{"damage":1,"enemies":"Sphere and 2 Shapes","floor":44,"turns":3},{"damage":0,"enemies":"3 Darklings","floor":45,"turns":5},{"damage":0,"enemies":"Nemesis","floor":46,"turns":7},{"damage":0,"enemies":"Maw","floor":48,"turns":3},{"damage":34,"enemies":"Time Eater","floor":50,"turns":8}],"seed_played":"-2056248092578435409","potions_obtained":[{"floor":4.0,"key":"Explosive Potion"},{"floor":5.0,"key":"SkillPotion"},{"floor":7.0,"key":"Dexterity Potion"},{"floor":11.0,"key":"Fire Potion"},{"floor":18,"key":"LiquidBronze"},{"floor":21,"key":"Energy Potion"},{"floor":31,"key":"SpeedPotion"},{"floor":33,"key":"Ancient Potion"}],"is_trial":false,"path_per_floor":["M","M","?","M","M","R","M","E","T","R","M","R","?","$","R","B",null,"M","?","M","M","?","E","R","?","T","R","$","E","M","M","R","B",null,"M","?","M","M","$","M","R","M","T","M","M","E","R","M","R","B"],"character_chosen":"THE_SILENT","items_purchased":["Heel Hook+1","Burst","Crippling Poison","Snake Skull","Reflex"],"campfire_rested":4,"item_purchase_floors":[14,28,28,39,39],"current_hp_per_floor":[70,70,70,70,70,70,65,59,59,59,59,59,52,52,52,26,70,52,52,52,52,52,52,52,36,36,57,57,64,58,58,58,4,77,73,63,63,50,50,34,57,35,35,34,34,34,57,57,77,43],"gold":228,"neow_bonus":"REMOVE_TWO","is_prod":false,"is_daily":false,"chose_seed":false,"campfire_upgraded":6,"win_rate":0.0,"timestamp":1531497879,"path_taken":["M","M","?","M","M","R","M","E","T","R","M","R","?","?","R","BOSS","M","?","M","M","?","E","R","?","T","R","$","E","M","?","R","BOSS","M","?","M","M","$","M","R","M","T","M","M","E","R","M","R","BOSS"],"build_version":"2018-07-12","purchased_purges":1,"victory":true,"max_hp_per_floor":[70,70,70,70,70,70,70,70,70,70,70,70,70,70,70,70,70,70,70,70,70,70,70,70,70,70,70,70,77,77,77,77,77,77,77,77,77,77,77,77,77,77,77,77,77,77,77,77,77,77],"card_choices":[{"not_picked":["Slice","Dodge and Roll"],"picked":"Crippling Poison","floor":1.0},{"not_picked":["Outmaneuver","Finisher"],"picked":"Prepared","floor":2.0},{"not_picked":["Dagger Throw","Distraction"],"picked":"Reflex","floor":4.0},{"not_picked":["Quick Slash","Backflip"],"picked":"Dagger Throw","floor":5.0},{"not_picked":["Glass Knife","Blade Dance"],"picked":"Malaise","floor":7.0},{"not_picked":["Outmaneuver","Distraction","Sucker Punch"],"picked":"SKIP","floor":8.0},{"not_picked":["Bane+1","Dodge and Roll"],"picked":"Acrobatics","floor":11.0},{"not_picked":["Phantasmal Killer","Night Terror"],"picked":"Glass Knife+1","floor":16.0},{"not_picked":["Dagger Throw+1","Bane+1"],"picked":"Slice+1","floor":18},{"not_picked":["Crippling Poison","Endless Agony+1"],"picked":"Footwork","floor":20},{"not_picked":["Dagger Throw+1","Distraction"],"picked":"Deflect","floor":21},{"not_picked":["Terror+1","Flying Knee+1"],"picked":"Underhanded Strike+1","floor":23},{"not_picked":["Heel Hook+1","PiercingWail"],"picked":"Eviscerate+1","floor":27},{"not_picked":["Dash+1","Blade Dance+1"],"picked":"After Image","floor":29},{"not_picked":["Sucker Punch+1","Deadly Poison+1"],"picked":"Riddle With Holes+1","floor":30},{"not_picked":["Dagger Throw+1","Masterful Stab+1"],"picked":"Backflip+1","floor":31},{"not_picked":["Doppelganger","Unload+1"],"picked":"Adrenaline","floor":33},{"not_picked":["Backstab+1","Poisoned Stab+1"],"picked":"Prepared","floor":35},{"not_picked":["Crippling Poison+1","Endless Agony+1"],"picked":"Noxious Fumes+1","floor":37},{"not_picked":["PiercingWail","All Out Attack+1"],"picked":"Bouncing Flask+1","floor":38},{"not_picked":["Infinite Blades+1","Burst"],"picked":"Acrobatics+1","floor":40},{"not_picked":["Flechettes+1","All Out Attack+1"],"picked":"Prepared","floor":41},{"not_picked":["Endless Agony+1","Dodge and Roll"],"picked":"Well Laid Plans+1","floor":42},{"not_picked":["Expertise","Dodge and Roll"],"picked":"Underhanded Strike+1","floor":44},{"not_picked":["Dagger Spray+1","Bouncing Flask+1"],"picked":"Calculated Gamble","floor":45},{"not_picked":["Dagger Throw+1","Acrobatics"],"picked":"Adrenaline","floor":46},{"not_picked":["Sucker Punch+1","Flechettes+1","Leg Sweep"],"picked":"SKIP","floor":48},{"not_picked":["Sucker Punch+1","Flechettes+1","Leg Sweep"],"picked":"SKIP","floor":48},{"not_picked":["Acrobatics","PiercingWail+1"],"picked":"Noxious Fumes+1","floor":49}],"player_experience":51747,"relics_obtained":[{"floor":8.0,"key":"Dream Catcher"},{"floor":9.0,"key":"Molten Egg 2"},{"floor":23,"key":"Vajra"},{"floor":25,"key":"Necronomicon"},{"floor":26,"key":"Whetstone"},{"floor":29,"key":"Strawberry"},{"floor":43,"key":"Ninja Scroll"},{"floor":46,"key":"Gambling Chip"}],"event_choices":[{"event_name":"The Cleric","player_choice":"Leave","floor":3.0,"damage_taken":0.0},{"event_name":"Golden Wing","player_choice":"Card Removal","floor":13.0,"damage_taken":0.0},{"event_name":"Transmorgrifier","player_choice":"Transform","floor":19,"damage_taken":0},{"event_name":"Wheel of Change","player_choice":"Relic","floor":22,"damage_taken":0},{"event_name":"Cursed Tome","player_choice":"Obtained Book","floor":25,"damage_taken":0},{"event_name":"Winding Halls","player_choice":"Embrace Madness","floor":36,"damage_taken":0}],"boss_relics":[{"not_picked":["Tiny House","Coffee Dripper"],"picked":"Lizard Tail"},{"not_picked":["Busted Crown","White Beast Statue"],"picked":"Sozu"}],"items_purged_floors":[28],"is_endless":false,"potions_floor_spawned":[4,5,7,11,18,21,31,33,37,40],"ascension_level":0}