{"path_per_floor":["M","?","$","M","?","R","E","M","T","$","R","?","R","M","R","B",null,"M","?","M","?","M","R","E","M","T","R","M","$","E","M","R"],"character_chosen":"THE_SILENT","items_purchased":["Leg Sweep","Backstab","Secret Technique","Snake Skull"],"gold_per_floor":[118,293,101,120,195,195,223,240,240,38,38,38,38,48,48,146,146,163,163,174,174,189,189,215,227,282,282,302,50,81,81,81,81],"floor_reached":33,"campfire_rested":2,"playtime":1375,"current_hp_per_floor":[70,70,70,70,59,59,39,39,39,39,39,39,39,39,39,33,61,61,61,61,48,46,46,49,40,40,64,36,36,26,26,51,0],"items_purged":["Doubt","Strike_G"],"gold":81,"score":356,"play_id":"fe37eedb-6663-40b8-aca2-c0f91254340f","local_time":"20180517143132","is_prod":false,"is_daily":false,"chose_seed":false,"is_ascension_mode":true,"campfire_upgraded":5,"timestamp":1526560292,"path_taken":["M","?","$","M","?","R","E","?","T","$","R","?","R","M","R","BOSS","M","?","M","?","?","R","E","M","T","R","M","$","E","?","R","BOSS"],"build_version":"2018-05-10","seed_source_timestamp":277217670735114,"purchased_purges":3,"victory":false,"master_deck":["Defend_G","Defend_G","Defend_G","Defend_G","Defend_G","Strike_G","Strike_G","Strike_G","Strike_G","Survivor+1","Neutralize+1","Flying Knee+1","Leg Sweep+1","Backstab","Predator+1","After Image","Escape Plan","Secret Technique+1","Terror+1","Bullet Time","Deadly Poison+1","Blur+1","Backstab+1","Dash+1","Bane+1","Leg Sweep"],"max_hp_per_floor":[70,70,70,70,70,70,70,70,70,70,70,70,70,70,70,70,70,70,70,70,75,75,75,82,82,82,82,82,82,84,84,84,84],"relics":["Ring of the Snake","The Specimen","Blue Candle","Runic Dome","Strawberry","Singing Bowl","Snake Skull","Bottled Lightning"],"card_choices":[{"not_picked":["Sucker Punch","Slice"],"picked":"Flying Knee","floor":1.0},{"not_picked":["Quick Slash","Sucker Punch"],"picked":"Predator","floor":4.0},{"not_picked":["Blur","Heel Hook"],"picked":"After Image","floor":7.0},{"not_picked":["Quick Slash","Bane"],"picked":"Escape Plan","floor":8.0},{"not_picked":["Predator","Dash"],"picked":"Terror","floor":14.0},{"not_picked":["Tactician","Doppelganger"],"picked":"Bullet Time","floor":16.0},{"not_picked":["Sucker Punch","Quick Slash"],"picked":"Deadly Poison","floor":18.0},{"not_picked":["Poisoned Stab","Backflip"],"picked":"Blur","floor":20.0},{"not_picked":["Sucker Punch","Dagger Throw"],"picked":"Backstab","floor":22.0},{"not_picked":["Blade Dance","Deadly Poison"],"picked":"Dash","floor":24.0},{"not_picked":["Predator","Acrobatics"],"picked":"Bane","floor":25.0},{"not_picked":["Finisher","Glass Knife"],"picked":"Leg Sweep","floor":28}],"player_experience":481381,"potions_floor_usage":[30,31,33,33],"damage_taken":[{"damage":0.0,"enemies":"Small Slimes","floor":1.0,"turns":3.0},{"damage":0.0,"enemies":"2 Louse","floor":4.0,"turns":1.0},{"damage":20.0,"enemies":"Lagavulin","floor":7.0,"turns":7.0},{"damage":0.0,"enemies":"Jaw Worm","floor":8.0,"turns":4.0},{"damage":0.0,"enemies":"Red Slaver","floor":14.0,"turns":2.0},{"damage":6.0,"enemies":"The Guardian","floor":16.0,"turns":11.0},{"damage":0.0,"enemies":"Shell Parasite","floor":18.0,"turns":5.0},{"damage":0.0,"enemies":"Chosen","floor":20.0,"turns":4.0},{"damage":2.0,"enemies":"3 Cultists","floor":22.0,"turns":6.0},{"damage":4.0,"enemies":"Book of Stabbing","floor":24.0,"turns":5.0},{"damage":9.0,"enemies":"Centurion and Healer","floor":25.0,"turns":4.0},{"damage":28,"enemies":"Chosen and Byrds","floor":28,"turns":5},{"damage":12,"enemies":"Gremlin Leader","floor":30,"turns":5},{"damage":0,"enemies":"Cultist and Chosen","floor":31,"turns":5},{"damage":57,"enemies":"Automaton","floor":33,"turns":12}],"event_choices":[{"event_name":"Liars Game","player_choice":"agreed","floor":2.0,"damage_taken":0.0},{"event_name":"World of Goop","player_choice":"Gather Gold","floor":5.0,"damage_taken":0.0},{"event_name":"Living Wall","player_choice":"Grow","floor":12.0,"damage_taken":0.0},{"event_name":"The Lab","player_choice":"Got Potions","floor":19.0,"damage_taken":0.0},{"event_name":"Forgotten Altar","player_choice":"Shed Blood","floor":21.0,"damage_taken":0.0}],"boss_relics":[],"potions_floor_spawned":[4,7,14,22,24,30],"seed_played":"4286700079215772758","killed_by":"Automaton","ascension_level":5,"is_trial":false}