{"gold_per_floor":[116,116,91,107,120,451,626,626,626,659,677,697,293,293,293,392,392,392],"floor_reached":18,"playtime":431,"items_purged":["Doubt"],"score":213,"play_id":"c75cc2b6-e00d-43bc-ad6c-e7933de66f3d","local_time":"20180703045905","is_ascension_mode":true,"campfire_choices":[{"data":"Cold Snap","floor":8.0,"key":"SMITH"},{"data":"Defragment","floor":15.0,"key":"SMITH"}],"neow_cost":"","seed_source_timestamp":0,"circlet_count":0,"master_deck":["Strike_B","Strike_B","Strike_B","Strike_B","Defend_B","Defend_B","Defend_B","Defend_B+1","Zap+1","Dualcast","Cold Snap+1","Go for the Eyes","Go for the Eyes","Cold Snap","Auto Shields","Steam","Blizzard","Chill","Defragment+1","All For One+1"],"special_seed":0,"relics":["Cracked Core","NeowsBlessing","Old Coin","Dead Branch","Vajra","Molten Egg 2","Gremlin Horn","Black Star"],"potions_floor_usage":[],"damage_taken":[{"damage":0.0,"enemies":"Jaw Worm","floor":1.0,"turns":1.0},{"damage":0.0,"enemies":"2 Louse","floor":4.0,"turns":1.0},{"damage":0.0,"enemies":"Cultist","floor":5.0,"turns":1.0},{"damage":6.0,"enemies":"Lagavulin","floor":6.0,"turns":9.0},{"damage":12.0,"enemies":"Gremlin Nob","floor":10.0,"turns":4.0},{"damage":0.0,"enemies":"Looter","floor":11.0,"turns":3.0},{"damage":7.0,"enemies":"Exordium Thugs","floor":12.0,"turns":5.0},{"damage":16.0,"enemies":"Hexaghost","floor":16.0,"turns":12.0},{"damage":0,"enemies":"3 Byrds","floor":18,"turns":1}],"seed_played":"77051191343695376","potions_obtained":[{"floor":10.0,"key":"Ancient Potion"},{"floor":11.0,"key":"Weak Potion"},{"floor":16.0,"key":"SteroidPotion"}],"is_trial":false,"path_per_floor":["M","?","$","M","M","E","?","R","T","E","M","M","$","T","R","B",null],"character_chosen":"DEFECT","items_purchased":["Go for the Eyes","Molten Egg 2","Defragment"],"campfire_rested":0,"item_purchase_floors":[],"current_hp_per_floor":[75,60,60,60,60,54,54,54,54,42,42,35,35,35,35,19,61,61],"gold":392,"neow_bonus":"","is_prod":false,"is_daily":false,"chose_seed":false,"campfire_upgraded":2,"win_rate":0,"timestamp":1530586745,"path_taken":["M","?","?","M","M","E","?","R","T","E","M","M","$","?","R","BOSS","M"],"build_version":"2018-06-28","purchased_purges":1,"victory":false,"max_hp_per_floor":[75,75,75,75,75,75,75,75,75,75,75,75,75,75,75,75,75,75],"card_choices":[{"not_picked":["Leap","Rip and Tear"],"picked":"Cold Snap","floor":1.0},{"not_picked":["Darkness","Compile Driver"],"picked":"Go for the Eyes","floor":4.0},{"not_picked":["Gash","Chaos"],"picked":"Cold Snap","floor":5.0},{"not_picked":["Steam","Turbo"],"picked":"Auto Shields","floor":6.0},{"not_picked":["Electrodynamics","Ball Lightning"],"picked":"Steam","floor":10.0},{"not_picked":["Turbo","Barrage"],"picked":"Blizzard","floor":11.0},{"not_picked":["Static Discharge","Blizzard"],"picked":"Chill","floor":12.0},{"not_picked":["Biased Cognition","Thunder Strike+1"],"picked":"All For One+1","floor":16.0}],"player_experience":813988,"relics_obtained":[{"floor":6.0,"key":"Old Coin"},{"floor":9.0,"key":"Dead Branch"},{"floor":10.0,"key":"Vajra"},{"floor":14.0,"key":"Gremlin Horn"}],"event_choices":[{"event_name":"Shining Light","player_choice":"Entered Light","floor":2.0,"damage_taken":0.0},{"event_name":"Liars Game","player_choice":"agreed","floor":7.0,"damage_taken":0.0}],"boss_relics":[{"not_picked":["Eternal Feather","Nuclear Battery"],"picked":"Black Star"}],"items_purged_floors":[],"is_endless":false,"potions_floor_spawned":[10,11,16],"killed_by":"3 Byrds","ascension_level":5}