{"gold_per_floor":[360,374,168,181,196,196,211,211,211,211,211,211,211,224,224,224],"floor_reached":16,"playtime":4008,"items_purged":["Bash"],"score":92,"play_id":"bcf51693-d3ff-450e-ab1b-241fa835ca3e","local_time":"20180708051250","is_ascension_mode":false,"campfire_choices":[{"data":"Armaments","floor":6,"key":"SMITH"},{"data":"Armaments","floor":8,"key":"SMITH"},{"data":"Entrench","floor":10,"key":"SMITH"},{"data":"Body Slam","floor":13,"key":"SMITH"},{"data":"True Grit","floor":15,"key":"SMITH"}],"neow_cost":"FIFTY_PERCENT_DAMAGE","seed_source_timestamp":1092658008333,"circlet_count":0,"master_deck":["Strike_R","Strike_R","Strike_R","Strike_R","Strike_R","Defend_R","Defend_R","Defend_R","Defend_R","Headbutt","Body Slam+1","Armaments+1","Entrench+1","Armaments+1","True Grit+1","Shrug It Off"],"relics":["Burning Blood","Bottled Flame","Golden Idol"],"potions_floor_usage":[16,16,16],"damage_taken":[{"damage":5,"enemies":"Small Slimes","floor":1,"turns":4},{"damage":2,"enemies":"2 Louse","floor":2,"turns":4},{"damage":12,"enemies":"Jaw Worm","floor":4,"turns":4},{"damage":0,"enemies":"2 Fungi Beasts","floor":5,"turns":6},{"damage":1,"enemies":"3 Louse","floor":7,"turns":4},{"damage":7,"enemies":"Large Slime","floor":14,"turns":8},{"damage":36,"enemies":"Hexaghost","floor":16,"turns":18}],"seed_played":"5218967590614235406","potions_obtained":[{"floor":2,"key":"Weak Potion"},{"floor":7,"key":"Swift Potion"},{"floor":14,"key":"SpeedPotion"}],"is_trial":false,"path_per_floor":["M","M","$","M","M","R","M","R","T","R","?","?","R","M","R"],"character_chosen":"IRONCLAD","items_purchased":["Armaments","Entrench"],"campfire_rested":0,"item_purchase_floors":[3,3],"current_hp_per_floor":[41,45,45,39,45,45,50,50,50,50,30,30,30,29,29,0],"gold":224,"neow_bonus":"TWO_FIFTY_GOLD","is_prod":false,"is_daily":false,"chose_seed":false,"campfire_upgraded":5,"win_rate":0.0,"timestamp":1530994370,"path_taken":["M","M","$","M","M","R","M","R","T","R","?","?","R","M","R","BOSS"],"build_version":"2018-07-05","purchased_purges":1,"victory":false,"max_hp_per_floor":[80,80,80,80,80,80,80,80,80,80,80,80,80,80,80,80],"card_choices":[{"not_picked":["Thunderclap","Heavy Blade"],"picked":"Headbutt","floor":1},{"not_picked":["Shrug It Off","Rage"],"picked":"Body Slam","floor":2},{"not_picked":["Sword Boomerang","Clash"],"picked":"Armaments","floor":4},{"not_picked":["Fiend Fire","Inflame","Cleave"],"picked":"SKIP","floor":5},{"not_picked":["Seeing Red","Anger"],"picked":"True Grit","floor":7},{"not_picked":["Thunderclap","Infernal Blade"],"picked":"Shrug It Off","floor":14}],"player_experience":17327,"relics_obtained":[{"floor":9,"key":"Bottled Flame"}],"event_choices":[{"event_name":"Golden Idol","player_choice":"Take Damage","floor":11,"damage_taken":0},{"event_name":"Liars Game","player_choice":"disagreed","floor":12,"damage_taken":0}],"boss_relics":[],"items_purged_floors":[3],"is_endless":false,"potions_floor_spawned":[2,7,14],"killed_by":"Hexaghost","ascension_level":0}