{"gold_per_floor":[113,113,288,306,325,358,358,391,391,410,410],"floor_reached":11,"playtime":413,"items_purged":[],"score":129,"play_id":"01043710-393d-4321-b678-b7fa435e6f84","local_time":"20190107182125","is_ascension_mode":true,"campfire_choices":[{"floor":7,"key":"REST"}],"neow_cost":"NONE","seed_source_timestamp":970280002925733,"circlet_count":0,"master_deck":["AscendersBane","Strike_R","Strike_R","Strike_R","Strike_R","Strike_R","Defend_R","Defend_R","Defend_R","Defend_R","Bash","Wild Strike","Doubt","Wild Strike","Spot Weakness","Power Through","Perfected Strike","Reckless Charge"],"relics":["Burning Blood","Smiling Mask","Ornamental Fan","Sundial","Pear"],"potions_floor_usage":[6,11],"damage_taken":[{"damage":9,"enemies":"Small Slimes","floor":1,"turns":5},{"damage":12,"enemies":"Jaw Worm","floor":4,"turns":2},{"damage":1,"enemies":"Cultist","floor":5,"turns":4},{"damage":25,"enemies":"3 Sentries","floor":6,"turns":6},{"damage":36,"enemies":"Gremlin Nob","floor":8,"turns":4},{"damage":16,"enemies":"Blue Slaver","floor":10,"turns":4},{"damage":57,"enemies":"Lagavulin","floor":11,"turns":8}],"seed_played":"1847094649395828932","potions_obtained":[{"floor":5,"key":"AttackPotion"},{"floor":8,"key":"SneckoOil"},{"floor":10,"key":"BloodPotion"}],"is_trial":false,"path_per_floor":["M","?","?","M","M","E","R","E","T","M","E"],"character_chosen":"IRONCLAD","items_purchased":[],"campfire_rested":1,"item_purchase_floors":[],"current_hp_per_floor":[69,69,69,63,68,49,73,43,53,43,0],"gold":410,"neow_bonus":"RANDOM_COMMON_RELIC","is_prod":false,"is_daily":false,"chose_seed":false,"campfire_upgraded":0,"win_rate":0,"timestamp":1546881685,"path_taken":["M","?","?","?","M","E","R","E","T","M","E"],"build_version":"2019-01-03v4","purchased_purges":0,"victory":false,"max_hp_per_floor":[80,80,80,80,80,80,80,80,90,90,90],"card_choices":[{"not_picked":["True Grit","Twin Strike"],"picked":"Wild Strike","floor":1},{"not_picked":["Rupture","Inflame"],"picked":"Wild Strike","floor":4},{"not_picked":["Warcry","Flex"],"picked":"Spot Weakness","floor":5},{"not_picked":["Havoc","Fiend Fire"],"picked":"Power Through","floor":6},{"not_picked":["Headbutt","Uppercut"],"picked":"Perfected Strike","floor":8},{"not_picked":["Body Slam","True Grit"],"picked":"Reckless Charge","floor":10}],"player_experience":1919072,"relics_obtained":[{"floor":6,"key":"Ornamental Fan"},{"floor":8,"key":"Sundial"},{"floor":9,"key":"Pear"}],"event_choices":[{"damage_healed":0,"gold_gain":0,"player_choice":"Leave","damage_taken":0,"max_hp_gain":0,"max_hp_loss":0,"event_name":"The Cleric","floor":2,"gold_loss":0},{"damage_healed":0,"gold_gain":175,"player_choice":"AGREE","damage_taken":0,"max_hp_gain":0,"max_hp_loss":0,"event_name":"Liars Game","floor":3,"gold_loss":0,"cards_obtained":["Doubt"]}],"is_beta":false,"boss_relics":[],"items_purged_floors":[],"is_endless":false,"potions_floor_spawned":[5,8,10],"killed_by":"Lagavulin","ascension_level":11}