{"path_per_floor":["M","M","M","?","?","R","?","M","T","M","E","?","R","M","R"],"character_chosen":"IRONCLAD","items_purchased":[],"gold_per_floor":[19,37,47,47,297,297,297,315,360,381,420,420,420,445,445,445],"floor_reached":16,"campfire_rested":1,"playtime":1046,"current_hp_per_floor":[80,78,80,73,73,73,53,54,61,58,25,25,25,33,60,0],"items_purged":[],"gold":445,"score":102,"play_id":"79576c37-1e1f-44ee-abbc-d4d6ab78876b","local_time":"20180402191429","is_prod":false,"is_daily":false,"is_ascension_mode":false,"campfire_upgraded":2,"timestamp":1522689269,"path_taken":["M","M","M","?","?","R","?","M","T","?","E","?","R","M","R","BOSS"],"build_version":"2018-03-29v2","purchased_purges":0,"victory":false,"master_deck":["Strike_R","Strike_R","Strike_R","Strike_R","Strike_R","Defend_R","Defend_R","Defend_R","Defend_R","Bash","Intimidate","Flex","Infernal Blade+1","Infernal Blade","Rage+1","Shockwave"],"max_hp_per_floor":[80,80,80,80,80,80,80,80,87,90,90,90,90,90,90,90],"relics":["Burning Blood","Calipers","Blood Vial","Golden Idol","Strawberry","Centennial Puzzle"],"card_choices":[{"not_picked":["Flex","Cleave"],"picked":"Intimidate","floor":1.0},{"not_picked":["Twin Strike","Reckless Charge"],"picked":"Flex","floor":2.0},{"not_picked":["Corruption","Warcry"],"picked":"Infernal Blade","floor":3.0},{"not_picked":["Iron Wave","Combust"],"picked":"Infernal Blade","floor":8.0},{"not_picked":["Sentinel","Flex"],"picked":"Rage","floor":10.0},{"not_picked":["Cleave","Warcry"],"picked":"Shockwave","floor":11.0}],"player_experience":140471,"potions_floor_usage":[16],"damage_taken":[{"damage":0.0,"enemies":"2 Louse","floor":1.0,"turns":5.0},{"damage":8.0,"enemies":"Jaw Worm","floor":2.0,"turns":4.0},{"damage":0.0,"enemies":"Small Slimes","floor":3.0,"turns":3.0},{"damage":7.0,"enemies":"Blue Slaver","floor":8.0,"turns":4.0},{"damage":14.0,"enemies":"Lots of Slimes","floor":10.0,"turns":4.0},{"damage":41.0,"enemies":"Lagavulin","floor":11.0,"turns":7.0},{"damage":0,"enemies":"Large Slime","floor":14,"turns":4},{"damage":65,"enemies":"Slime Boss","floor":16,"turns":11}],"event_choices":[{"event_name":"Scrap Ooze","player_choice":"success","floor":4.0,"damage_taken":7.0},{"event_name":"Golden Shrine","player_choice":"Desecrate","floor":5.0,"damage_taken":0.0},{"event_name":"Golden Idol","player_choice":"Take Damage","floor":7.0,"damage_taken":0.0},{"event_name":"Living Wall","player_choice":"Forget","floor":12.0,"damage_taken":0.0}],"boss_relics":[],"potions_floor_spawned":[2,3],"seed_played":"7163662165605847361","killed_by":"Slime Boss","ascension_level":0,"is_trial":false}