{"gold_per_floor":[118,118,138,151,0,34,53,70,70,90,90,125,137,312,312,413,413,431,431,431,441,441,441,453,465,465,373,373,387,421,239,239,339,339,352,370,470,518,123,123,142,167,193,31,31,41,68,68,68,68],"floor_reached":51,"playtime":16226,"items_purged":[],"score":1292,"play_id":"b06f7d9f-91eb-4a11-912d-db9ad8f16b99","local_time":"20190117033359","is_ascension_mode":true,"campfire_choices":[{"data":"1","floor":15.0,"key":"LIFT"},{"data":"2","floor":23,"key":"LIFT"},{"data":"3","floor":28,"key":"LIFT"},{"data":"Inflame","floor":32,"key":"SMITH"},{"floor":40,"key":"REST"},{"data":"Limit Break","floor":49,"key":"SMITH"}],"neow_cost":"PERCENT_DAMAGE","seed_source_timestamp":0,"circlet_count":0,"master_deck":["AscendersBane","Strike_R","Strike_R","Strike_R","Strike_R","Strike_R","Defend_R","Defend_R+1","Defend_R+1","Defend_R","Bash","Cleave","Flame Barrier","Intimidate","Heavy Blade","Twin Strike","Wild Strike","Dropkick","Pommel Strike","Doubt","Offering","Sword Boomerang","Battle Trance","Heavy Blade","Iron Wave","Hemokinesis+1","Dark Shackles","Anger+1","Inflame+1","Berserk","Writhe","Injury","Parasite","Iron Wave+1","Blood for Blood+1","Carnage+1","Dramatic Entrance+1","Power Through+1","Limit Break+1","Violence"],"special_seed":0,"relics":["Burning Blood","Girya","Bag of Marbles","War Paint","Mercury Hourglass","Self Forming Clay","Red Skull","Busted Crown","Kunai","Strawberry","Oddly Smooth Stone","PreservedInsect","Calling Bell","Pen Nib","Molten Egg 2","Dead Branch","Calipers","FossilizedHelix","Du-Vu Doll","Dodecahedron","Blood Vial","Singing Bowl"],"potions_floor_usage":[30,33,38,38,38,38,50,50],"damage_taken":[{"damage":0.0,"enemies":"Small Slimes","floor":1.0,"turns":3.0},{"damage":1.0,"enemies":"Cultist","floor":3.0,"turns":4.0},{"damage":4.0,"enemies":"2 Louse","floor":4.0,"turns":3.0},{"damage":16.0,"enemies":"Gremlin Nob","floor":6.0,"turns":3.0},{"damage":4.0,"enemies":"2 Fungi Beasts","floor":7.0,"turns":3.0},{"damage":6.0,"enemies":"3 Louse","floor":8.0,"turns":2.0},{"damage":4.0,"enemies":"Blue Slaver","floor":10.0,"turns":3.0},{"damage":39.0,"enemies":"Lagavulin","floor":12.0,"turns":7.0},{"damage":0.0,"enemies":"Looter","floor":13.0,"turns":3.0},{"damage":19.0,"enemies":"Hexaghost","floor":16.0,"turns":6.0},{"damage":12.0,"enemies":"3 Byrds","floor":18.0,"turns":5.0},{"damage":22.0,"enemies":"2 Thieves","floor":21.0,"turns":3.0},{"damage":6,"enemies":"Sentry and Sphere","floor":24,"turns":3},{"damage":9,"enemies":"Shelled Parasite and Fungi","floor":25,"turns":3},{"damage":0,"enemies":"Snake Plant","floor":29,"turns":2},{"damage":6,"enemies":"Slavers","floor":30,"turns":3},{"damage":20,"enemies":"Collector","floor":33,"turns":5},{"damage":22,"enemies":"Orb Walker","floor":35,"turns":2},{"damage":12,"enemies":"3 Shapes","floor":36,"turns":1},{"damage":2,"enemies":"Mind Bloom Boss Battle","floor":37,"turns":4},{"damage":5,"enemies":"2 Orb Walkers","floor":38,"turns":2},{"damage":0,"enemies":"Jaw Worm Horde","floor":41,"turns":1},{"damage":0,"enemies":"Reptomancer","floor":42,"turns":1},{"damage":6,"enemies":"Writhing Mass","floor":46,"turns":2},{"damage":10,"enemies":"Nemesis","floor":47,"turns":5},{"damage":65,"enemies":"Donu and Deca","floor":50,"turns":6}],"seed_played":"-6069124493835206490","potions_obtained":[{"floor":1.0,"key":"GamblersBrew"},{"floor":3.0,"key":"SteroidPotion"},{"floor":6.0,"key":"Fire Potion"},{"floor":13.0,"key":"AttackPotion"},{"floor":16.0,"key":"Strength Potion"},{"floor":21.0,"key":"SteroidPotion"},{"floor":30,"key":"LiquidBronze"},{"floor":36,"key":"EntropicBrew"},{"floor":41,"key":"FearPotion"},{"floor":42,"key":"LiquidBronze"}],"is_trial":false,"path_per_floor":["M","?","M","M","$","E","M","M","T","M","?","E","M","?","R","B",null,"M","?","?","M","?","R","M","M","T","$","R","M","E","$","R","B",null,"M","M","?","?","$","R","M","E","T","$","$","M","E","?","R","B",null],"character_chosen":"IRONCLAD","items_purchased":["Bag of Marbles","Dark Shackles","Inflame","PreservedInsect","Du-Vu Doll","Dramatic Entrance+1","Limit Break"],"campfire_rested":1,"item_purchase_floors":[5,27,31,31,39,39,44],"current_hp_per_floor":[57,80,80,80,80,70,72,72,72,74,62,29,35,35,35,22,66,60,60,60,44,44,44,44,41,48,48,48,54,54,54,54,40,75,59,53,57,58,58,84,87,87,87,87,87,87,85,85,85,28],"gold":68,"neow_bonus":"ONE_RARE_RELIC","is_prod":false,"is_daily":false,"chose_seed":false,"campfire_upgraded":2,"win_rate":0,"timestamp":1547692439,"path_taken":["M","?","?","M","$","E","M","M","T","M","?","E","M","?","R","BOSS","M","?","?","M","?","R","M","M","T","$","R","M","E","$","R","BOSS","M","M","?","?","$","R","M","E","T","?","$","M","E","?","R","BOSS"],"build_version":"2019-01-10","purchased_purges":0,"victory":true,"max_hp_per_floor":[80,80,80,80,80,80,80,80,80,80,80,80,80,80,80,80,80,80,80,80,80,80,80,80,80,87,87,87,87,87,87,87,87,87,87,87,87,87,87,87,87,87,87,87,87,87,89,89,89,89],"card_choices":[{"not_picked":["Metallicize","Fire Breathing"],"picked":"Intimidate","floor":1.0},{"not_picked":["Twin Strike","Clash"],"picked":"Cleave","floor":3.0},{"not_picked":["Wild Strike","Thunderclap"],"picked":"Flame Barrier","floor":4.0},{"not_picked":["Fire Breathing","Dark Embrace"],"picked":"Intimidate","floor":6.0},{"not_picked":["Armaments","Perfected Strike"],"picked":"Heavy Blade","floor":7.0},{"not_picked":["Sword Boomerang","Cleave"],"picked":"Twin Strike","floor":8.0},{"not_picked":["Blood for Blood","Anger"],"picked":"Wild Strike","floor":10.0},{"not_picked":["Cleave","Heavy Blade"],"picked":"Dropkick","floor":12.0},{"not_picked":["True Grit","Juggernaut"],"picked":"Pommel Strike","floor":13.0},{"not_picked":["Demon Form","Impervious"],"picked":"Offering","floor":16.0},{"not_picked":[],"picked":"Sword Boomerang","floor":18.0},{"not_picked":[],"picked":"Heavy Blade","floor":21.0},{"not_picked":[],"picked":"Iron Wave","floor":24},{"not_picked":[],"picked":"Hemokinesis+1","floor":25},{"not_picked":[],"picked":"Anger+1","floor":29},{"not_picked":["Flame Barrier"],"picked":"SKIP","floor":30},{"not_picked":[],"picked":"Berserk","floor":33},{"not_picked":[],"picked":"Iron Wave+1","floor":35},{"not_picked":[],"picked":"Blood for Blood+1","floor":36},{"not_picked":[],"picked":"Carnage+1","floor":37},{"not_picked":[],"picked":"Power Through+1","floor":41},{"not_picked":["Juggernaut"],"picked":"SKIP","floor":42},{"not_picked":["Uppercut+1"],"picked":"SKIP","floor":46},{"not_picked":["Perfected Strike+1"],"picked":"Singing Bowl","floor":47},{"not_picked":[],"picked":"Violence","floor":48}],"player_experience":1949122,"relics_obtained":[{"floor":6.0,"key":"War Paint"},{"floor":9.0,"key":"Mercury Hourglass"},{"floor":12.0,"key":"Red Skull"},{"floor":26,"key":"Strawberry"},{"floor":30,"key":"Oddly Smooth Stone"},{"floor":34,"key":"Pen Nib"},{"floor":34,"key":"Molten Egg 2"},{"floor":34,"key":"Dead Branch"},{"floor":37,"key":"Calipers"},{"floor":38,"key":"FossilizedHelix"},{"floor":42,"key":"Dodecahedron"},{"floor":43,"key":"Blood Vial"},{"floor":47,"key":"Singing Bowl"}],"event_choices":[{"cards_removed":["Intimidate"],"damage_healed":23.0,"max_hp_gain":0.0,"max_hp_loss":0.0,"gold_gain":0.0,"event_name":"Bonfire Elementals","player_choice":"Offered Uncommon","floor":2.0,"gold_loss":0.0,"damage_taken":0.0},{"damage_healed":0.0,"max_hp_gain":0.0,"max_hp_loss":0.0,"gold_gain":0.0,"event_name":"Scrap Ooze","player_choice":"Success","floor":11.0,"gold_loss":0.0,"damage_taken":12.0,"relics_obtained":["Self Forming Clay"]},{"damage_healed":0.0,"max_hp_gain":0.0,"max_hp_loss":0.0,"gold_gain":175.0,"event_name":"Liars Game","player_choice":"AGREE","floor":14.0,"gold_loss":0.0,"damage_taken":0.0,"cards_obtained":["Doubt"]},{"damage_healed":0.0,"max_hp_gain":0.0,"max_hp_loss":0.0,"gold_gain":0.0,"event_name":"The Mausoleum","player_choice":"Opened","floor":19.0,"gold_loss":0.0,"damage_taken":0.0,"relics_obtained":["Kunai"]},{"damage_healed":0.0,"max_hp_gain":0.0,"max_hp_loss":0.0,"gold_gain":0.0,"event_name":"The Library","player_choice":"Read","floor":20.0,"gold_loss":0.0,"damage_taken":0.0,"cards_obtained":["Battle Trance"]},{"damage_healed":0,"gold_gain":0,"player_choice":"Ignored","damage_taken":0,"max_hp_gain":0,"max_hp_loss":0,"event_name":"Vampires","floor":22,"gold_loss":0},{"damage_healed":0,"gold_gain":0,"player_choice":"Fight","damage_taken":0,"max_hp_gain":0,"max_hp_loss":0,"event_name":"MindBloom","floor":37,"gold_loss":0},{"damage_healed":0,"gold_gain":0,"player_choice":"Fight","damage_taken":0,"max_hp_gain":0,"max_hp_loss":0,"event_name":"Mysterious Sphere","floor":38,"gold_loss":0},{"damage_healed":0,"gold_gain":0,"player_choice":"Memory 1","damage_taken":0,"max_hp_gain":0,"max_hp_loss":0,"event_name":"SensoryStone","floor":48,"gold_loss":0}],"is_beta":false,"boss_relics":[{"not_picked":["Snecko Eye","Mark of Pain"],"picked":"Busted Crown"},{"not_picked":["Velvet Choker","Pandora\u0027s Box"],"picked":"Calling Bell"}],"items_purged_floors":[],"is_endless":false,"potions_floor_spawned":[1,3,6,13,16,21,24,30,36,41,42],"ascension_level":11}