{"gold_per_floor":[116,41,41,41,59,59,94,114,138,148,158,158,53,80,80,179,179,195,212,224,87,12,68,68,68],"floor_reached":25,"playtime":3629,"items_purged":["Strike_B","Strike_B"],"score":413,"play_id":"031cf3c0-43fe-441f-8755-154517857fa3","local_time":"20190118232122","is_ascension_mode":true,"campfire_choices":[{"data":"Dualcast","floor":6.0,"key":"SMITH"},{"floor":12.0,"key":"REST"},{"floor":15,"key":"REST"},{"floor":24,"key":"REST"}],"neow_cost":"NONE","seed_source_timestamp":0,"circlet_count":0,"master_deck":["Strike_B","Strike_B","Defend_B","Defend_B","Defend_B","Zap+1","Dualcast+1","Conserve Battery","Defragment","Loop","Steam","Glacier","Defragment","Go for the Eyes","Coolheaded","Echo Form","Reinforced Body","Coolheaded","FTL","Defragment","Go for the Eyes+1"],"special_seed":0,"relics":["Cracked Core","Orichalcum","Lantern","Boot","Blue Candle","Cursed Key","Tiny Chest"],"potions_floor_usage":[16,25],"damage_taken":[{"damage":6.0,"enemies":"2 Louse","floor":1.0,"turns":4.0},{"damage":0.0,"enemies":"Jaw Worm","floor":5.0,"turns":4.0},{"damage":42.0,"enemies":"3 Sentries","floor":7.0,"turns":8.0},{"damage":0.0,"enemies":"Cultist","floor":8.0,"turns":3.0},{"damage":0.0,"enemies":"Large Slime","floor":10.0,"turns":5.0},{"damage":2.0,"enemies":"Exordium Thugs","floor":11.0,"turns":5.0},{"damage":0.0,"enemies":"Lagavulin","floor":14.0,"turns":8.0},{"damage":0,"enemies":"Slime Boss","floor":16,"turns":9},{"damage":2,"enemies":"Chosen","floor":18,"turns":8},{"damage":9,"enemies":"3 Byrds","floor":19,"turns":5},{"damage":7,"enemies":"Snake Plant","floor":20,"turns":8},{"damage":5,"enemies":"Book of Stabbing","floor":23,"turns":7},{"damage":81,"enemies":"Gremlin Leader","floor":25,"turns":10}],"seed_played":"-4520849442419770816","potions_obtained":[{"floor":7.0,"key":"Swift Potion"},{"floor":8.0,"key":"PowerPotion"},{"floor":16,"key":"EntropicBrew"},{"floor":18,"key":"PowerPotion"},{"floor":23,"key":"FocusPotion"}],"is_trial":false,"path_per_floor":["M","$","?","?","M","R","E","M","T","M","M","R","$","E","R","B",null,"M","M","M","$","?","E","R","E"],"character_chosen":"DEFECT","items_purchased":["Defragment","Go for the Eyes","Defragment"],"campfire_rested":3,"item_purchase_floors":[13,13,21],"current_hp_per_floor":[62,62,59,59,59,59,17,17,17,17,15,37,37,37,59,59,71,69,60,53,53,53,48,70,0],"gold":68,"neow_bonus":"UPGRADE_CARD","is_prod":false,"is_daily":false,"chose_seed":false,"campfire_upgraded":1,"win_rate":0,"timestamp":1547821282,"path_taken":["M","$","?","?","M","R","E","M","T","M","M","R","$","E","R","BOSS","M","M","?","$","?","E","R","E"],"build_version":"2019-01-17v2","purchased_purges":2,"victory":false,"max_hp_per_floor":[75,75,75,75,75,75,75,75,75,75,75,75,75,75,75,75,75,75,75,75,75,75,75,75,75],"card_choices":[{"not_picked":["Sweeping Beam","Loop"],"picked":"Reinforced Body","floor":1.0},{"not_picked":["Doom and Gloom","Leap"],"picked":"Conserve Battery","floor":5.0},{"not_picked":["Ball Lightning","Barrage"],"picked":"Defragment","floor":7.0},{"not_picked":["Doom and Gloom","Rebound"],"picked":"Loop","floor":8.0},{"not_picked":["Beam Cell","Streamline"],"picked":"Steam","floor":10.0},{"not_picked":["Force Field","Static Discharge"],"picked":"Glacier","floor":11.0},{"not_picked":["Auto Shields","Static Discharge"],"picked":"Coolheaded","floor":14},{"not_picked":["Multi-Cast","Fission"],"picked":"Echo Form","floor":16},{"not_picked":["Hologram","Rip and Tear+1"],"picked":"Reinforced Body","floor":18},{"not_picked":["Steam Power+1","Steam+1"],"picked":"Coolheaded","floor":19},{"not_picked":["Redo","Compile Driver"],"picked":"FTL","floor":20},{"not_picked":["BootSequence","Turbo"],"picked":"Go for the Eyes+1","floor":23}],"player_experience":373043,"relics_obtained":[{"floor":9.0,"key":"Boot"},{"floor":14,"key":"Blue Candle"},{"floor":23,"key":"Tiny Chest"}],"event_choices":[{"damage_healed":0.0,"max_hp_gain":0.0,"max_hp_loss":0.0,"gold_gain":0.0,"event_name":"Scrap Ooze","player_choice":"Success","floor":3.0,"gold_loss":0.0,"damage_taken":3.0,"relics_obtained":["Orichalcum"]},{"cards_removed":["Reinforced Body"],"damage_healed":0.0,"max_hp_gain":0.0,"max_hp_loss":0.0,"gold_gain":0.0,"event_name":"WeMeetAgain","player_choice":"Gave Card","floor":4.0,"gold_loss":0.0,"damage_taken":0.0,"relics_obtained":["Lantern"]},{"cards_removed":["Defend_B"],"damage_healed":0,"gold_gain":0,"player_choice":"Gave Gold","damage_taken":0,"max_hp_gain":0,"max_hp_loss":0,"event_name":"Beggar","floor":22,"gold_loss":75}],"is_beta":false,"boss_relics":[{"not_picked":["Astrolabe","Fusion Hammer"],"picked":"Cursed Key"}],"items_purged_floors":[2,21],"is_endless":false,"potions_floor_spawned":[7,8,16,18,23],"killed_by":"Gremlin Leader","ascension_level":7}