{"gold_per_floor":[113,133,83,99,99,133,133,161,196,208,240,272,284,315,327,435,447,478,501,513,537,639,677,701,713,725,737,89,89,99,116,116,220,220,238,252,252,252,263,263,298,298,298,47,63,78,78,88,88,88],"floor_reached":51,"playtime":2578,"items_purged":["Strike_R"],"score":893,"play_id":"cd4bfdb9-473a-437d-af03-a73dc612c270","local_time":"20190221095019","is_ascension_mode":true,"campfire_choices":[{"data":"Bash","floor":7,"key":"SMITH"},{"data":"Armaments","floor":10,"key":"SMITH"},{"data":"Demon Form","floor":15,"key":"SMITH"},{"data":"Iron Wave","floor":25,"key":"SMITH"},{"data":"Spot Weakness","floor":27,"key":"SMITH"},{"data":"Uppercut","floor":29,"key":"SMITH"},{"data":"Seeing Red","floor":32,"key":"SMITH"},{"data":"Shrug It Off","floor":40,"key":"SMITH"},{"data":"Shrug It Off","floor":42,"key":"SMITH"},{"data":"Battle Trance","floor":47,"key":"SMITH"},{"data":"Shockwave","floor":49,"key":"SMITH"}],"neow_cost":"NONE","seed_source_timestamp":1520367202725459,"circlet_count":0,"master_deck":["Strike_R","Strike_R","Strike_R","Defend_R","Defend_R","Defend_R","Bash+1","Armaments+1","Spot Weakness+1","Shrug It Off+1","Seeing Red+1","Iron Wave+1","Shockwave+1","Demon Form+1","Reaper","Shrug It Off+1","Battle Trance+1","Cleave+1","Uppercut+1","Reaper","Combust+1","Parasite","Parasite"],"relics":["Burning Blood","Blood Vial","MawBank","Vajra","Velvet Choker","FossilizedHelix","Pantograph","Pear","Sundial","Orichalcum","Philosopher\u0027s Stone","Turnip","Darkstone Periapt","TheAbacus"],"potions_floor_usage":[6,6,8,8,16,16,23,23,33,33,39,41,48,50],"damage_taken":[{"damage":10,"enemies":"2 Louse","floor":1,"turns":2},{"damage":3,"enemies":"Jaw Worm","floor":2,"turns":5},{"damage":2,"enemies":"Cultist","floor":4,"turns":5},{"damage":24,"enemies":"Gremlin Nob","floor":6,"turns":4},{"damage":12,"enemies":"Lagavulin","floor":8,"turns":7},{"damage":9,"enemies":"Large Slime","floor":11,"turns":5},{"damage":28,"enemies":"Gremlin Gang","floor":12,"turns":5},{"damage":4,"enemies":"Red Slaver","floor":14,"turns":3},{"damage":18,"enemies":"Slime Boss","floor":16,"turns":7},{"damage":18,"enemies":"Shell Parasite","floor":18,"turns":7},{"damage":11,"enemies":"2 Thieves","floor":19,"turns":4},{"damage":0,"enemies":"Centurion and Healer","floor":21,"turns":7},{"damage":44,"enemies":"Slavers","floor":23,"turns":8},{"damage":14,"enemies":"Shelled Parasite and Fungi","floor":24,"turns":5},{"damage":19,"enemies":"Snake Plant","floor":30,"turns":5},{"damage":20,"enemies":"Centurion and Healer","floor":31,"turns":5},{"damage":49,"enemies":"Collector","floor":33,"turns":8},{"damage":42,"enemies":"3 Darklings","floor":35,"turns":6},{"damage":2,"enemies":"Orb Walker","floor":36,"turns":4},{"damage":10,"enemies":"Writhing Mass","floor":39,"turns":5},{"damage":69,"enemies":"Reptomancer","floor":41,"turns":6},{"damage":18,"enemies":"Sphere and 2 Shapes","floor":45,"turns":4},{"damage":34,"enemies":"3 Darklings","floor":46,"turns":4},{"damage":43,"enemies":"Writhing Mass","floor":48,"turns":6},{"damage":123,"enemies":"Time Eater","floor":50,"turns":12}],"seed_played":"-26224460640330559","potions_obtained":[{"floor":2,"key":"EssenceOfSteel"},{"floor":5,"key":"Strength Potion"},{"floor":5,"key":"FearPotion"},{"floor":6,"key":"Poison Potion"},{"floor":12,"key":"Weak Potion"},{"floor":14,"key":"PowerPotion"},{"floor":18,"key":"Strength Potion"},{"floor":23,"key":"PowerPotion"},{"floor":33,"key":"PowerPotion"},{"floor":36,"key":"AttackPotion"},{"floor":46,"key":"Regen Potion"},{"floor":48,"key":"Energy Potion"}],"is_trial":false,"path_per_floor":["M","M","?","M","?","E","R","E","T","R","M","M","?","M","R","B",null,"M","M","T","M","?","E","M","R","T","R","$","R","M","M","R","B",null,"M","M","?","?","M","R","E","R","T","$","M","M","R","M","R","B",null],"character_chosen":"IRONCLAD","items_purchased":["Sundial","Uppercut","Fire Potion","LiquidBronze","Orichalcum","TheAbacus","Fire Potion"],"campfire_rested":0,"item_purchase_floors":[28,28,28,28,28,44,44],"current_hp_per_floor":[84,87,87,88,88,70,70,66,66,66,65,45,45,49,49,39,88,88,83,83,88,64,77,88,88,98,98,98,98,97,98,98,55,98,80,91,91,91,89,89,59,59,59,59,79,98,98,95,95,17],"gold":88,"neow_bonus":"TEN_PERCENT_HP_BONUS","is_prod":false,"is_daily":false,"chose_seed":false,"campfire_upgraded":11,"win_rate":0,"timestamp":1550703019,"path_taken":["M","M","?","M","?","E","R","E","T","R","M","?","?","?","R","BOSS","M","M","?","M","?","E","M","R","T","R","$","R","M","?","R","BOSS","M","M","?","?","M","R","E","R","T","$","M","M","R","M","R","BOSS"],"build_version":"2019-01-23","purchased_purges":1,"victory":true,"max_hp_per_floor":[88,88,88,88,88,88,88,88,88,88,88,88,88,88,88,88,88,88,88,88,88,88,88,88,88,98,98,98,98,98,98,98,98,98,98,98,98,98,98,98,98,98,98,98,98,98,98,104,104,104],"card_choices":[{"not_picked":["Clothesline","Headbutt"],"picked":"Armaments","floor":1},{"not_picked":["Rage","Perfected Strike","Headbutt"],"picked":"SKIP","floor":2},{"not_picked":["Perfected Strike","Wild Strike"],"picked":"Spot Weakness","floor":4},{"not_picked":["Armaments","Headbutt"],"picked":"Shrug It Off","floor":6},{"not_picked":["Blood for Blood","Power Through"],"picked":"Seeing Red","floor":8},{"not_picked":["Headbutt","Intimidate"],"picked":"Iron Wave","floor":11},{"not_picked":["Hemokinesis","True Grit"],"picked":"Shockwave","floor":12},{"not_picked":["True Grit","Bloodletting"],"picked":"Demon Form","floor":14},{"not_picked":["Juggernaut","Dark Embrace"],"picked":"Reaper","floor":16},{"not_picked":["Twin Strike","Infernal Blade"],"picked":"Shrug It Off","floor":18},{"not_picked":["Hemokinesis+1","Sword Boomerang+1"],"picked":"Battle Trance","floor":19},{"not_picked":["Second Wind","Wild Strike+1","Corruption"],"picked":"SKIP","floor":21},{"not_picked":["Twin Strike","Carnage","Dropkick"],"picked":"SKIP","floor":23},{"not_picked":["True Grit+1","Intimidate"],"picked":"Cleave+1","floor":24},{"not_picked":["Whirlwind","Warcry+1","Fiend Fire"],"picked":"SKIP","floor":30},{"not_picked":["Armaments","Body Slam","Bloodletting"],"picked":"SKIP","floor":31},{"not_picked":["Brutality","Demon Form"],"picked":"Reaper","floor":33},{"not_picked":["Wild Strike+1","True Grit","Headbutt"],"picked":"SKIP","floor":35},{"not_picked":["Anger","Pommel Strike"],"picked":"Combust+1","floor":36},{"not_picked":["Cleave+1","Anger+1","Inflame+1"],"picked":"SKIP","floor":39},{"not_picked":["Cleave+1","Twin Strike+1","Headbutt"],"picked":"SKIP","floor":41},{"not_picked":["Wild Strike","Evolve","Perfected Strike"],"picked":"SKIP","floor":45},{"not_picked":["Burning Pact+1","Brutality","Anger+1"],"picked":"SKIP","floor":46},{"not_picked":["Twin Strike+1","Rampage+1","Headbutt"],"picked":"SKIP","floor":48}],"player_experience":193714,"relics_obtained":[{"floor":6,"key":"Blood Vial"},{"floor":8,"key":"MawBank"},{"floor":9,"key":"Vajra"},{"floor":20,"key":"FossilizedHelix"},{"floor":23,"key":"Pantograph"},{"floor":26,"key":"Pear"},{"floor":41,"key":"Turnip"},{"floor":43,"key":"Darkstone Periapt"}],"event_choices":[{"cards_removed":["Strike_R"],"damage_healed":0,"gold_gain":0,"player_choice":"Card Removal","damage_taken":0,"max_hp_gain":0,"max_hp_loss":0,"event_name":"The Cleric","floor":3,"gold_loss":50},{"damage_healed":0,"gold_gain":0,"player_choice":"Got Potions","damage_taken":0,"max_hp_gain":0,"max_hp_loss":0,"event_name":"Lab","floor":5,"gold_loss":0},{"cards_removed":["Defend_R"],"damage_healed":0,"gold_gain":0,"player_choice":"Offered Basic","damage_taken":0,"max_hp_gain":0,"max_hp_loss":0,"event_name":"Bonfire Elementals","floor":13,"gold_loss":0},{"damage_healed":0,"gold_gain":90,"player_choice":"POTION GOLD ","damage_taken":24,"max_hp_gain":0,"max_hp_loss":0,"event_name":"Knowing Skull","floor":22,"potions_obtained":["EssenceOfSteel"],"gold_loss":0,"cards_obtained":[]},{"damage_healed":0,"gold_gain":0,"player_choice":"Ignored","damage_taken":0,"max_hp_gain":0,"max_hp_loss":0,"event_name":"Tomb of Lord Red Mask","floor":37,"gold_loss":0},{"damage_healed":0,"gold_gain":0,"player_choice":"Ignored","damage_taken":0,"max_hp_gain":0,"max_hp_loss":0,"event_name":"Mysterious Sphere","floor":38,"gold_loss":0}],"is_beta":false,"boss_relics":[{"not_picked":["Orrery","Runic Pyramid"],"picked":"Velvet Choker"},{"not_picked":["Tiny House","Lizard Tail"],"picked":"Philosopher\u0027s Stone"}],"items_purged_floors":[28],"is_endless":false,"potions_floor_spawned":[2,6,12,14,18,23,31,33,36,46,48],"ascension_level":4}