{"gold_per_floor":[211,211,226,5,5,38,38,48,48,79,79,79,92,117,117,191,191,203,216,416,416],"floor_reached":21,"playtime":745,"items_purged":[],"score":394,"play_id":"192401a8-8d93-4cff-8056-b3cede8d5462","local_time":"20190214210450","is_ascension_mode":true,"campfire_choices":[{"data":"Bash","floor":7,"key":"SMITH"},{"floor":15,"key":"REST"}],"neow_cost":"NONE","seed_source_timestamp":109251851012416,"circlet_count":0,"master_deck":["AscendersBane","Strike_R","Strike_R","Strike_R+1","Strike_R","Defend_R","Defend_R+1","Defend_R","Defend_R","Bash+1","Headbutt","Battle Trance","Cleave","Anger","Iron Wave","Metallicize","Pommel Strike","True Grit","Demon Form","Disarm"],"special_seed":0,"relics":["Burning Blood","PreservedInsect","Orichalcum","Pear","Kunai","Dream Catcher","Philosopher\u0027s Stone"],"potions_floor_usage":[6,14,18],"damage_taken":[{"damage":8.0,"enemies":"2 Louse","floor":1.0,"turns":3.0},{"damage":5.0,"enemies":"Small Slimes","floor":3.0,"turns":3.0},{"damage":30,"enemies":"3 Sentries","floor":6,"turns":8},{"damage":0,"enemies":"Cultist","floor":8,"turns":3},{"damage":2,"enemies":"Gremlin Nob","floor":10,"turns":3},{"damage":1,"enemies":"3 Louse","floor":13,"turns":2},{"damage":22,"enemies":"Lagavulin","floor":14,"turns":6},{"damage":18,"enemies":"The Guardian","floor":16,"turns":13},{"damage":17,"enemies":"Chosen","floor":18,"turns":6},{"damage":26,"enemies":"Spheric Guardian","floor":19,"turns":5},{"damage":50,"enemies":"Cultist and Chosen","floor":21,"turns":5}],"seed_played":"-2642047569755957251","potions_obtained":[{"floor":1.0,"key":"Energy Potion"},{"floor":8,"key":"LiquidBronze"},{"floor":13,"key":"BloodPotion"}],"is_trial":false,"path_per_floor":["M","?","M","$","?","E","R","M","T","E","$","?","M","E","R","B",null,"M","M","?","M"],"character_chosen":"IRONCLAD","items_purchased":["PreservedInsect","Block Potion"],"campfire_rested":1,"item_purchase_floors":[4,4],"current_hp_per_floor":[66,59,60,60,60,36,36,42,52,56,56,30,35,27,52,40,74,63,43,43,0],"gold":416,"neow_bonus":"HUNDRED_GOLD","is_prod":false,"is_daily":false,"chose_seed":false,"campfire_upgraded":1,"win_rate":0,"timestamp":1550196290,"path_taken":["M","?","M","$","?","E","R","M","T","E","$","?","M","E","R","BOSS","M","M","?","M"],"build_version":"2019-01-23","purchased_purges":0,"victory":false,"max_hp_per_floor":[75,75,75,75,75,75,75,75,85,85,85,85,85,85,85,85,85,85,85,85,85],"card_choices":[{"not_picked":["Evolve","Heavy Blade"],"picked":"Headbutt","floor":1.0},{"not_picked":["Havoc","Sword Boomerang"],"picked":"Battle Trance","floor":3.0},{"not_picked":["Limit Break","Body Slam"],"picked":"Cleave","floor":6},{"not_picked":["Twin Strike","Perfected Strike"],"picked":"Anger","floor":8},{"not_picked":["Havoc","Limit Break"],"picked":"Iron Wave","floor":10},{"not_picked":["Pommel Strike","Body Slam"],"picked":"Metallicize","floor":13},{"not_picked":["Headbutt","Rampage"],"picked":"Pommel Strike","floor":14},{"not_picked":["Thunderclap","Twin Strike"],"picked":"True Grit","floor":15},{"not_picked":["Limit Break","Fiend Fire"],"picked":"Demon Form","floor":16},{"not_picked":["Feel No Pain","Twin Strike"],"picked":"Disarm","floor":18},{"not_picked":["Searing Blow","Wild Strike+1","Clothesline"],"picked":"SKIP","floor":19}],"player_experience":1214487,"relics_obtained":[{"floor":6,"key":"Orichalcum"},{"floor":9,"key":"Pear"},{"floor":10,"key":"Kunai"},{"floor":14,"key":"Dream Catcher"}],"event_choices":[{"cards_removed":["Strike_R"],"damage_healed":0.0,"max_hp_gain":0.0,"max_hp_loss":0.0,"gold_gain":0.0,"event_name":"Golden Wing","player_choice":"Card Removal","floor":2.0,"gold_loss":0.0,"damage_taken":7.0},{"damage_healed":0.0,"max_hp_gain":0.0,"max_hp_loss":0.0,"gold_gain":0.0,"event_name":"The Cleric","player_choice":"Leave","floor":5.0,"gold_loss":0.0,"damage_taken":0.0},{"damage_healed":0,"gold_gain":0,"player_choice":"Entered Light","damage_taken":26,"max_hp_gain":0,"max_hp_loss":0,"event_name":"Shining Light","floor":12,"gold_loss":0,"cards_upgraded":["Defend_R","Strike_R"]},{"damage_healed":0,"gold_gain":200,"player_choice":"Gold","damage_taken":0,"max_hp_gain":0,"max_hp_loss":0,"event_name":"Wheel of Change","floor":20,"gold_loss":0}],"is_beta":false,"boss_relics":[{"not_picked":["Lizard Tail","Orrery"],"picked":"Philosopher\u0027s Stone"}],"items_purged_floors":[],"is_endless":false,"potions_floor_spawned":[1,8,13],"killed_by":"Cultist and Chosen","ascension_level":20}