{"gold_per_floor":[113,127,146,156,167,167,167,167,236,261,261,271,306,381,381,459,459,477,489,414,414],"floor_reached":21,"playtime":737,"items_purged":[],"score":382,"play_id":"4a15b90c-37cc-47d3-a6c8-46c6f1c445ea","local_time":"20190214114048","is_ascension_mode":true,"campfire_choices":[{"data":"Zap","floor":6,"key":"SMITH"},{"floor":8,"key":"REST"},{"floor":15,"key":"REST"}],"neow_cost":"NONE","seed_source_timestamp":75713778187581,"circlet_count":0,"master_deck":["AscendersBane","Strike_B","Strike_B","Strike_B","Defend_B+1","Defend_B","Defend_B+1","Defend_B","Zap+1","Dualcast","Cold Snap","Compile Driver","Static Discharge","Ball Lightning","Gash","Cold Snap","Ball Lightning","Consume","Creative AI","Conserve Battery","Genetic Algorithm"],"relics":["Cracked Core","Nunchaku","War Paint","Blood Vial","Nuclear Battery"],"potions_floor_usage":[13,18],"damage_taken":[{"damage":7,"enemies":"Jaw Worm","floor":1,"turns":3},{"damage":6,"enemies":"Small Slimes","floor":2,"turns":4},{"damage":1,"enemies":"Cultist","floor":3,"turns":3},{"damage":4,"enemies":"3 Louse","floor":4,"turns":3},{"damage":0,"enemies":"2 Fungi Beasts","floor":5,"turns":2},{"damage":31,"enemies":"3 Sentries","floor":10,"turns":4},{"damage":3,"enemies":"Blue Slaver","floor":12,"turns":2},{"damage":4,"enemies":"Gremlin Nob","floor":13,"turns":3},{"damage":27,"enemies":"The Guardian","floor":16,"turns":10},{"damage":12,"enemies":"2 Thieves","floor":18,"turns":4},{"damage":18,"enemies":"Spheric Guardian","floor":19,"turns":4},{"damage":49,"enemies":"3 Cultists","floor":21,"turns":5}],"seed_played":"7616428349576636664","potions_obtained":[{"floor":2,"key":"FocusPotion"},{"floor":3,"key":"Fire Potion"},{"floor":16,"key":"Dexterity Potion"},{"floor":18,"key":"FairyPotion"}],"is_trial":false,"path_per_floor":["M","M","M","M","M","R","?","R","T","E","?","M","E","?","R","B",null,"M","M","?","M"],"character_chosen":"DEFECT","items_purchased":[],"campfire_rested":2,"item_purchase_floors":[],"current_hp_per_floor":[57,51,50,46,46,46,41,62,62,31,31,28,24,13,34,9,56,46,30,30,0],"gold":414,"neow_bonus":"THREE_CARDS","is_prod":false,"is_daily":false,"chose_seed":false,"campfire_upgraded":1,"win_rate":0,"timestamp":1550162448,"path_taken":["M","M","M","M","M","R","?","R","T","E","?","M","E","?","R","BOSS","M","M","?","M"],"build_version":"2019-01-23","purchased_purges":0,"victory":false,"max_hp_per_floor":[71,71,71,71,71,71,71,71,71,71,71,71,71,71,71,71,71,71,71,71,71],"card_choices":[{"not_picked":["Sweeping Beam","Hello World"],"picked":"Cold Snap","floor":0},{"not_picked":["Redo","Rebound"],"picked":"Compile Driver","floor":1},{"not_picked":["Rebound","Lockon"],"picked":"Static Discharge","floor":2},{"not_picked":["Gash","Aggregate"],"picked":"Ball Lightning","floor":3},{"not_picked":["Barrage","Streamline"],"picked":"Gash","floor":4},{"not_picked":["Sweeping Beam","Hologram"],"picked":"Cold Snap","floor":5},{"not_picked":["Double Energy","Beam Cell","Hyperbeam"],"picked":"SKIP","floor":10},{"not_picked":["Barrage","Conserve Battery"],"picked":"Ball Lightning","floor":12},{"not_picked":["Redo","Turbo"],"picked":"Consume","floor":13},{"not_picked":["Core Surge","Hyperbeam"],"picked":"Creative AI","floor":16},{"not_picked":["Rip and Tear","Steam"],"picked":"Conserve Battery","floor":18},{"not_picked":["Coolheaded","Double Energy"],"picked":"Genetic Algorithm","floor":19}],"player_experience":1203073,"relics_obtained":[{"floor":10,"key":"War Paint"},{"floor":13,"key":"Blood Vial"}],"event_choices":[{"damage_healed":0,"gold_gain":0,"player_choice":"Success","damage_taken":5,"relics_obtained":["Nunchaku"],"max_hp_gain":0,"max_hp_loss":0,"event_name":"Scrap Ooze","floor":7,"gold_loss":0},{"damage_healed":0,"gold_gain":0,"player_choice":"Ignored","damage_taken":0,"max_hp_gain":0,"max_hp_loss":0,"event_name":"Liars Game","floor":11,"gold_loss":0},{"damage_healed":0,"gold_gain":75,"player_choice":"Gather Gold","damage_taken":11,"max_hp_gain":0,"max_hp_loss":0,"event_name":"World of Goop","floor":14,"gold_loss":0},{"cards_removed":["Strike_B"],"damage_healed":0,"gold_gain":0,"player_choice":"Gave Gold","damage_taken":0,"max_hp_gain":0,"max_hp_loss":0,"event_name":"Beggar","floor":20,"gold_loss":75}],"is_beta":false,"boss_relics":[{"not_picked":["Empty Cage","Calling Bell"],"picked":"Nuclear Battery"}],"items_purged_floors":[],"is_endless":false,"potions_floor_spawned":[2,3,12,16,18,19],"killed_by":"3 Cultists","ascension_level":20}