{"gold_per_floor":[111,126,201,201,166,166,193,204,286,286,140,172,185,185,185,259,259,276,276,291,291],"floor_reached":21,"playtime":12404,"items_purged":[],"score":350,"play_id":"23193afb-14c3-453f-97fc-fc2c0cdb5420","local_time":"20190205011837","is_ascension_mode":true,"campfire_choices":[{"data":"Loop","floor":6,"key":"SMITH"},{"data":"Cold Snap","floor":10,"key":"SMITH"},{"data":"Hologram","floor":15,"key":"SMITH"}],"neow_cost":"NONE","seed_source_timestamp":809849602055787,"circlet_count":0,"master_deck":["AscendersBane","Strike_B","Strike_B","Strike_B","Strike_B","Defend_B","Defend_B","Defend_B","Defend_B","Zap+1","Dualcast","Hologram+1","Loop+1","Cold Snap+1","Cold Snap","Conserve Battery","Compile Driver","Core Surge","Sunder"],"relics":["Cracked Core","NeowsBlessing","Omamori","Ornamental Fan","DataDisk","Pantograph","Sozu"],"potions_floor_usage":[8,12,16],"damage_taken":[{"damage":0,"enemies":"Cultist","floor":1,"turns":1},{"damage":0,"enemies":"2 Louse","floor":2,"turns":1},{"damage":0,"enemies":"Lagavulin","floor":7,"turns":1},{"damage":5,"enemies":"Small Slimes","floor":8,"turns":4},{"damage":13,"enemies":"3 Sentries","floor":12,"turns":7},{"damage":0,"enemies":"Blue Slaver","floor":13,"turns":4},{"damage":22,"enemies":"Hexaghost","floor":16,"turns":9},{"damage":0,"enemies":"Chosen","floor":18,"turns":4},{"damage":9,"enemies":"Shell Parasite","floor":20,"turns":4},{"damage":25,"enemies":"Masked Bandits","floor":21,"turns":3}],"seed_played":"-4869235825309565729","potions_obtained":[{"floor":7,"key":"EntropicBrew"},{"floor":12,"key":"Swift Potion"},{"floor":13,"key":"PowerPotion"},{"floor":16,"key":"Energy Potion"}],"is_trial":false,"path_per_floor":["M","M","?","?","?","R","E","M","T","R","$","E","M","?","R","B",null,"M","?","M","?"],"character_chosen":"DEFECT","items_purchased":["DataDisk"],"campfire_rested":0,"item_purchase_floors":[11],"current_hp_per_floor":[68,68,57,57,75,75,75,70,70,70,70,57,57,57,57,53,70,70,70,61,36],"gold":291,"neow_bonus":"THREE_ENEMY_KILL","is_prod":false,"is_daily":false,"chose_seed":false,"campfire_upgraded":3,"win_rate":0,"timestamp":1549325917,"path_taken":["M","?","?","?","?","R","E","M","T","R","?","E","?","?","R","BOSS","M","?","M","?"],"build_version":"2019-01-23","purchased_purges":0,"victory":false,"max_hp_per_floor":[75,75,75,75,75,75,75,75,75,75,75,75,75,75,75,75,75,75,75,75,75],"card_choices":[{"not_picked":["Gash","Rebound"],"picked":"Hologram","floor":1},{"not_picked":["Turbo","Ball Lightning"],"picked":"Loop","floor":2},{"not_picked":["Compile Driver","Rebound"],"picked":"Cold Snap","floor":7},{"not_picked":["Genetic Algorithm","Tempest"],"picked":"Cold Snap","floor":8},{"not_picked":["Hologram","Multi-Cast"],"picked":"Conserve Battery","floor":12},{"not_picked":["Reprogram","Go for the Eyes"],"picked":"Compile Driver","floor":13},{"not_picked":["Reboot","Machine Learning"],"picked":"Core Surge","floor":16},{"not_picked":["Tempest","Hologram"],"picked":"Sunder","floor":18},{"not_picked":["Reprogram","Barrage","Tempest"],"picked":"SKIP","floor":20}],"player_experience":2169247,"relics_obtained":[{"floor":7,"key":"Omamori"},{"floor":9,"key":"Ornamental Fan"},{"floor":12,"key":"Pantograph"}],"event_choices":[{"damage_healed":0,"gold_gain":75,"player_choice":"Gather Gold","damage_taken":11,"max_hp_gain":0,"max_hp_loss":0,"event_name":"World of Goop","floor":3,"gold_loss":0},{"damage_healed":0,"gold_gain":0,"player_choice":"Grow","damage_taken":0,"max_hp_gain":0,"max_hp_loss":0,"event_name":"Living Wall","floor":4,"gold_loss":0,"cards_upgraded":["Zap"]},{"damage_healed":18,"gold_gain":0,"player_choice":"Healed","damage_taken":0,"max_hp_gain":0,"max_hp_loss":0,"event_name":"The Cleric","floor":5,"gold_loss":35},{"damage_healed":0,"gold_gain":0,"player_choice":"Ignored","damage_taken":0,"max_hp_gain":0,"max_hp_loss":0,"event_name":"Golden Wing","floor":14,"gold_loss":0},{"damage_healed":0,"gold_gain":0,"player_choice":"Ignored","damage_taken":0,"max_hp_gain":0,"max_hp_loss":0,"event_name":"Ghosts","floor":19,"gold_loss":0},{"damage_healed":0,"gold_gain":0,"player_choice":"Fought Bandits","damage_taken":0,"max_hp_gain":0,"max_hp_loss":0,"event_name":"Masked Bandits","floor":21,"gold_loss":0}],"is_beta":false,"boss_relics":[{"not_picked":["White Beast Statue","Runic Dome"],"picked":"Sozu"}],"items_purged_floors":[],"is_endless":false,"potions_floor_spawned":[7,12,13,16,20],"killed_by":"Masked Bandits","ascension_level":13}