{"gold_per_floor":[113,63,79,254,273,273,273,289,289,289],"floor_reached":10,"playtime":3789,"items_purged":[],"score":90,"play_id":"6e0b16ef-34d7-40e7-9db7-2e0f468742f7","local_time":"20181213162346","is_ascension_mode":true,"campfire_choices":[{"data":"Unload","floor":6.0,"key":"SMITH"}],"neow_cost":"NONE","seed_source_timestamp":0,"circlet_count":0,"master_deck":["AscendersBane","Defend_G","Defend_G","Defend_G","Defend_G","Defend_G","Strike_G","Strike_G","Strike_G","Strike_G","Strike_G","Survivor","Neutralize","Parasite","Normality","Deadly Poison","Crippling Poison","Doubt","Unload+1","Escape Plan"],"special_seed":0,"relics":["Calling Bell","Bag of Marbles","Pear","Thread and Needle","Lantern","Mercury Hourglass"],"potions_floor_usage":[],"damage_taken":[{"damage":0.0,"enemies":"2 Louse","floor":1.0,"turns":2.0},{"damage":6.0,"enemies":"Jaw Worm","floor":3.0,"turns":7.0},{"damage":3.0,"enemies":"Small Slimes","floor":5.0,"turns":5.0},{"damage":0.0,"enemies":"Blue Slaver","floor":8.0,"turns":4.0},{"damage":0,"enemies":"Exordium Thugs","floor":10,"turns":1}],"seed_played":"7175262401491040844","potions_obtained":[{"floor":1.0,"key":"AttackPotion"}],"is_trial":false,"path_per_floor":["M","?","M","?","M","R","T","M","T","M"],"character_chosen":"THE_SILENT","items_purchased":[],"campfire_rested":0,"item_purchase_floors":[],"current_hp_per_floor":[73,73,67,67,64,64,64,64,64,64],"gold":289,"neow_bonus":"BOSS_RELIC","is_prod":false,"is_daily":false,"chose_seed":false,"campfire_upgraded":1,"win_rate":0,"timestamp":1544714626,"path_taken":["M","?","M","?","M","R","?","M","T","M"],"build_version":"2018-12-06","purchased_purges":0,"victory":false,"max_hp_per_floor":[80,80,80,80,80,80,80,80,80,80],"card_choices":[{"not_picked":["Dagger Spray","PiercingWail"],"picked":"Deadly Poison","floor":1.0},{"not_picked":["Dagger Throw","Cloak And Dagger"],"picked":"Crippling Poison","floor":3.0},{"not_picked":["Accuracy","Riddle With Holes"],"picked":"Unload","floor":5.0},{"not_picked":["Prepared","Quick Slash"],"picked":"Escape Plan","floor":8.0}],"player_experience":1878220,"relics_obtained":[{"floor":0.0,"key":"Bag of Marbles"},{"floor":0.0,"key":"Pear"},{"floor":0.0,"key":"Thread and Needle"},{"floor":7.0,"key":"Lantern"},{"floor":9.0,"key":"Mercury Hourglass"}],"event_choices":[{"cards_removed":["Regret"],"damage_healed":0.0,"max_hp_gain":0.0,"max_hp_loss":0.0,"gold_gain":0.0,"event_name":"The Cleric","player_choice":"Card Removal","floor":2.0,"gold_loss":50.0,"damage_taken":0.0},{"damage_healed":0.0,"max_hp_gain":0.0,"max_hp_loss":0.0,"gold_gain":175.0,"event_name":"Liars Game","player_choice":"AGREE","floor":4.0,"gold_loss":0.0,"damage_taken":0.0,"cards_obtained":["Doubt"]}],"is_beta":false,"boss_relics":[],"items_purged_floors":[],"is_endless":false,"potions_floor_spawned":[1],"killed_by":"Exordium Thugs","ascension_level":11}