{"gold_per_floor":[110,126,126,201,214,242,253,253,253,253,1,14,45,10,10,109,109,123,123,23,58,58,87,87,118,118,118,136,163,88,98,98,194,194,213,193,493,203,249,280,292,304,316,328],"floor_reached":44,"playtime":1691,"items_purged":["Clumsy"],"score":782,"play_id":"b263fe2e-06ae-4532-8604-02884c377e24","local_time":"20180814150837","is_ascension_mode":true,"campfire_choices":[{"floor":8,"key":"REST"},{"data":"Rainbow","floor":15,"key":"SMITH"},{"floor":24,"key":"REST"},{"floor":27,"key":"REST"},{"floor":32,"key":"REST"},{"floor":42,"key":"REST"}],"neow_cost":"CURSE","seed_source_timestamp":66464274733914,"circlet_count":0,"master_deck":["Strike_B","Strike_B","Defend_B","Defend_B+1","Defend_B","Zap","Dualcast","Rip and Tear+1","FTL","Ball Lightning","Genetic Algorithm","Leap","Capacitor","Leap+1","Parasite","Conserve Battery","Sunder+1","Electrodynamics","Rainbow+1","Conserve Battery","Seek","Sweeping Beam+1","Ball Lightning","Tempest","Rebound+1","Chaos+1","Double Energy+1","Stack+1","Double Energy+1","Hologram+1","Stack+1","Reboot+1","Steam+1","Steam Power+1","White Noise+1","Redo+1"],"relics":["Cracked Core","Juzu Bracelet","Strawberry","Bottled Lightning","Fusion Hammer","Red Mask","Toxic Egg 2","Bird Faced Urn","War Paint","Prayer Wheel","Symbiotic Virus","Busted Crown","Old Coin","Whetstone","Emotion Chip","MawBank","Question Card"],"potions_floor_usage":[13,13,33,33,37,40,40,40,40,40,44],"damage_taken":[{"damage":0,"enemies":"Small Slimes","floor":1,"turns":2},{"damage":2,"enemies":"Jaw Worm","floor":2,"turns":2},{"damage":4,"enemies":"2 Louse","floor":5,"turns":2},{"damage":27,"enemies":"Gremlin Nob","floor":6,"turns":4},{"damage":9,"enemies":"2 Fungi Beasts","floor":7,"turns":3},{"damage":2,"enemies":"Looter","floor":12,"turns":3},{"damage":14,"enemies":"Lagavulin","floor":13,"turns":5},{"damage":30,"enemies":"The Guardian","floor":16,"turns":9},{"damage":0,"enemies":"Spheric Guardian","floor":18,"turns":3},{"damage":10,"floor":21,"turns":2},{"damage":34,"enemies":"Slavers","floor":23,"turns":4},{"damage":12,"enemies":"Gremlin Leader","floor":25,"turns":6},{"damage":6,"enemies":"2 Thieves","floor":28,"turns":3},{"damage":0,"enemies":"Book of Stabbing","floor":29,"turns":4},{"damage":0,"enemies":"Sentry and Sphere","floor":31,"turns":4},{"damage":74,"enemies":"Automaton","floor":33,"turns":11},{"damage":0,"enemies":"3 Shapes","floor":35,"turns":3},{"damage":0,"floor":37,"turns":3},{"damage":11,"floor":39,"turns":4},{"damage":53,"enemies":"Giant Head","floor":40,"turns":9},{"damage":55,"enemies":"2 Orb Walkers","floor":44,"turns":4}],"seed_played":"6357875937247039330","potions_obtained":[{"floor":2,"key":"GamblersBrew"},{"floor":6,"key":"EssenceOfSteel"},{"floor":12,"key":"AttackPotion"},{"floor":13,"key":"Ancient Potion"},{"floor":19,"key":"Weak Potion"},{"floor":19,"key":"Dexterity Potion"},{"floor":33,"key":"EssenceOfSteel"},{"floor":36,"key":"FocusPotion"},{"floor":39,"key":"Fruit Juice"},{"floor":40,"key":"Weak Potion"}],"is_trial":false,"path_per_floor":["M","M","?","?","M","E","M","R","T","?","$","M","E","?","R","B",null,"M","?","$","?","?","E","R","E","T","R","M","E","?","M","R","B",null,"M","?","?","$","?","E","?","R","T"],"character_chosen":"DEFECT","items_purchased":["Conserve Battery","Sunder","Electrodynamics","Ball Lightning","White Noise+1","EntropicBrew","Whetstone"],"campfire_rested":5,"item_purchase_floors":[11,11,11,20,38,38,38],"current_hp_per_floor":[68,66,59,48,44,17,8,30,37,57,57,55,41,61,61,31,69,69,69,69,59,59,25,49,41,41,65,61,61,61,63,82,12,65,67,67,69,69,62,20,20,46,46,0],"gold":328,"neow_bonus":"TRANSFORM_TWO_CARDS","is_prod":false,"is_daily":false,"chose_seed":false,"campfire_upgraded":1,"win_rate":0,"timestamp":1534252117,"path_taken":["M","M","?","?","M","E","M","R","T","?","$","M","E","?","R","BOSS","M","?","$","?","?","E","R","E","T","R","M","E","?","M","R","BOSS","M","?","?","$","?","E","?","R","T","E"],"build_version":"2018-08-09","purchased_purges":1,"victory":false,"max_hp_per_floor":[75,75,75,75,75,75,75,75,82,82,82,82,82,82,82,82,82,82,82,82,82,82,82,82,82,82,82,82,82,82,82,82,82,82,82,82,82,82,82,87,87,87,87,87],"card_choices":[{"not_picked":["Double Energy","Streamline"],"picked":"Ball Lightning","floor":1},{"not_picked":["Coolheaded","Cold Snap"],"picked":"Genetic Algorithm","floor":2},{"not_picked":["Rebound","Skim"],"picked":"Leap","floor":5},{"not_picked":["Tempest","Hyperbeam"],"picked":"Capacitor","floor":6},{"not_picked":["Cold Snap","Rebound"],"picked":"Leap","floor":7},{"not_picked":["Hologram","Streamline"],"picked":"Rainbow","floor":12},{"not_picked":["Stack","Redo"],"picked":"Conserve Battery","floor":13},{"not_picked":["Multi-Cast","Machine Learning"],"picked":"Seek","floor":16},{"not_picked":["Cold Snap+1","Darkness+1"],"picked":"Sweeping Beam+1","floor":18},{"not_picked":["Doom and Gloom","Force Field"],"picked":"Tempest","floor":21},{"not_picked":["Capacitor","Redo+1"],"picked":"Rebound+1","floor":23},{"not_picked":["Steam Power+1","Tempest+1"],"picked":"Chaos+1","floor":25},{"not_picked":["Storm+1","Scrape+1"],"picked":"Double Energy+1","floor":28},{"not_picked":["Doom and Gloom","Ball Lightning"],"picked":"Stack+1","floor":28},{"not_picked":["Streamline","Coolheaded+1"],"picked":"Double Energy+1","floor":29},{"not_picked":["Recycle+1","Self Repair+1"],"picked":"Hologram+1","floor":31},{"not_picked":["Capacitor","Barrage"],"picked":"Stack+1","floor":31},{"not_picked":["Electrodynamics","Rainbow+1"],"picked":"Reboot+1","floor":33},{"not_picked":[],"picked":"Steam+1","floor":35},{"not_picked":["Sweeping Beam+1"],"picked":"SKIP","floor":35},{"not_picked":[],"picked":"Steam Power+1","floor":37},{"not_picked":[],"picked":"Redo+1","floor":39},{"not_picked":["Force Field+1"],"picked":"SKIP","floor":40}],"player_experience":882142,"relics_obtained":[{"floor":6,"key":"Juzu Bracelet"},{"floor":9,"key":"Strawberry"},{"floor":13,"key":"Bottled Lightning"},{"floor":21,"key":"Red Mask"},{"floor":23,"key":"Bird Faced Urn"},{"floor":25,"key":"War Paint"},{"floor":26,"key":"Prayer Wheel"},{"floor":29,"key":"Symbiotic Virus"},{"floor":37,"key":"Old Coin"},{"floor":39,"key":"Emotion Chip"},{"floor":40,"key":"MawBank"},{"floor":43,"key":"Question Card"}],"event_choices":[{"event_name":"Golden Wing","player_choice":"Card Removal","floor":3,"damage_taken":0},{"event_name":"World of Goop","player_choice":"Gather Gold","floor":4,"damage_taken":0},{"event_name":"Mushrooms","player_choice":"Healed and dodged fight","floor":10,"damage_taken":0},{"event_name":"The Cleric","player_choice":"Healed","floor":14,"damage_taken":0},{"event_name":"The Lab","player_choice":"Got Potions","floor":19,"damage_taken":0},{"event_name":"Masked Bandits","player_choice":"Fought Bandits","floor":21,"damage_taken":0},{"event_name":"Accursed Blacksmith","player_choice":"Rummage","floor":22,"damage_taken":0},{"event_name":"Beggar","player_choice":"Gave Gold","floor":30,"damage_taken":0},{"event_name":"The Woman in Blue","player_choice":"Bought 1 Potion","floor":36,"damage_taken":0},{"event_name":"MindBloom","player_choice":"Fight","floor":37,"damage_taken":0},{"event_name":"Mysterious Sphere","player_choice":"Fight","floor":39,"damage_taken":0},{"event_name":"SecretPortal","player_choice":"Rejected Portal.","floor":41,"damage_taken":0}],"is_beta":false,"boss_relics":[{"not_picked":["White Beast Statue","Philosopher\u0027s Stone"],"picked":"Fusion Hammer"},{"not_picked":["Coffee Dripper","Runic Pyramid"],"picked":"Busted Crown"}],"items_purged_floors":[20],"is_endless":false,"potions_floor_spawned":[2,6,12,13,28,31,33,39,40],"killed_by":"2 Orb Walkers","ascension_level":8}