{"gold_per_floor":[119,134,36,36,50,80,80,92,118,118,130,162,162,182,182,285,285,266,266,19,34,47,47,147,147,171,201,126,126,126,140,140,140],"floor_reached":33,"playtime":1611,"items_purged":["Defend_B","Biased Cognition+1"],"score":275,"play_id":"78bba4ff-0ce7-4132-bade-d230563d072f","local_time":"20190208160732","is_ascension_mode":false,"campfire_choices":[{"data":"Streamline","floor":7.0,"key":"SMITH"},{"data":"Streamline","floor":10.0,"key":"SMITH"},{"data":"Hologram","floor":15.0,"key":"SMITH"},{"data":"Rainbow","floor":23,"key":"SMITH"},{"data":"Zap","floor":25,"key":"SMITH"},{"data":"Scrape","floor":29,"key":"SMITH"},{"data":"Backstab","floor":32,"key":"SMITH"}],"neow_cost":"NONE","seed_source_timestamp":0,"circlet_count":0,"master_deck":["Strike_B","Defend_B","Defend_B","Zap+1","Dualcast","Self Repair","Streamline+1","Coolheaded","Conserve Battery","Streamline+1","Leap","Steam","Scrape+1","Hologram+1","Static Discharge","Rainbow+1","Chill+1","Reinforced Body+1","Gash","Necronomicurse","Dramatic Entrance","Backstab+1","Infernal Blade+1"],"special_seed":0,"relics":["Cracked Core","Ornamental Fan","Smiling Mask","Juzu Bracelet","Bronze Scales","Astrolabe","Necronomicon","PrismaticShard","Incense Burner","Pantograph","Strawberry","Ancient Tea Set","Centennial Puzzle"],"potions_floor_usage":[18,22,33,33],"damage_taken":[{"damage":6.0,"enemies":"Cultist","floor":1.0,"turns":3.0},{"damage":6.0,"enemies":"2 Louse","floor":2.0,"turns":2.0},{"damage":0.0,"enemies":"Small Slimes","floor":5.0,"turns":3.0},{"damage":25.0,"enemies":"3 Sentries","floor":6.0,"turns":8.0},{"damage":12.0,"enemies":"Blue Slaver","floor":8.0,"turns":3.0},{"damage":14.0,"enemies":"Large Slime","floor":11.0,"turns":5.0},{"damage":7.0,"enemies":"Lagavulin","floor":12.0,"turns":5.0},{"damage":1.0,"enemies":"Gremlin Gang","floor":14.0,"turns":3.0},{"damage":14.0,"enemies":"Hexaghost","floor":16.0,"turns":9.0},{"damage":11,"enemies":"2 Thieves","floor":18,"turns":4},{"damage":0,"enemies":"Chosen","floor":21,"turns":2},{"damage":0,"enemies":"Centurion and Healer","floor":22,"turns":4},{"damage":11,"enemies":"Colosseum Slavers","floor":24,"turns":4},{"damage":16,"enemies":"Colosseum Nobs","floor":24,"turns":4},{"damage":7,"enemies":"Gremlin Leader","floor":27,"turns":5},{"damage":17,"enemies":"Snecko","floor":31,"turns":4},{"damage":59,"enemies":"Collector","floor":33,"turns":7}],"seed_played":"-1383213355704409831","potions_obtained":[{"floor":8.0,"key":"LiquidBronze"},{"floor":11.0,"key":"Weak Potion"},{"floor":12.0,"key":"Regen Potion"},{"floor":16.0,"key":"FocusPotion"},{"floor":18,"key":"Swift Potion"},{"floor":27,"key":"PowerPotion"}],"is_trial":false,"path_per_floor":["M","M","$","T","M","E","R","M","T","R","M","E","?","M","R","B",null,"M","?","$","M","M","R","?","R","T","E","?","R","T","M","R","B"],"character_chosen":"DEFECT","items_purchased":["Coolheaded","PrismaticShard"],"campfire_rested":0,"item_purchase_floors":[3,20],"current_hp_per_floor":[75,69,69,69,75,57,57,52,52,52,45,45,45,51,51,44,75,69,53,53,53,60,60,40,40,47,47,47,47,47,30,30,0],"gold":140,"neow_bonus":"TRANSFORM_CARD","is_prod":false,"is_daily":false,"chose_seed":false,"campfire_upgraded":7,"win_rate":0,"timestamp":1549670852,"path_taken":["M","M","$","?","M","E","R","M","T","R","M","E","?","M","R","BOSS","M","?","$","M","M","R","?","R","T","E","?","R","?","M","R","BOSS"],"build_version":"2019-01-23","purchased_purges":2,"victory":false,"max_hp_per_floor":[75,75,75,75,75,75,75,75,75,75,75,75,75,75,75,75,75,75,75,75,75,75,75,75,75,82,82,82,82,82,82,82,82],"card_choices":[{"not_picked":["Beam Cell","Redo"],"picked":"Streamline","floor":1.0},{"not_picked":["Redo","Beam Cell"],"picked":"Aggregate","floor":2.0},{"not_picked":["Leap","Barrage"],"picked":"Conserve Battery","floor":5.0},{"not_picked":["Steam","Hello World"],"picked":"Streamline","floor":6.0},{"not_picked":["Stack","Consume"],"picked":"Leap","floor":8.0},{"not_picked":["Leap","Ball Lightning"],"picked":"Steam","floor":11.0},{"not_picked":["Loop","Doom and Gloom"],"picked":"Scrape","floor":12.0},{"not_picked":["Leap","Double Energy","Cold Snap"],"picked":"SKIP","floor":14.0},{"not_picked":["Meteor Strike","Thunder Strike"],"picked":"Rainbow","floor":16.0},{"not_picked":["Conserve Battery","Steam"],"picked":"Gash","floor":18},{"not_picked":["Thunderclap","Burning Pact"],"picked":"Dramatic Entrance","floor":21},{"not_picked":["Dropkick+1","Rebound"],"picked":"Backstab","floor":22},{"not_picked":["Discovery+1","Bane+1"],"picked":"Infernal Blade+1","floor":24},{"not_picked":["Flex+1","Conserve Battery","Cloak And Dagger"],"picked":"SKIP","floor":27},{"not_picked":["Sadistic Nature","Poisoned Stab","Clothesline"],"picked":"SKIP","floor":31}],"player_experience":130661,"relics_obtained":[{"floor":4.0,"key":"Ornamental Fan"},{"floor":6.0,"key":"Smiling Mask"},{"floor":9.0,"key":"Juzu Bracelet"},{"floor":12.0,"key":"Bronze Scales"},{"floor":19,"key":"Necronomicon"},{"floor":24,"key":"Incense Burner"},{"floor":24,"key":"Pantograph"},{"floor":26,"key":"Strawberry"},{"floor":27,"key":"Ancient Tea Set"},{"floor":30,"key":"Centennial Puzzle"}],"event_choices":[{"damage_healed":0.0,"max_hp_gain":0.0,"max_hp_loss":0.0,"gold_gain":0.0,"event_name":"Match and Keep!","player_choice":"2 cards matched","floor":13.0,"gold_loss":0.0,"damage_taken":0.0,"cards_obtained":["Hologram","Static Discharge"]},{"damage_healed":0,"gold_gain":0,"player_choice":"Obtained Book","damage_taken":16,"max_hp_gain":0,"max_hp_loss":0,"event_name":"Cursed Tome","floor":19,"gold_loss":0},{"damage_healed":0,"gold_gain":0,"player_choice":"Fight","damage_taken":0,"max_hp_gain":0,"max_hp_loss":0,"event_name":"Colosseum","floor":24,"gold_loss":0},{"damage_healed":0,"gold_gain":0,"player_choice":"Fought Nobs","damage_taken":0,"max_hp_gain":0,"max_hp_loss":0,"event_name":"Colosseum","floor":24,"gold_loss":0},{"cards_removed":["Aggregate"],"damage_healed":0,"gold_gain":0,"player_choice":"Gave Gold","damage_taken":0,"max_hp_gain":0,"max_hp_loss":0,"event_name":"Beggar","floor":28,"gold_loss":75}],"is_beta":false,"boss_relics":[{"not_picked":["Sozu","Orrery"],"picked":"Astrolabe"}],"items_purged_floors":[3,20],"is_endless":false,"potions_floor_spawned":[8,11,12,16,18,27,31],"killed_by":"Collector","ascension_level":0}