{"path_per_floor":["M","M","?","M","?","R","E","R","T","M","M","R","M","M","R","B",null,"M","M","?","M","?","R","E","R","T","E","R","M","R","M","R","B",null,"M","?","M","?","?","R","$","$","T","R","E","M","R","M","R"],"character_chosen":"DEFECT","items_purchased":["Orichalcum","Dexterity Potion"],"gold_per_floor":[113,124,124,142,142,142,173,173,220,240,258,258,274,287,287,391,391,391,391,391,391,306,306,306,306,306,306,306,306,306,306,306,306,306,306,306,306,306,306,306,30,30,30,30,30,30,30,30,30,30],"floor_reached":50,"campfire_rested":5,"playtime":3353,"item_purchase_floors":[41,41],"current_hp_per_floor":[71,63,48,47,72,72,63,63,63,62,62,62,58,58,58,46,75,67,67,67,24,24,46,29,51,51,20,42,39,61,47,47,8,80,67,76,68,92,82,82,82,82,82,82,29,29,57,60,60,0],"items_purged":["Writhe"],"gold":30,"score":664,"play_id":"6a6f9169-4446-43b4-abc3-856c09f4c49a","local_time":"20180618142658","is_prod":false,"is_daily":false,"chose_seed":false,"is_ascension_mode":true,"campfire_upgraded":8,"win_rate":0,"timestamp":1529324818,"campfire_choices":[{"data":"Zap","floor":6,"key":"SMITH"},{"data":"Thunder Strike","floor":8,"key":"SMITH"},{"data":"Redo","floor":12,"key":"SMITH"},{"data":"Auto Shields","floor":15,"key":"SMITH"},{"floor":23,"key":"REST"},{"floor":25,"key":"REST"},{"floor":28,"key":"REST"},{"floor":30,"key":"REST"},{"data":"Zap","floor":32,"key":"SMITH"},{"data":"Magnetism","floor":40,"key":"SMITH"},{"data":"Thinking Ahead","floor":44,"key":"SMITH"},{"floor":47,"key":"REST"},{"data":"Capacitor","floor":49,"key":"SMITH"}],"path_taken":["M","M","?","M","?","R","E","R","T","M","M","R","M","M","R","BOSS","M","M","?","M","?","R","E","R","T","E","R","?","R","M","R","BOSS","M","?","?","?","?","R","?","$","T","R","E","?","R","M","R","BOSS"],"build_version":"2018-06-14v2","seed_source_timestamp":417217182507835,"purchased_purges":1,"victory":false,"master_deck":["Strike_B","Strike_B+1","Strike_B","Strike_B+1","Defend_B","Defend_B","Defend_B","Defend_B","Zap+1","Dualcast+1","Coolheaded","Beam Cell+1","Chill","Thunder Strike+1","Auto Shields+1","Redo+1","Chill","Cold Snap","All For One","Static Discharge+1","Ball Lightning+1","Zap+1","Flash of Steel","Loop+1","Self Repair","BootSequence","Capacitor+1","Blizzard","Hologram","Leap","Conserve Battery","Reboot","Steam","Skim+1","Go for the Eyes+1","Magnetism+1","Thinking Ahead+1","Master of Strategy","Conserve Battery+1","Conserve Battery+1"],"max_hp_per_floor":[75,75,75,75,75,75,75,75,75,75,75,75,75,75,75,75,75,75,75,75,75,75,75,75,75,75,75,75,75,75,75,75,75,80,80,94,94,94,94,94,94,94,94,94,94,94,94,94,94,94],"relics":["Cracked Core","Pen Nib","Bag of Preparation","Ectoplasm","Oddly Smooth Stone","Dream Catcher","Whetstone","Blue Candle","Tiny House","Mango","Orichalcum","Vajra","Pantograph"],"card_choices":[{"not_picked":["Go for the Eyes","Stack"],"picked":"Coolheaded","floor":1},{"not_picked":["Scrape","Hologram"],"picked":"Beam Cell","floor":2},{"not_picked":["Rebound","Coolheaded"],"picked":"Chill","floor":4},{"not_picked":["Stack","Creative AI"],"picked":"Thunder Strike","floor":7},{"not_picked":["Recycle","Beam Cell"],"picked":"Auto Shields","floor":10},{"not_picked":["Compile Driver","Hologram"],"picked":"Redo","floor":11},{"not_picked":["Aggregate","Force Field"],"picked":"Chill","floor":13},{"not_picked":["Compile Driver","Barrage"],"picked":"Cold Snap","floor":14},{"not_picked":["Hyperbeam","Meteor Strike"],"picked":"All For One","floor":16},{"not_picked":["Conserve Battery","Beam Cell"],"picked":"Static Discharge+1","floor":18},{"not_picked":["Redo","Loop"],"picked":"Ball Lightning","floor":19},{"not_picked":["Compile Driver+1","Steam"],"picked":"Loop+1","floor":21},{"not_picked":["Turbo","Go for the Eyes"],"picked":"Self Repair","floor":24},{"not_picked":["Turbo","Ball Lightning"],"picked":"BootSequence","floor":25},{"not_picked":["Stack","Consume"],"picked":"Capacitor","floor":27},{"not_picked":["Streamline","Sweeping Beam"],"picked":"Blizzard","floor":28},{"not_picked":["Multi-Cast","Beam Cell"],"picked":"Hologram","floor":29},{"not_picked":["Melter","BootSequence"],"picked":"Leap","floor":30},{"not_picked":["Coolheaded","Turbo"],"picked":"Conserve Battery","floor":31},{"not_picked":["Amplify","Biased Cognition"],"picked":"Reboot","floor":33},{"not_picked":["Barrage","Coolheaded"],"picked":"Steam","floor":34},{"not_picked":["Rebound","Doom and Gloom"],"picked":"Skim+1","floor":35},{"not_picked":["Turbo","Beam Cell"],"picked":"Go for the Eyes+1","floor":37},{"not_picked":["Jack Of All Trades","Trip"],"picked":"Magnetism","floor":39},{"not_picked":["Jack Of All Trades","Bandage Up"],"picked":"Thinking Ahead","floor":39},{"not_picked":["Panacea","Good Instincts"],"picked":"Master of Strategy","floor":39},{"not_picked":["Steam+1","Cold Snap+1"],"picked":"Conserve Battery+1","floor":45},{"not_picked":["Sweeping Beam","Steam","Barrage"],"picked":"SKIP","floor":46},{"not_picked":["Streamline","Beam Cell"],"picked":"Conserve Battery+1","floor":48}],"player_experience":712817,"potions_floor_usage":[7,10,13,18,24,24,31,36,36,45,50],"damage_taken":[{"damage":4,"enemies":"Jaw Worm","floor":1,"turns":5},{"damage":8,"enemies":"Small Slimes","floor":2,"turns":3},{"damage":1,"enemies":"Cultist","floor":4,"turns":3},{"damage":9,"enemies":"Lagavulin","floor":7,"turns":7},{"damage":1,"enemies":"Exordium Thugs","floor":10,"turns":5},{"damage":0,"enemies":"Looter","floor":11,"turns":3},{"damage":4,"enemies":"Exordium Wildlife","floor":13,"turns":4},{"damage":0,"enemies":"2 Fungi Beasts","floor":14,"turns":3},{"damage":12,"enemies":"The Guardian","floor":16,"turns":10},{"damage":8,"enemies":"Chosen","floor":18,"turns":4},{"damage":0,"enemies":"Spheric Guardian","floor":19,"turns":4},{"damage":43,"enemies":"Snecko","floor":21,"turns":5},{"damage":26,"enemies":"Gremlin Leader","floor":24,"turns":4},{"damage":31,"enemies":"Book of Stabbing","floor":27,"turns":4},{"damage":10,"enemies":"3 Cultists","floor":29,"turns":5},{"damage":21,"enemies":"Snake Plant","floor":31,"turns":3},{"damage":46,"enemies":"Collector","floor":33,"turns":7},{"damage":20,"enemies":"3 Darklings","floor":35,"turns":3},{"damage":12,"floor":36,"turns":4},{"damage":8,"enemies":"3 Shapes","floor":37,"turns":3},{"damage":60,"enemies":"2 Orb Walkers","floor":45,"turns":4},{"damage":7,"enemies":"3 Darklings","floor":46,"turns":4},{"damage":4,"enemies":"4 Shapes","floor":48,"turns":6},{"damage":97,"enemies":"Donu and Deca","floor":50,"turns":9}],"relics_obtained":[{"floor":7,"key":"Pen Nib"},{"floor":9,"key":"Bag of Preparation"},{"floor":24,"key":"Dream Catcher"},{"floor":26,"key":"Whetstone"},{"floor":27,"key":"Blue Candle"},{"floor":36,"key":"Mango"},{"floor":43,"key":"Vajra"},{"floor":45,"key":"Pantograph"}],"event_choices":[{"event_name":"Shining Light","player_choice":"Entered Light","floor":3,"damage_taken":0},{"event_name":"Big Fish","player_choice":"Banana","floor":5,"damage_taken":0},{"event_name":"Match and Keep!","player_choice":"2 cards matched","floor":20,"damage_taken":0},{"event_name":"Addict","player_choice":"Obtained Relic","floor":22,"damage_taken":0},{"event_name":"MindBloom","player_choice":"Fight","floor":36,"damage_taken":0},{"event_name":"Winding Halls","player_choice":"Writhe","floor":38,"damage_taken":0},{"event_name":"SensoryStone","player_choice":"Memory 3","floor":39,"damage_taken":0}],"boss_relics":[{"not_picked":["Velvet Choker","Lizard Tail"],"picked":"Ectoplasm"},{"not_picked":["Philosopher\u0027s Stone","Sozu"],"picked":"Tiny House"}],"items_purged_floors":[41],"is_endless":false,"potions_floor_spawned":[4,7,10,14,18,21,29,33,45,48],"seed_played":"1437517754164164291","killed_by":"Donu and Deca","ascension_level":4,"potions_obtained":[{"floor":4,"key":"SteroidPotion"},{"floor":7,"key":"Explosive Potion"},{"floor":10,"key":"Energy Potion"},{"floor":14,"key":"FocusPotion"},{"floor":18,"key":"Strength Potion"},{"floor":21,"key":"Regen Potion"},{"floor":29,"key":"Dexterity Potion"},{"floor":33,"key":"Fire Potion"},{"floor":34,"key":"Fire Potion"},{"floor":45,"key":"PowerPotion"},{"floor":48,"key":"SmokeBomb"}],"is_trial":false}