{"gold_per_floor":[113,113,188,207,227,254,270,270,341,354,366,6,6,26,26,131,131,143,143,83,103,26,26,38,38,38,38],"floor_reached":27,"playtime":1005,"items_purged":[],"score":280,"play_id":"6438de57-79c9-45c1-9845-76ac8b5bb9d7","local_time":"20180709133127","is_ascension_mode":true,"campfire_choices":[{"floor":8,"key":"REST"},{"floor":15,"key":"REST"},{"floor":23,"key":"REST"}],"neow_cost":"NONE","seed_source_timestamp":6274320010124,"circlet_count":0,"master_deck":["Strike_B","Defend_B","Defend_B","Defend_B","Defend_B","Zap+1","Dualcast","Conserve Battery","Rebound","Ball Lightning","Consume","Genetic Algorithm","Conserve Battery","Loop","Defragment","Recycle","Fission","Reprogram+1","Hologram+1","Buffer+1","Barrage+1","Darkness+1","Loop+1","White Noise"],"relics":["Nuclear Battery","Gambling Chip","Pantograph","Ice Cream","Astrolabe","Kunai"],"potions_floor_usage":[14,16,16,16,18,24],"damage_taken":[{"damage":6,"enemies":"2 Louse","floor":1,"turns":4},{"damage":2,"enemies":"Small Slimes","floor":4,"turns":4},{"damage":2,"enemies":"Jaw Worm","floor":5,"turns":3},{"damage":12,"enemies":"3 Sentries","floor":6,"turns":6},{"damage":12,"enemies":"Exordium Thugs","floor":7,"turns":4},{"damage":0,"enemies":"Large Slime","floor":10,"turns":4},{"damage":6,"enemies":"2 Fungi Beasts","floor":11,"turns":3},{"damage":13,"enemies":"Red Slaver","floor":14,"turns":5},{"damage":34,"enemies":"Slime Boss","floor":16,"turns":10},{"damage":0,"enemies":"Chosen","floor":18,"turns":6},{"damage":8,"enemies":"2 Thieves","floor":20,"turns":4},{"damage":29,"enemies":"Cultist and Chosen","floor":21,"turns":7},{"damage":6,"enemies":"Snecko","floor":24,"turns":4},{"damage":68,"enemies":"3 Cultists","floor":27,"turns":6}],"seed_played":"-4532141451688924701","potions_obtained":[{"floor":4,"key":"FearPotion"},{"floor":6,"key":"Strength Potion"},{"floor":7,"key":"SkillPotion"},{"floor":10,"key":"Regen Potion"},{"floor":14,"key":"Fruit Juice"},{"floor":16,"key":"Poison Potion"},{"floor":24,"key":"Dexterity Potion"}],"is_trial":false,"path_per_floor":["M","?","?","M","M","E","M","R","T","M","M","$","?","M","R","B",null,"M","?","M","M","$","R","M","?","T"],"character_chosen":"DEFECT","items_purchased":["Ice Cream","Defragment","Regen Potion"],"campfire_rested":3,"item_purchase_floors":[12,12,22],"current_hp_per_floor":[62,62,51,49,47,35,23,45,45,45,39,39,32,33,55,46,72,72,72,64,35,35,59,62,62,62,0],"gold":38,"neow_bonus":"BOSS_RELIC","is_prod":false,"is_daily":false,"chose_seed":false,"campfire_upgraded":0,"win_rate":0,"timestamp":1531135887,"path_taken":["M","?","?","M","M","E","?","R","T","M","M","?","?","M","R","BOSS","M","?","M","M","$","R","M","?","T","?"],"build_version":"2018-07-05","purchased_purges":0,"victory":false,"max_hp_per_floor":[75,75,75,75,75,75,75,75,75,75,75,75,75,75,75,80,80,80,80,80,80,80,80,80,80,80,80],"card_choices":[{"not_picked":["Go for the Eyes","Fusion"],"picked":"Conserve Battery","floor":1},{"not_picked":["Skim","Melter"],"picked":"Rebound","floor":4},{"not_picked":["Redo","Hello World"],"picked":"Ball Lightning","floor":5},{"not_picked":["Reprogram","Hologram"],"picked":"Consume","floor":6},{"not_picked":["Fusion","Redo"],"picked":"Genetic Algorithm","floor":7},{"not_picked":["Streamline","Compile Driver"],"picked":"Conserve Battery","floor":10},{"not_picked":["Rip and Tear","Tempest"],"picked":"Loop","floor":11},{"not_picked":["Stack","Steam"],"picked":"Recycle","floor":14},{"not_picked":["Echo Form","All For One"],"picked":"Fission","floor":16},{"not_picked":["Rip and Tear+1","Go for the Eyes"],"picked":"Barrage+1","floor":18},{"not_picked":["Rip and Tear","Stack"],"picked":"Darkness+1","floor":20},{"not_picked":["Coolheaded","Redo"],"picked":"Loop+1","floor":21},{"not_picked":["Steam Power+1","Steam"],"picked":"White Noise","floor":24}],"player_experience":824248,"relics_obtained":[{"floor":6,"key":"Gambling Chip"},{"floor":9,"key":"Pantograph"},{"floor":26,"key":"Kunai"}],"event_choices":[{"event_name":"Living Wall","player_choice":"Grow","floor":2,"damage_taken":0},{"event_name":"World of Goop","player_choice":"Gather Gold","floor":3,"damage_taken":0},{"event_name":"Wheel of Change","player_choice":"Damage","floor":13,"damage_taken":0},{"event_name":"Ghosts","player_choice":"Ignored","floor":19,"damage_taken":0},{"event_name":"Beggar","player_choice":"Ignored","floor":25,"damage_taken":0}],"boss_relics":[{"not_picked":["Busted Crown","Runic Dome"],"picked":"Astrolabe"}],"items_purged_floors":[],"is_endless":false,"potions_floor_spawned":[4,6,7,10,14,16,24],"killed_by":"3 Cultists","ascension_level":6}