{"gold_per_floor":[112,187,187,199,199,48,48,65,89,78,96,96,96,109,109,207,207,222,0,0,0,10,10,29,29,29,29,48,48,48,48,48,48],"floor_reached":33,"playtime":933,"items_purged":["Defend_R"],"score":260,"play_id":"1c482b20-9535-47ae-8198-dc84670f1d91","local_time":"20190220143520","is_ascension_mode":false,"campfire_choices":[{"data":"Bash","floor":7,"key":"SMITH"},{"data":"Dropkick","floor":13,"key":"SMITH"},{"floor":15,"key":"REST"},{"floor":23,"key":"REST"},{"floor":27,"key":"REST"},{"floor":30,"key":"REST"},{"data":"Clash","floor":32,"key":"SMITH"}],"neow_cost":"NONE","seed_source_timestamp":246166250599500,"circlet_count":0,"master_deck":["Strike_R","Strike_R","Strike_R","Strike_R","Defend_R","Defend_R","Defend_R","Bash+1","Dropkick+1","Clash+1","Writhe"],"special_seed":0,"relics":["Burning Blood","Lantern","Strawberry","Eternal Feather","Pantograph","Pear","Ancient Tea Set"],"potions_floor_usage":[16,16,33,33,33,33,33,33],"damage_taken":[{"damage":13.0,"enemies":"Jaw Worm","floor":1.0,"turns":3.0},{"damage":1,"enemies":"2 Louse","floor":4,"turns":4},{"damage":1,"enemies":"Cultist","floor":8,"turns":3},{"damage":10,"enemies":"Exordium Thugs","floor":10,"turns":4},{"damage":18,"enemies":"Exordium Wildlife","floor":11,"turns":6},{"damage":20,"enemies":"Gremlin Gang","floor":14,"turns":4},{"damage":65,"enemies":"The Guardian","floor":16,"turns":14},{"damage":36,"enemies":"Shell Parasite","floor":18,"turns":6},{"damage":15,"enemies":"Chosen","floor":22,"turns":4},{"damage":47,"enemies":"3 Cultists","floor":24,"turns":6},{"damage":72,"enemies":"Shelled Parasite and Fungi","floor":28,"turns":10},{"damage":85,"enemies":"Automaton","floor":33,"turns":8}],"seed_played":"7588251863985139158","potions_obtained":[{"floor":1.0,"key":"GamblersBrew"},{"floor":11,"key":"Poison Potion"},{"floor":16,"key":"EssenceOfSteel"},{"floor":22,"key":"Swift Potion"},{"floor":24,"key":"EntropicBrew"}],"is_trial":false,"path_per_floor":["M","?","?","M","?","$","R","M","T","M","M","$","R","M","R","B",null,"M","?","?","$","M","R","M","T","T","R","M","?","R","$","R","B"],"character_chosen":"IRONCLAD","items_purchased":["Dropkick"],"campfire_rested":4,"item_purchase_floors":[6],"current_hp_per_floor":[73,62,62,67,67,67,67,72,79,75,63,63,63,49,75,16,87,57,57,57,57,48,77,36,36,46,78,12,12,47,47,53,0],"gold":48,"neow_bonus":"RANDOM_COMMON_RELIC","is_prod":false,"is_daily":false,"chose_seed":false,"campfire_upgraded":3,"win_rate":0,"timestamp":1550691320,"path_taken":["M","?","?","M","?","$","R","M","T","?","M","?","R","M","R","BOSS","M","?","?","$","?","R","M","?","T","R","M","?","R","$","R","BOSS"],"build_version":"2019-01-23","purchased_purges":1,"victory":false,"max_hp_per_floor":[80,80,80,80,80,80,80,80,87,87,87,87,87,87,87,87,87,87,87,87,87,87,87,87,87,97,97,97,97,97,97,97,97],"card_choices":[{"not_picked":["Fire Breathing","Ghostly Armor","Armaments"],"picked":"SKIP","floor":1.0},{"not_picked":["Heavy Blade","Pummel","Fire Breathing"],"picked":"SKIP","floor":4},{"not_picked":["Sword Boomerang","Spot Weakness","Fire Breathing"],"picked":"SKIP","floor":8},{"not_picked":["Limit Break","Havoc","Pommel Strike"],"picked":"SKIP","floor":10},{"not_picked":["Corruption","Sever Soul","Shrug It Off"],"picked":"SKIP","floor":11},{"not_picked":["Bloodletting","Heavy Blade","Armaments"],"picked":"SKIP","floor":14},{"not_picked":["Intimidate","Heavy Blade+1","Bloodletting"],"picked":"SKIP","floor":18},{"not_picked":["Headbutt","Second Wind","Armaments+1"],"picked":"SKIP","floor":22},{"not_picked":["Clothesline","True Grit","Combust"],"picked":"SKIP","floor":24},{"not_picked":["Rampage","Blood for Blood"],"picked":"Clash","floor":28}],"player_experience":1250164,"relics_obtained":[{"floor":9,"key":"Strawberry"},{"floor":25,"key":"Pantograph"},{"floor":26,"key":"Pear"}],"event_choices":[{"damage_healed":0.0,"max_hp_gain":0.0,"max_hp_loss":0.0,"gold_gain":75.0,"event_name":"World of Goop","player_choice":"Gather Gold","floor":2.0,"gold_loss":0.0,"damage_taken":11.0},{"cards_removed":["Strike_R"],"damage_healed":0.0,"max_hp_gain":0.0,"max_hp_loss":0.0,"gold_gain":0.0,"event_name":"Living Wall","player_choice":"Forget","floor":3.0,"gold_loss":0.0,"damage_taken":0.0},{"damage_healed":0,"gold_gain":0,"player_choice":"Ignored","damage_taken":0,"max_hp_gain":0,"max_hp_loss":0,"event_name":"Golden Idol","floor":5,"gold_loss":0},{"damage_healed":0,"gold_gain":0,"player_choice":"Paid Fearfully","damage_taken":0,"max_hp_gain":0,"max_hp_loss":0,"event_name":"Masked Bandits","floor":19,"gold_loss":222},{"damage_healed":0,"gold_gain":0,"player_choice":"0 cards matched","damage_taken":0,"max_hp_gain":0,"max_hp_loss":0,"event_name":"Match and Keep!","floor":20,"gold_loss":0,"cards_obtained":[]},{"damage_healed":0,"gold_gain":0,"player_choice":"Opened","damage_taken":0,"relics_obtained":["Ancient Tea Set"],"max_hp_gain":0,"max_hp_loss":0,"event_name":"The Mausoleum","floor":29,"gold_loss":0,"cards_obtained":["Writhe"]}],"is_beta":false,"boss_relics":[{"not_picked":["Runic Cube","Busted Crown"],"picked":"Eternal Feather"}],"items_purged_floors":[6],"is_endless":false,"potions_floor_spawned":[1,11,16,22,24],"killed_by":"Automaton","ascension_level":0}