{"gold_per_floor":[119,136,185,36,55,88,88,105,105,116,130,160,160,170,170,170],"floor_reached":16,"playtime":3303,"items_purged":[],"score":209,"play_id":"ab4fc649-cfe2-48b2-9c56-fdcd59388ed2","local_time":"20181105233756","is_ascension_mode":true,"campfire_choices":[{"data":"Doom and Gloom","floor":7.0,"key":"SMITH"},{"floor":15,"key":"REST"}],"neow_cost":"NONE","seed_source_timestamp":0,"circlet_count":0,"master_deck":["AscendersBane","Strike_B","Strike_B","Strike_B","Strike_B","Defend_B","Defend_B","Defend_B","Defend_B","Zap","Dualcast","Conserve Battery","Defragment","Cold Snap","Doom and Gloom+1","Leap","Rebound+1","Buffer","BootSequence","Capacitor"],"special_seed":0,"relics":["Cracked Core","NeowsBlessing","Oddly Smooth Stone","Pen Nib","Art of War","Molten Egg 2","Symbiotic Virus"],"potions_floor_usage":[],"damage_taken":[{"damage":0.0,"enemies":"Cultist","floor":1.0,"turns":1.0},{"damage":0.0,"enemies":"2 Louse","floor":2.0,"turns":1.0},{"damage":0.0,"enemies":"Jaw Worm","floor":5.0,"turns":1.0},{"damage":16.0,"enemies":"3 Sentries","floor":6.0,"turns":7.0},{"damage":8.0,"enemies":"Blue Slaver","floor":8.0,"turns":3.0},{"damage":2.0,"enemies":"3 Louse","floor":10.0,"turns":3.0},{"damage":17.0,"enemies":"Exordium Thugs","floor":11.0,"turns":5.0},{"damage":0.0,"enemies":"Gremlin Nob","floor":12.0,"turns":3.0},{"damage":0.0,"enemies":"2 Fungi Beasts","floor":14.0,"turns":2.0},{"damage":47,"enemies":"Slime Boss","floor":16,"turns":7}],"seed_played":"2082666344624750819","potions_obtained":[{"floor":2.0,"key":"AttackPotion"},{"floor":6.0,"key":"Energy Potion"},{"floor":8.0,"key":"Dexterity Potion"},{"floor":10.0,"key":"Fire Potion"}],"is_trial":false,"path_per_floor":["M","M","T","$","M","E","R","M","T","M","M","E","$","M","M","R","B"],"character_chosen":"DEFECT","items_purchased":["Pen Nib"],"campfire_rested":1,"item_purchase_floors":[4],"current_hp_per_floor":[68,68,68,68,68,52,52,44,44,42,25,25,25,25,47,0],"gold":170,"neow_bonus":"THREE_ENEMY_KILL","is_prod":false,"is_daily":false,"chose_seed":false,"campfire_upgraded":1,"win_rate":0,"timestamp":1541457476,"path_taken":["M","M","?","$","M","E","R","M","T","?","M","E","$","M","R","BOSS"],"build_version":"2018-11-01","purchased_purges":0,"victory":false,"max_hp_per_floor":[75,75,75,75,75,75,75,75,75,75,75,75,75,75,75,75],"card_choices":[{"not_picked":["Steam","Go for the Eyes"],"picked":"Conserve Battery","floor":1.0},{"not_picked":["Gash","Redo"],"picked":"Defragment","floor":2.0},{"not_picked":["Chaos","Steam Power"],"picked":"Cold Snap","floor":5.0},{"not_picked":["Redo","Leap"],"picked":"Doom and Gloom","floor":6.0},{"not_picked":["Recycle","Rebound"],"picked":"Leap","floor":8.0},{"not_picked":["Go for the Eyes+1","Stack"],"picked":"Rebound+1","floor":10.0},{"not_picked":["Doom and Gloom+1","Beam Cell+1"],"picked":"Buffer","floor":11.0},{"not_picked":["Heatsinks","Redo"],"picked":"BootSequence","floor":12.0},{"not_picked":["Consume","Beam Cell+1"],"picked":"Capacitor","floor":14}],"player_experience":1131140,"relics_obtained":[{"floor":3.0,"key":"Oddly Smooth Stone"},{"floor":6.0,"key":"Art of War"},{"floor":9.0,"key":"Molten Egg 2"},{"floor":12.0,"key":"Symbiotic Virus"}],"event_choices":[],"is_beta":false,"boss_relics":[],"items_purged_floors":[],"is_endless":false,"potions_floor_spawned":[2,6,8,10],"killed_by":"Slime Boss","ascension_level":10}