{"gold_per_floor":[118,118,130,95,112,138,138,148,148,148,148,163,192,209,209,284,284,301,301],"floor_reached":19,"playtime":3096,"items_purged":[],"score":304,"play_id":"67375baf-eaa4-43fa-8d23-76f4c6b1b01a","local_time":"20190220173447","is_ascension_mode":true,"campfire_choices":[{"data":"Footwork","floor":7.0,"key":"SMITH"},{"data":"Blade Dance","floor":11,"key":"SMITH"},{"floor":15,"key":"REST"}],"neow_cost":"NONE","seed_source_timestamp":304402039876955,"circlet_count":0,"master_deck":["AscendersBane","Defend_G","Defend_G","Defend_G","Defend_G","Defend_G","Strike_G","Strike_G","Strike_G","Strike_G","Survivor","Neutralize","Backstab","Footwork+1","Riddle With Holes+1","Cloak And Dagger","Blade Dance+1","Accuracy","Glass Knife","Footwork","A Thousand Cuts","Writhe","Parasite","Pain","After Image"],"special_seed":0,"relics":["Ring of the Snake","NeowsBlessing","Matryoshka","Ancient Tea Set","Bottled Flame","Smiling Mask","Calling Bell","Orichalcum","Darkstone Periapt","Incense Burner"],"potions_floor_usage":[13,13,19,19],"damage_taken":[{"damage":0.0,"enemies":"Small Slimes","floor":1.0,"turns":1.0},{"damage":0.0,"enemies":"Cultist","floor":3.0,"turns":1.0},{"damage":0.0,"enemies":"Jaw Worm","floor":5.0,"turns":1.0},{"damage":6.0,"enemies":"3 Sentries","floor":6.0,"turns":11.0},{"damage":0.0,"enemies":"Looter","floor":8.0,"turns":4.0},{"damage":0,"enemies":"Exordium Wildlife","floor":12,"turns":3},{"damage":20,"enemies":"Gremlin Nob","floor":13,"turns":4},{"damage":22,"enemies":"Gremlin Gang","floor":14,"turns":4},{"damage":29,"enemies":"The Guardian","floor":16,"turns":18},{"damage":2,"enemies":"Chosen","floor":18,"turns":7},{"damage":28,"enemies":"Colosseum Slavers","floor":19,"turns":7},{"damage":22,"enemies":"Colosseum Nobs","floor":19,"turns":4}],"seed_played":"-6684013242388987851","potions_obtained":[{"floor":1.0,"key":"Block Potion"},{"floor":3.0,"key":"Energy Potion"},{"floor":6.0,"key":"PowerPotion"},{"floor":14,"key":"Dexterity Potion"},{"floor":16,"key":"FearPotion"}],"is_trial":false,"path_per_floor":["M","?","M","?","M","E","R","M","T","?","R","M","E","M","R","B",null,"M","?"],"character_chosen":"THE_SILENT","items_purchased":[],"campfire_rested":1,"item_purchase_floors":[],"current_hp_per_floor":[59,59,59,66,66,60,60,60,60,60,60,60,40,18,37,8,52,50,0],"gold":301,"neow_bonus":"THREE_ENEMY_KILL","is_prod":false,"is_daily":false,"chose_seed":false,"campfire_upgraded":2,"win_rate":0,"timestamp":1550680487,"path_taken":["M","?","?","?","M","E","R","M","T","?","R","M","E","M","R","BOSS","M","?"],"build_version":"2019-01-23","purchased_purges":0,"victory":false,"max_hp_per_floor":[66,66,66,66,66,66,66,66,66,66,66,66,66,66,66,66,66,66,66],"card_choices":[{"not_picked":["Bouncing Flask","Heel Hook"],"picked":"Backstab","floor":1.0},{"not_picked":["Underhanded Strike","PiercingWail"],"picked":"Footwork","floor":3.0},{"not_picked":["Dagger Throw","Dodge and Roll"],"picked":"Riddle With Holes","floor":5.0},{"not_picked":["Skewer","Riddle With Holes"],"picked":"Cloak And Dagger","floor":6.0},{"not_picked":["Poisoned Stab","Choke"],"picked":"Blade Dance","floor":8},{"not_picked":["Concentrate","Bane"],"picked":"Accuracy","floor":12},{"not_picked":["Blade Dance","Outmaneuver"],"picked":"Glass Knife","floor":13},{"not_picked":["Blade Dance","Cloak And Dagger"],"picked":"Footwork","floor":14},{"not_picked":["Grand Finale","Storm of Steel"],"picked":"A Thousand Cuts","floor":16},{"not_picked":["Setup","Deflect+1"],"picked":"After Image","floor":18}],"player_experience":2294690,"relics_obtained":[{"floor":6.0,"key":"Matryoshka"},{"floor":9,"key":"Ancient Tea Set"},{"floor":9,"key":"Bottled Flame"},{"floor":13,"key":"Smiling Mask"},{"floor":17,"key":"Orichalcum"},{"floor":17,"key":"Darkstone Periapt"},{"floor":17,"key":"Incense Burner"}],"event_choices":[{"cards_removed":["Strike_G"],"damage_healed":0.0,"max_hp_gain":0.0,"max_hp_loss":0.0,"gold_gain":0.0,"event_name":"Purifier","player_choice":"Purged","floor":2.0,"gold_loss":0.0,"damage_taken":0.0},{"damage_healed":16.0,"max_hp_gain":0.0,"max_hp_loss":0.0,"gold_gain":0.0,"event_name":"The Cleric","player_choice":"Healed","floor":4.0,"gold_loss":35.0,"damage_taken":0.0},{"damage_healed":0,"gold_gain":0,"player_choice":"Grow","damage_taken":0,"max_hp_gain":0,"max_hp_loss":0,"event_name":"Living Wall","floor":10,"gold_loss":0,"cards_upgraded":["Riddle With Holes"]},{"damage_healed":0,"gold_gain":0,"player_choice":"Fight","damage_taken":0,"max_hp_gain":0,"max_hp_loss":0,"event_name":"Colosseum","floor":19,"gold_loss":0},{"damage_healed":0,"gold_gain":0,"player_choice":"Fought Nobs","damage_taken":0,"max_hp_gain":0,"max_hp_loss":0,"event_name":"Colosseum","floor":19,"gold_loss":0}],"is_beta":false,"boss_relics":[{"not_picked":["White Beast Statue","Cursed Key"],"picked":"Calling Bell"}],"items_purged_floors":[],"is_endless":false,"potions_floor_spawned":[1,3,6,14,16,19],"killed_by":"Colosseum Nobs","ascension_level":14}