{"gold_per_floor":[113,123,138,114,126,126,126,138,165,191,204,204,215,246,246,349,349,367,73,73,90,108,108,108,124,124,124,142,142,242,253,253,349,349,359,371,371,371,383,383,410,410,462,462,475,475,575,588,588,588],"floor_reached":51,"playtime":9613,"items_purged":[],"score":848,"play_id":"106d3759-5498-4660-917a-40a3babe266c","local_time":"20190218231643","is_ascension_mode":true,"campfire_choices":[{"data":"Neutralize","floor":7,"key":"SMITH"},{"data":"Sucker Punch","floor":15,"key":"SMITH"},{"data":"Footwork","floor":23,"key":"SMITH"},{"data":"Terror","floor":27,"key":"SMITH"},{"floor":29,"key":"REST"},{"data":"Deflect","floor":32,"key":"SMITH"},{"data":"Madness","floor":40,"key":"SMITH"},{"floor":42,"key":"REST"},{"data":"Madness","floor":44,"key":"SMITH"},{"floor":49,"key":"REST"}],"neow_cost":"PERCENT_DAMAGE","seed_source_timestamp":316349583243100,"circlet_count":0,"master_deck":["Survivor","Neutralize+1","Deflect+1","Backflip","Cloak And Dagger","Deflect","Blur","All Out Attack","Dagger Spray","Footwork","Adrenaline","Sucker Punch+1","Venomology","Dagger Throw+1","Footwork+1","Blur","Poisoned Stab","Terror+1","Acrobatics","Deflect","Dash+1","Die Die Die","Riddle With Holes","Unload","Slice","Grand Finale","Terror","Calculated Gamble","Footwork","Sucker Punch","Skewer","Dagger Spray+1","Madness+1","Madness+1","Well Laid Plans+1","Bandage Up","Dodge and Roll+1"],"relics":["Ring of the Serpent","StoneCalendar","Vajra","Centennial Puzzle","Potion Belt","Bottled Tornado","Paper Crane","FossilizedHelix","Singing Bowl","Pandora\u0027s Box","Dodecahedron","Peace Pipe"],"potions_floor_usage":[10,16,16,22,22,25,28,30,30,30,31,33,33,41,41,41,45,47,48,50,50,50,50,50],"damage_taken":[{"damage":0,"enemies":"Jaw Worm","floor":1,"turns":4},{"damage":2,"enemies":"Cultist","floor":2,"turns":5},{"damage":2,"enemies":"2 Louse","floor":3,"turns":3},{"damage":0,"enemies":"Blue Slaver","floor":5,"turns":5},{"damage":0,"enemies":"2 Fungi Beasts","floor":8,"turns":5},{"damage":4,"enemies":"Lagavulin","floor":10,"turns":7},{"damage":0,"enemies":"3 Louse","floor":11,"turns":4},{"damage":1,"enemies":"Large Slime","floor":13,"turns":6},{"damage":0,"enemies":"3 Sentries","floor":14,"turns":6},{"damage":6,"enemies":"The Guardian","floor":16,"turns":14},{"damage":5,"enemies":"Shell Parasite","floor":18,"turns":7},{"damage":0,"enemies":"Chosen","floor":21,"turns":7},{"damage":6,"enemies":"Shelled Parasite and Fungi","floor":22,"turns":7},{"damage":1,"enemies":"Cultist and Chosen","floor":25,"turns":7},{"damage":27,"enemies":"3 Cultists","floor":28,"turns":7},{"damage":3,"enemies":"Colosseum Slavers","floor":30,"turns":5},{"damage":17,"enemies":"Colosseum Nobs","floor":30,"turns":3},{"damage":1,"enemies":"Snecko","floor":31,"turns":7},{"damage":0,"enemies":"Automaton","floor":33,"turns":18},{"damage":0,"enemies":"Orb Walker","floor":35,"turns":5},{"damage":0,"enemies":"3 Darklings","floor":36,"turns":4},{"damage":0,"enemies":"Maw","floor":39,"turns":8},{"damage":5,"enemies":"Giant Head","floor":41,"turns":11},{"damage":6,"enemies":"Transient","floor":45,"turns":5},{"damage":4,"enemies":"Mind Bloom Boss Battle","floor":47,"turns":6},{"damage":16,"enemies":"3 Darklings","floor":48,"turns":4},{"damage":70,"enemies":"Time Eater","floor":50,"turns":23}],"seed_played":"-793620398571580996","potions_obtained":[{"floor":1,"key":"GamblersBrew"},{"floor":2,"key":"GhostInAJar"},{"floor":5,"key":"FearPotion"},{"floor":11,"key":"Ancient Potion"},{"floor":14,"key":"SteroidPotion"},{"floor":18,"key":"Swift Potion"},{"floor":31,"key":"SpeedPotion"},{"floor":33,"key":"Energy Potion"},{"floor":35,"key":"SneckoOil"},{"floor":39,"key":"EntropicBrew"},{"floor":47,"key":"Energy Potion"},{"floor":48,"key":"FairyPotion"}],"is_trial":false,"path_per_floor":["M","M","M","$","M","?","R","M","T","E","M","?","M","E","R","B",null,"M","$","?","M","M","R","?","M","T","R","M","R","?","M","R","B",null,"M","M","?","?","M","R","E","R","T","R","M","?","?","M","R","B",null],"character_chosen":"THE_SILENT","items_purchased":["Deflect","Footwork","Bottled Tornado"],"campfire_rested":3,"item_purchase_floors":[4,19,19],"current_hp_per_floor":[49,47,45,45,45,70,70,70,70,66,66,66,65,65,65,59,70,65,65,65,65,59,59,59,58,58,58,31,52,34,33,33,48,72,74,74,74,65,65,65,62,76,76,76,72,72,74,62,80,14],"gold":588,"neow_bonus":"ONE_RARE_RELIC","is_prod":false,"is_daily":false,"chose_seed":false,"campfire_upgraded":7,"win_rate":0,"timestamp":1550549803,"path_taken":["M","M","M","$","M","?","R","?","T","E","M","?","M","E","R","BOSS","M","$","?","M","?","R","?","M","T","R","M","R","?","M","R","BOSS","M","M","?","?","M","R","E","R","T","R","M","?","?","M","R","BOSS"],"build_version":"2019-01-23","purchased_purges":0,"victory":true,"max_hp_per_floor":[70,70,70,70,70,70,70,70,70,70,70,70,70,70,70,70,70,70,70,70,70,70,70,70,70,70,70,70,70,72,72,72,72,72,74,74,74,74,74,74,76,76,76,76,78,78,80,80,80,80],"card_choices":[{"not_picked":["Skewer","Bane"],"picked":"Deflect","floor":1},{"not_picked":["Backstab","Infinite Blades"],"picked":"Backflip","floor":2},{"not_picked":["Calculated Gamble","Bouncing Flask"],"picked":"Cloak And Dagger","floor":3},{"not_picked":["Outmaneuver","Expertise"],"picked":"Masterful Stab","floor":5},{"not_picked":["Slice","Sucker Punch"],"picked":"Blur","floor":8},{"not_picked":["Bane","Finisher"],"picked":"All Out Attack","floor":10},{"not_picked":["Concentrate","Backflip"],"picked":"Dagger Spray","floor":11},{"not_picked":["Dagger Spray","Sucker Punch"],"picked":"Adrenaline","floor":13},{"not_picked":["Footwork","Tactician"],"picked":"Sucker Punch","floor":14},{"not_picked":["Night Terror","Doppelganger"],"picked":"Venomology","floor":16},{"not_picked":["Dash","Calculated Gamble+1"],"picked":"Dagger Throw+1","floor":18},{"not_picked":["Riddle With Holes","Bane"],"picked":"Poisoned Stab","floor":21},{"not_picked":["PiercingWail","Dagger Throw"],"picked":"Terror","floor":22},{"not_picked":["Blade Dance","Dagger Spray"],"picked":"Acrobatics","floor":25},{"not_picked":["Accuracy","Poisoned Stab"],"picked":"Deflect","floor":28},{"not_picked":["Masterful Stab","Dagger Throw+1","Acrobatics"],"picked":"Singing Bowl","floor":30},{"not_picked":["Outmaneuver","Venomology"],"picked":"Dash+1","floor":31},{"not_picked":["Phantasmal Killer","A Thousand Cuts"],"picked":"Die Die Die","floor":33},{"not_picked":["All Out Attack","Terror+1","Choke"],"picked":"Singing Bowl","floor":35},{"not_picked":["Dash","Footwork"],"picked":"Dagger Spray+1","floor":36},{"not_picked":["Skewer","Bouncing Flask+1"],"picked":"Well Laid Plans+1","floor":39},{"not_picked":["Cloak And Dagger","Bane+1","Dagger Spray+1"],"picked":"Singing Bowl","floor":41},{"not_picked":["Poisoned Stab","Dagger Throw+1","Outmaneuver+1"],"picked":"Singing Bowl","floor":45},{"not_picked":["Dramatic Entrance","Violence"],"picked":"Bandage Up","floor":46},{"not_picked":["Outmaneuver","Blade Dance","Bane"],"picked":"Singing Bowl","floor":47},{"not_picked":["Terror","Endless Agony"],"picked":"Dodge and Roll+1","floor":48}],"player_experience":250232,"relics_obtained":[{"floor":9,"key":"Vajra"},{"floor":10,"key":"Centennial Puzzle"},{"floor":14,"key":"Potion Belt"},{"floor":26,"key":"Paper Crane"},{"floor":30,"key":"FossilizedHelix"},{"floor":30,"key":"Singing Bowl"},{"floor":41,"key":"Dodecahedron"},{"floor":47,"key":"Peace Pipe"}],"event_choices":[{"cards_removed":["Masterful Stab"],"damage_healed":25,"gold_gain":0,"player_choice":"Offered Uncommon","damage_taken":0,"max_hp_gain":0,"max_hp_loss":0,"event_name":"Bonfire Elementals","floor":6,"gold_loss":0},{"damage_healed":0,"gold_gain":0,"cards_transformed":["Defend_G"],"player_choice":"Transformed","damage_taken":0,"max_hp_gain":0,"max_hp_loss":0,"event_name":"Transmorgrifier","floor":12,"gold_loss":0,"cards_obtained":["Footwork"]},{"damage_healed":0,"gold_gain":0,"player_choice":"Copied","damage_taken":0,"max_hp_gain":0,"max_hp_loss":0,"event_name":"Duplicator","floor":20,"gold_loss":0,"cards_obtained":["Blur"]},{"damage_healed":0,"gold_gain":0,"player_choice":"Ignored","damage_taken":0,"max_hp_gain":0,"max_hp_loss":0,"event_name":"Vampires","floor":24,"gold_loss":0},{"damage_healed":0,"gold_gain":0,"player_choice":"Fight","damage_taken":0,"max_hp_gain":0,"max_hp_loss":0,"event_name":"Colosseum","floor":30,"gold_loss":0},{"damage_healed":0,"gold_gain":0,"player_choice":"Fought Nobs","damage_taken":0,"max_hp_gain":0,"max_hp_loss":0,"event_name":"Colosseum","floor":30,"gold_loss":0},{"damage_healed":0,"gold_gain":0,"player_choice":"Ignored","damage_taken":0,"max_hp_gain":0,"max_hp_loss":0,"event_name":"Tomb of Lord Red Mask","floor":37,"gold_loss":0},{"damage_healed":0,"gold_gain":0,"player_choice":"Embrace Madness","damage_taken":9,"max_hp_gain":0,"max_hp_loss":0,"event_name":"Winding Halls","floor":38,"gold_loss":0,"cards_obtained":["Madness","Madness"]},{"damage_healed":0,"gold_gain":0,"player_choice":"Memory 1","damage_taken":0,"max_hp_gain":0,"max_hp_loss":0,"event_name":"SensoryStone","floor":46,"gold_loss":0},{"damage_healed":0,"gold_gain":0,"player_choice":"Fight","damage_taken":0,"max_hp_gain":0,"max_hp_loss":0,"event_name":"MindBloom","floor":47,"gold_loss":0}],"is_beta":false,"boss_relics":[{"not_picked":["Ectoplasm","Snecko Eye"],"picked":"Ring of the Serpent"},{"not_picked":["Empty Cage","Runic Pyramid"],"picked":"Pandora\u0027s Box"}],"items_purged_floors":[],"is_endless":false,"potions_floor_spawned":[1,2,5,11,14,18,31,33,35,39,47,48],"ascension_level":3}