{"gold_per_floor":[110,110,36,36,54,81,81,2,26,26,38,38,51,76,76,173,173,193,66,66,86,35,69,86,86,86,86,119,139,155,165,165,267,267,283,283,283,183,198,227,227,227],"floor_reached":42,"playtime":4263,"items_purged":["Strike_R","Strike_R"],"score":499,"play_id":"f59ccad6-2391-4c55-aee4-b586c3ec8c0c","local_time":"20190221045356","is_ascension_mode":false,"campfire_choices":[{"floor":7.0,"key":"REST"},{"floor":10.0,"key":"REST"},{"data":"Whirlwind","floor":12.0,"key":"SMITH"},{"floor":15.0,"key":"REST"},{"floor":27.0,"key":"REST"},{"floor":32,"key":"REST"},{"floor":41,"key":"REST"}],"neow_cost":"NONE","seed_source_timestamp":29878323176593,"circlet_count":0,"master_deck":["Strike_R","Strike_R","Strike_R","Defend_R","Defend_R","Defend_R+1","Bash","Double Tap+1","Feel No Pain","Whirlwind+1","Clothesline","Battle Trance","Pommel Strike","Clothesline","Shrug It Off","True Grit+1","Limit Break","Body Slam","Shrug It Off","Shrug It Off","Shrug It Off","Headbutt","Rage+1","Impervious"],"special_seed":0,"relics":["Burning Blood","War Paint","Dream Catcher","Kunai","Fusion Hammer","Blood Vial","Meat on the Bone","PreservedInsect","Mark of Pain","Bag of Preparation","Orichalcum"],"potions_floor_usage":[28,28,28,33,33,33],"damage_taken":[{"damage":13.0,"enemies":"Jaw Worm","floor":1.0,"turns":3.0},{"damage":4.0,"enemies":"2 Louse","floor":5.0,"turns":3.0},{"damage":53.0,"enemies":"3 Sentries","floor":6.0,"turns":8.0},{"damage":0.0,"enemies":"Cultist","floor":11.0,"turns":3.0},{"damage":0.0,"enemies":"Exordium Wildlife","floor":13.0,"turns":3.0},{"damage":22.0,"enemies":"Lagavulin","floor":14.0,"turns":9.0},{"damage":67.0,"enemies":"The Guardian","floor":16.0,"turns":17.0},{"damage":20.0,"enemies":"2 Thieves","floor":18.0,"turns":3.0},{"damage":12.0,"enemies":"3 Byrds","floor":21.0,"turns":5.0},{"damage":28.0,"enemies":"Book of Stabbing","floor":23.0,"turns":7.0},{"damage":27.0,"enemies":"Shelled Parasite and Fungi","floor":24.0,"turns":6.0},{"damage":16,"enemies":"Gremlin Leader","floor":28,"turns":8},{"damage":3,"enemies":"Snecko","floor":29,"turns":5},{"damage":4,"enemies":"3 Cultists","floor":30,"turns":4},{"damage":0,"enemies":"Cultist and Chosen","floor":31,"turns":6},{"damage":69,"enemies":"Automaton","floor":33,"turns":13},{"damage":12,"enemies":"3 Darklings","floor":35,"turns":5},{"damage":1,"enemies":"Orb Walker","floor":39,"turns":3},{"damage":63,"enemies":"Reptomancer","floor":40,"turns":4},{"damage":68,"enemies":"Nemesis","floor":42,"turns":11}],"seed_played":"7375279750544137442","potions_obtained":[{"floor":5.0,"key":"Fruit Juice"},{"floor":11.0,"key":"FearPotion"},{"floor":18.0,"key":"AttackPotion"},{"floor":20.0,"key":"Fire Potion"},{"floor":20.0,"key":"PowerPotion"},{"floor":20.0,"key":"EntropicBrew"},{"floor":28,"key":"AttackPotion"},{"floor":31,"key":"FearPotion"},{"floor":40,"key":"Energy Potion"}],"is_trial":false,"path_per_floor":["M","?","$","?","M","E","R","$","T","R","M","R","M","E","R","B",null,"M","$","?","M","$","E","M","?","T","R","E","M","M","M","R","B",null,"M","T","?","$","M","E","R","E"],"character_chosen":"IRONCLAD","items_purchased":["Whirlwind","Battle Trance","Shrug It Off","Shrug It Off"],"campfire_rested":6,"item_purchase_floors":[3,8,19,22],"current_hp_per_floor":[73,73,73,73,75,33,58,58,58,83,85,85,85,69,85,24,85,71,71,71,65,65,43,24,24,24,49,53,58,62,70,85,34,85,79,79,79,79,85,40,65,0],"gold":227,"neow_bonus":"ONE_RANDOM_RARE_CARD","is_prod":false,"is_daily":false,"chose_seed":false,"campfire_upgraded":1,"win_rate":0.0,"timestamp":1550750036,"path_taken":["M","?","$","?","M","E","R","$","T","R","M","R","?","E","R","BOSS","M","$","?","M","?","E","?","?","T","R","E","M","?","M","R","BOSS","M","?","?","?","M","E","R","E"],"build_version":"2019-01-23","purchased_purges":2,"victory":false,"max_hp_per_floor":[80,80,80,80,80,85,85,85,85,85,85,85,85,85,85,85,85,85,85,85,85,85,85,85,85,85,85,85,85,85,85,85,85,85,85,85,85,85,85,85,85,85],"card_choices":[{"not_picked":["Perfected Strike","Sword Boomerang","Rupture"],"picked":"SKIP","floor":1.0},{"not_picked":["Perfected Strike","Entrench","Twin Strike"],"picked":"SKIP","floor":5.0},{"not_picked":["Rupture","Juggernaut"],"picked":"Clothesline","floor":6.0},{"not_picked":["Cleave","Battle Trance"],"picked":"Pommel Strike","floor":10.0},{"not_picked":["Iron Wave","Flex"],"picked":"Clothesline","floor":11.0},{"not_picked":["Anger","True Grit"],"picked":"Shrug It Off","floor":13.0},{"not_picked":["Armaments","Sever Soul","Warcry"],"picked":"SKIP","floor":14.0},{"not_picked":["Clothesline","Combust"],"picked":"True Grit","floor":15.0},{"not_picked":["Dark Embrace","Barricade"],"picked":"Limit Break","floor":16.0},{"not_picked":["Battle Trance","Combust"],"picked":"Body Slam","floor":18.0},{"not_picked":["Burning Pact","Cleave","Anger+1"],"picked":"SKIP","floor":21.0},{"not_picked":["Bloodletting","Twin Strike"],"picked":"Shrug It Off","floor":23.0},{"not_picked":["Cleave","Second Wind"],"picked":"Headbutt","floor":24.0},{"not_picked":["Shrug It Off","Warcry+1","Pommel Strike"],"picked":"SKIP","floor":28},{"not_picked":["Power Through","Sword Boomerang","Warcry"],"picked":"SKIP","floor":29},{"not_picked":["Thunderclap","Burning Pact"],"picked":"Rage+1","floor":30},{"not_picked":["Thunderclap","Pommel Strike","Iron Wave"],"picked":"SKIP","floor":31},{"not_picked":["Bludgeon","Fiend Fire"],"picked":"Impervious","floor":33},{"not_picked":["Carnage+1","Perfected Strike+1","Clash+1"],"picked":"SKIP","floor":35},{"not_picked":["Anger","Clothesline","Sword Boomerang+1"],"picked":"SKIP","floor":39},{"not_picked":["Anger","Clothesline+1","Iron Wave+1"],"picked":"SKIP","floor":40}],"player_experience":58340,"relics_obtained":[{"floor":6.0,"key":"War Paint"},{"floor":9.0,"key":"Dream Catcher"},{"floor":14.0,"key":"Kunai"},{"floor":23.0,"key":"Blood Vial"},{"floor":26.0,"key":"Meat on the Bone"},{"floor":28,"key":"PreservedInsect"},{"floor":36,"key":"Bag of Preparation"},{"floor":40,"key":"Orichalcum"}],"event_choices":[{"damage_healed":0.0,"max_hp_gain":0.0,"max_hp_loss":0.0,"gold_gain":0.0,"cards_transformed":["Defend_R"],"event_name":"Living Wall","player_choice":"Change","floor":2.0,"gold_loss":0.0,"damage_taken":0.0,"cards_obtained":["Feel No Pain"]},{"damage_healed":0.0,"max_hp_gain":0.0,"max_hp_loss":0.0,"gold_gain":0.0,"event_name":"WeMeetAgain","player_choice":"Ignored","floor":4.0,"gold_loss":0.0,"damage_taken":0.0},{"damage_healed":0.0,"max_hp_gain":0.0,"max_hp_loss":0.0,"gold_gain":0.0,"event_name":"Lab","player_choice":"Got Potions","floor":20.0,"gold_loss":0.0,"damage_taken":0.0},{"damage_healed":0.0,"max_hp_gain":0.0,"max_hp_loss":0.0,"gold_gain":0.0,"event_name":"Accursed Blacksmith","player_choice":"Forge","floor":25.0,"gold_loss":0.0,"damage_taken":0.0,"cards_upgraded":["True Grit"]},{"damage_healed":0,"gold_gain":0,"player_choice":"Ignored","damage_taken":0,"max_hp_gain":0,"max_hp_loss":0,"event_name":"Tomb of Lord Red Mask","floor":37,"gold_loss":0}],"is_beta":false,"boss_relics":[{"not_picked":["Runic Pyramid","White Beast Statue"],"picked":"Fusion Hammer"},{"not_picked":["Eternal Feather","Orrery"],"picked":"Mark of Pain"}],"items_purged_floors":[19,38],"is_endless":false,"potions_floor_spawned":[5,11,18,28,31,40],"killed_by":"Nemesis","ascension_level":0}