{"gold_per_floor":[213,225,241,241,251,251,277,296,296,217,242,242,1,20,20,95,95,112,144,144,47,60,60,60,60,60,80,97,114,149,169,169,243,243,258,258,270,140,152,185,198,420,420,439,439,455,455,472,472,472,472],"floor_reached":51,"playtime":3374,"items_purged":["Strike_G"],"score":1351,"play_id":"1511e9d4-a34d-472a-b34d-3c3bda170af2","local_time":"20190206002658","is_ascension_mode":true,"campfire_choices":[{"data":"Crippling Poison","floor":6.0,"key":"SMITH"},{"floor":12.0,"key":"REST"},{"data":"Noxious Fumes","floor":15.0,"key":"SMITH"},{"floor":23.0,"key":"REST"},{"data":"Ghostly","floor":25.0,"key":"SMITH"},{"data":"Crippling Poison","floor":32.0,"key":"SMITH"},{"floor":45,"key":"RECALL"},{"data":"Strike_G","floor":49,"key":"PURGE"}],"neow_cost":"NONE","seed_source_timestamp":199807481471639,"circlet_count":0,"master_deck":["AscendersBane","Defend_G","Defend_G","Defend_G","Defend_G","Defend_G","Strike_G","Strike_G","Strike_G","Survivor","Neutralize+1","Poisoned Stab","Quick Slash","Crippling Poison+1","Deflect","Deadly Poison","Noxious Fumes+1","Crippling Poison+1","Poisoned Stab+1","Backstab+1","Adrenaline","PiercingWail+1","Concentrate","Dagger Spray+1","PiercingWail","Ghostly+1","Ghostly","Ghostly","Deflect+1","Grand Finale+1","Escape Plan+1","After Image","Leg Sweep+1","Die Die Die+1","Footwork","Backflip"],"special_seed":0,"relics":["Ring of the Snake","Oddly Smooth Stone","Ornamental Fan","Molten Egg 2","OrangePellets","Runic Pyramid","Red Mask","Peace Pipe","Dream Catcher","Fusion Hammer","Bottled Lightning"],"potions_floor_usage":[40,41],"damage_taken":[{"damage":0.0,"enemies":"2 Louse","floor":1.0,"turns":3.0},{"damage":1.0,"enemies":"Cultist","floor":2.0,"turns":4.0},{"damage":3.0,"enemies":"Jaw Worm","floor":3.0,"turns":4.0},{"damage":13.0,"enemies":"3 Louse","floor":5.0,"turns":4.0},{"damage":13.0,"enemies":"Lagavulin","floor":7.0,"turns":7.0},{"damage":0.0,"enemies":"Exordium Wildlife","floor":8.0,"turns":3.0},{"damage":25.0,"enemies":"Gremlin Nob","floor":11.0,"turns":4.0},{"damage":5.0,"enemies":"Red Slaver","floor":14.0,"turns":4.0},{"damage":18.0,"enemies":"Slime Boss","floor":16.0,"turns":9.0},{"damage":17.0,"enemies":"Shell Parasite","floor":18.0,"turns":5.0},{"damage":24.0,"enemies":"Masked Bandits","floor":19.0,"turns":5.0},{"damage":0.0,"enemies":"3 Byrds","floor":22.0,"turns":4.0},{"damage":1.0,"enemies":"Snecko","floor":27.0,"turns":6.0},{"damage":0.0,"enemies":"Snake Plant","floor":28.0,"turns":5.0},{"damage":0.0,"enemies":"Cultist and Chosen","floor":29.0,"turns":6.0},{"damage":5.0,"enemies":"Book of Stabbing","floor":30.0,"turns":6.0},{"damage":0.0,"enemies":"Centurion and Healer","floor":31.0,"turns":7.0},{"damage":11.0,"enemies":"Collector","floor":33.0,"turns":9.0},{"damage":0.0,"enemies":"3 Darklings","floor":35.0,"turns":9.0},{"damage":0,"enemies":"Orb Walker","floor":37,"turns":4},{"damage":0,"enemies":"Writhing Mass","floor":39,"turns":7},{"damage":17,"enemies":"Nemesis","floor":40,"turns":13},{"damage":0,"enemies":"Sphere and 2 Shapes","floor":41,"turns":5},{"damage":0,"enemies":"3 Darklings","floor":44,"turns":3},{"damage":0,"enemies":"4 Shapes","floor":46,"turns":5},{"damage":0,"enemies":"Sphere and 2 Shapes","floor":48,"turns":5},{"damage":24,"enemies":"Time Eater","floor":50,"turns":16},{"damage":3,"enemies":"Donu and Deca","floor":51,"turns":1}],"seed_played":"3504911427673891650","potions_obtained":[{"floor":2.0,"key":"GamblersBrew"},{"floor":5.0,"key":"LiquidBronze"},{"floor":11.0,"key":"Regen Potion"},{"floor":14.0,"key":"Fire Potion"},{"floor":18.0,"key":"SmokeBomb"},{"floor":29.0,"key":"Strength Potion"},{"floor":33.0,"key":"Regen Potion"},{"floor":39,"key":"GamblersBrew"},{"floor":48,"key":"Explosive Potion"}],"is_trial":false,"path_per_floor":["M","M","M","?","M","R","E","M","T","$","E","R","$","M","R","B",null,"M","?","?","$","M","R","?","R","T","M","M","M","E","M","R","B",null,"M","?","M","$","M","E","M","?","T","M","R","M","?","M","R","B","B"],"character_chosen":"THE_SILENT","items_purchased":["Noxious Fumes","OrangePellets","Poisoned Stab+1","Concentrate","Dagger Spray+1","Backflip"],"campfire_rested":2,"item_purchase_floors":[10,13,13,21,21,38],"current_hp_per_floor":[59,58,55,55,42,42,29,29,29,29,4,23,23,32,32,14,53,36,12,12,12,12,31,31,31,31,30,30,30,25,25,25,14,28,28,28,28,28,28,11,26,26,26,26,26,26,26,26,26,2,0],"gold":472,"neow_bonus":"HUNDRED_GOLD","is_prod":false,"is_daily":false,"chose_seed":false,"campfire_upgraded":4,"win_rate":0,"timestamp":1549430818,"path_taken":["M","M","M","?","M","R","E","M","T","?","E","R","$","M","R","BOSS","M","?","?","?","M","R","?","R","T","?","M","M","E","M","R","BOSS","M","?","M","$","M","E","?","?","T","M","R","M","?","M","R","BOSS","BOSS"],"build_version":"2019-01-23","purchased_purges":1,"victory":false,"max_hp_per_floor":[66,66,66,66,66,66,66,66,66,66,66,66,66,66,66,66,66,66,66,66,66,66,66,33,33,33,33,33,33,33,33,33,33,33,33,33,33,33,33,33,33,33,33,33,33,33,33,33,33,33,33],"card_choices":[{"not_picked":["Slice","Sucker Punch"],"picked":"Poisoned Stab","floor":1.0},{"not_picked":["Prepared","Concentrate","Underhanded Strike"],"picked":"SKIP","floor":2.0},{"not_picked":["Terror","Escape Plan"],"picked":"Quick Slash","floor":3.0},{"not_picked":["Venomology","Endless Agony"],"picked":"Crippling Poison","floor":5.0},{"not_picked":["Bane","Acrobatics"],"picked":"Deflect","floor":7.0},{"not_picked":["Outmaneuver","Predator"],"picked":"Deadly Poison","floor":8.0},{"not_picked":["All Out Attack","Choke"],"picked":"Crippling Poison","floor":11.0},{"not_picked":["Skewer+1","Bane+1"],"picked":"Backstab+1","floor":14.0},{"not_picked":["Glass Knife+1","Bullet Time"],"picked":"Adrenaline","floor":16.0},{"not_picked":["Quick Slash+1","Prepared"],"picked":"PiercingWail+1","floor":18.0},{"not_picked":["Slice+1","Storm of Steel"],"picked":"PiercingWail","floor":22.0},{"not_picked":["Reflex","Acrobatics"],"picked":"Deflect+1","floor":27.0},{"not_picked":["Outmaneuver","Underhanded Strike+1","Dagger Throw+1"],"picked":"SKIP","floor":28.0},{"not_picked":["Bouncing Flask","Expertise"],"picked":"Grand Finale+1","floor":29.0},{"not_picked":["Dodge and Roll","Dagger Spray+1"],"picked":"Escape Plan+1","floor":30.0},{"not_picked":["PiercingWail","Slice+1","Blade Dance"],"picked":"SKIP","floor":31.0},{"not_picked":["Envenom","Storm of Steel"],"picked":"After Image","floor":33.0},{"not_picked":["Deflect+1","Quick Slash+1"],"picked":"Leg Sweep+1","floor":35.0},{"not_picked":["Dodge and Roll","Caltrops"],"picked":"Footwork","floor":37},{"not_picked":["Slice+1","Bouncing Flask","Quick Slash+1"],"picked":"SKIP","floor":39},{"not_picked":["Distraction","Quick Slash+1","Blade Dance"],"picked":"SKIP","floor":40},{"not_picked":["Dagger Spray+1","All Out Attack+1","Underhanded Strike+1"],"picked":"SKIP","floor":41},{"not_picked":["Masterful Stab+1","Quick Slash+1","Flechettes+1"],"picked":"SKIP","floor":44},{"not_picked":["Endless Agony+1","Flechettes+1","Sucker Punch+1"],"picked":"SKIP","floor":46},{"not_picked":["Setup","Distraction+1","A Thousand Cuts"],"picked":"SKIP","floor":48}],"player_experience":1139248,"relics_obtained":[{"floor":7.0,"key":"Oddly Smooth Stone"},{"floor":9.0,"key":"Ornamental Fan"},{"floor":11.0,"key":"Molten Egg 2"},{"floor":19.0,"key":"Red Mask"},{"floor":26.0,"key":"Peace Pipe"},{"floor":30.0,"key":"Dream Catcher"},{"floor":40,"key":"Bottled Lightning"}],"event_choices":[{"damage_healed":0.0,"max_hp_gain":0.0,"max_hp_loss":0.0,"gold_gain":0.0,"event_name":"Upgrade Shrine","player_choice":"Upgraded","floor":4.0,"gold_loss":0.0,"damage_taken":0.0,"cards_upgraded":["Neutralize"]},{"damage_healed":0.0,"max_hp_gain":0.0,"max_hp_loss":0.0,"gold_gain":0.0,"event_name":"Masked Bandits","player_choice":"Fought Bandits","floor":19.0,"gold_loss":0.0,"damage_taken":0.0},{"damage_healed":0.0,"max_hp_gain":0.0,"max_hp_loss":0.0,"gold_gain":0.0,"event_name":"Cursed Tome","player_choice":"Ignored","floor":20.0,"gold_loss":0.0,"damage_taken":0.0},{"damage_healed":0.0,"max_hp_gain":0.0,"max_hp_loss":33.0,"gold_gain":0.0,"event_name":"Ghosts","player_choice":"Became a Ghost","floor":24.0,"gold_loss":0.0,"damage_taken":0.0,"cards_obtained":["Ghostly","Ghostly","Ghostly"]},{"damage_healed":0,"gold_gain":0,"player_choice":"1 cards matched","damage_taken":0,"max_hp_gain":0,"max_hp_loss":0,"event_name":"Match and Keep!","floor":36,"gold_loss":0,"cards_obtained":["Die Die Die"]},{"damage_healed":0,"gold_gain":222,"player_choice":"Wore Mask","damage_taken":0,"max_hp_gain":0,"max_hp_loss":0,"event_name":"Tomb of Lord Red Mask","floor":42,"gold_loss":0},{"damage_healed":0,"gold_gain":0,"player_choice":"Memory 1","damage_taken":0,"max_hp_gain":0,"max_hp_loss":0,"event_name":"SensoryStone","floor":47,"gold_loss":0}],"is_beta":false,"boss_relics":[{"not_picked":["White Beast Statue","Black Star"],"picked":"Runic Pyramid"},{"not_picked":["Runic Dome","Velvet Choker"],"picked":"Fusion Hammer"}],"items_purged_floors":[38],"is_endless":false,"potions_floor_spawned":[2,5,11,14,18,19,29,33,37,39,48],"killed_by":"Donu and Deca","ascension_level":20}