{"path_per_floor":["M","?","M","$","M","R","E","R","T","E","T","R","M","E","R","B",null,"M","?","M","M","M","E","$","E","T","M","M","?","M","M","R"],"character_chosen":"IRONCLAD","items_purchased":["Seeing Red","Spot Weakness","Vajra","Dexterity Potion","Energy Potion"],"gold_per_floor":[115,115,128,18,32,32,67,67,67,95,118,118,137,166,166,265,265,284,284,296,313,326,354,34,61,107,127,143,143,160,171,171,171],"floor_reached":33,"campfire_rested":2,"playtime":1659,"current_hp_per_floor":[47,47,50,50,56,84,84,84,84,68,68,68,60,60,60,36,103,103,103,85,75,56,56,56,59,59,32,31,31,25,29,59,0],"items_purged":["Decay"],"gold":171,"score":392,"play_id":"86551c7e-1b4b-4e00-b983-9aef3d087298","local_time":"20180509111909","is_prod":false,"is_daily":false,"chose_seed":false,"is_ascension_mode":true,"campfire_upgraded":3,"timestamp":1525857549,"path_taken":["M","?","M","$","M","R","E","R","T","E","?","R","M","E","R","BOSS","M","?","M","M","?","E","?","E","T","M","M","?","M","M","R","BOSS"],"build_version":"2018-05-03","seed_source_timestamp":0,"purchased_purges":1,"victory":false,"master_deck":["Strike_R","Strike_R","Strike_R","Strike_R","Strike_R","Defend_R","Defend_R","Defend_R","Defend_R","Bash","Perfected Strike+1","Shrug It Off","Seeing Red","Shrug It Off","Impervious","Bloodletting+1","Iron Wave+1","Bludgeon","Armaments+1","Intimidate","Body Slam","Armaments","Flex","Seeing Red","Spot Weakness","Pommel Strike","Clothesline","Flex","Decay","Inflame","Iron Wave"],"max_hp_per_floor":[96,96,96,96,96,96,96,96,96,96,96,96,96,103,103,103,103,103,103,103,103,103,103,103,103,103,103,103,103,103,103,103,103],"relics":["Burning Blood","Mummified Hand","Orichalcum","Ancient Tea Set","Bronze Scales","Strawberry","Runic Dome","Juzu Bracelet","Vajra","Kunai","Bag of Preparation"],"card_choices":[{"not_picked":["Body Slam","Disarm"],"picked":"Perfected Strike","floor":1.0},{"not_picked":["Twin Strike","Havoc"],"picked":"Shrug It Off","floor":3.0},{"not_picked":["Flame Barrier","Heavy Blade"],"picked":"Shrug It Off","floor":5.0},{"not_picked":["Second Wind","Carnage"],"picked":"Impervious","floor":7.0},{"not_picked":["Twin Strike","Anger"],"picked":"Bloodletting","floor":10.0},{"not_picked":["Havoc","Shrug It Off"],"picked":"Iron Wave","floor":13.0},{"not_picked":["Immolate","Fiend Fire"],"picked":"Bludgeon","floor":16.0},{"not_picked":["Flex","Sword Boomerang"],"picked":"Armaments","floor":18.0},{"not_picked":["Rampage","Warcry"],"picked":"Body Slam","floor":20.0},{"not_picked":["True Grit","Sword Boomerang"],"picked":"Armaments","floor":21.0},{"not_picked":["Sentinel","Iron Wave"],"picked":"Flex","floor":22.0},{"not_picked":["Body Slam","Twin Strike"],"picked":"Seeing Red","floor":23.0},{"not_picked":["Berserk","Burning Pact"],"picked":"Pommel Strike","floor":25.0},{"not_picked":["Sentinel","Thunderclap"],"picked":"Clothesline","floor":27},{"not_picked":["Twin Strike","Clash"],"picked":"Flex","floor":28},{"not_picked":["Body Slam","Armaments"],"picked":"Inflame","floor":30},{"not_picked":["Clothesline","Seeing Red"],"picked":"Iron Wave","floor":31}],"player_experience":426189,"potions_floor_usage":[28,30,31],"damage_taken":[{"damage":7.0,"enemies":"Small Slimes","floor":1.0,"turns":4.0},{"damage":3.0,"enemies":"Cultist","floor":3.0,"turns":3.0},{"damage":0.0,"enemies":"2 Louse","floor":5.0,"turns":2.0},{"damage":6.0,"enemies":"3 Sentries","floor":7.0,"turns":6.0},{"damage":37.0,"enemies":"Lagavulin","floor":10.0,"turns":8.0},{"damage":14.0,"enemies":"Exordium Thugs","floor":13.0,"turns":5.0},{"damage":13.0,"enemies":"Gremlin Nob","floor":14.0,"turns":3.0},{"damage":30.0,"enemies":"The Guardian","floor":16.0,"turns":13.0},{"damage":3.0,"enemies":"3 Byrds","floor":18.0,"turns":4.0},{"damage":24.0,"enemies":"2 Thieves","floor":20.0,"turns":4.0},{"damage":16.0,"enemies":"Centurion and Healer","floor":21.0,"turns":7.0},{"damage":25.0,"enemies":"Cultist and Chosen","floor":22.0,"turns":6.0},{"damage":18.0,"enemies":"Book of Stabbing","floor":23.0,"turns":5.0},{"damage":3.0,"enemies":"Slavers","floor":25.0,"turns":4.0},{"damage":33.0,"enemies":"Chosen and Byrds","floor":27.0,"turns":5.0},{"damage":7,"enemies":"Snake Plant","floor":28,"turns":2},{"damage":12,"enemies":"Snecko","floor":30,"turns":4},{"damage":2,"enemies":"Chosen and Byrds","floor":31,"turns":5},{"damage":59,"enemies":"Automaton","floor":33,"turns":6}],"event_choices":[{"event_name":"Wheel of Change","player_choice":"Curse","floor":2.0,"damage_taken":0.0},{"event_name":"The Library","player_choice":"Read","floor":19.0,"damage_taken":0.0},{"event_name":"Forgotten Altar","player_choice":"Smashed Altar","floor":29,"damage_taken":0}],"boss_relics":[],"potions_floor_spawned":[3,5,7,14,16,18,22,23,27,30],"seed_played":"6064706394222050327","killed_by":"Automaton","ascension_level":2,"is_trial":false}