{"gold_per_floor":[19,94,94,111,111,111,111,121,121,121,121,136,150,150,150,150],"floor_reached":16,"playtime":394,"items_purged":[],"score":92,"play_id":"5ce26fc5-1193-478a-8db2-3fff7e7f2abe","local_time":"20190220144309","is_ascension_mode":false,"campfire_choices":[{"data":"Bash","floor":6.0,"key":"SMITH"},{"data":"Pommel Strike","floor":15.0,"key":"SMITH"}],"neow_cost":"NO_GOLD","seed_source_timestamp":247123982193400,"circlet_count":0,"master_deck":["Strike_R","Strike_R","Strike_R","Strike_R","Defend_R","Defend_R","Defend_R","Bash+1","Pommel Strike+1","Brutality","Dropkick"],"special_seed":0,"relics":["Burning Blood","Champion Belt","Boot"],"potions_floor_usage":[16],"damage_taken":[{"damage":1.0,"enemies":"2 Louse","floor":1.0,"turns":3.0},{"damage":4.0,"enemies":"Jaw Worm","floor":4.0,"turns":6.0},{"damage":9.0,"enemies":"Small Slimes","floor":8.0,"turns":4.0},{"damage":12.0,"enemies":"Looter","floor":12.0,"turns":3.0},{"damage":19.0,"enemies":"3 Louse","floor":13.0,"turns":4.0},{"damage":0.0,"enemies":"Blue Slaver","floor":14.0,"turns":1.0},{"damage":78,"enemies":"Hexaghost","floor":16,"turns":11}],"seed_played":"-4059233812342407653","potions_obtained":[{"floor":1.0,"key":"Regen Potion"},{"floor":8.0,"key":"SpeedPotion"},{"floor":12.0,"key":"SmokeBomb"}],"is_trial":false,"path_per_floor":["M","?","?","M","$","R","T","M","T","?","$","M","M","M","R","B"],"character_chosen":"IRONCLAD","items_purchased":[],"campfire_rested":0,"item_purchase_floors":[],"current_hp_per_floor":[80,69,74,76,76,76,76,73,73,73,73,67,54,60,60,0],"gold":150,"neow_bonus":"TRANSFORM_TWO_CARDS","is_prod":false,"is_daily":false,"chose_seed":false,"campfire_upgraded":2,"win_rate":0,"timestamp":1550691789,"path_taken":["M","?","?","M","?","R","?","M","T","?","$","M","?","M","R","BOSS"],"build_version":"2019-01-23","purchased_purges":0,"victory":false,"max_hp_per_floor":[80,80,85,85,85,85,85,85,85,85,85,85,85,85,85,85],"card_choices":[{"not_picked":["Shrug It Off","Iron Wave","Pummel"],"picked":"SKIP","floor":1.0},{"not_picked":["Pommel Strike","Body Slam","Burning Pact"],"picked":"SKIP","floor":4.0},{"not_picked":["Anger","Shrug It Off","Armaments"],"picked":"SKIP","floor":8.0},{"not_picked":["Thunderclap","Clothesline"],"picked":"Dropkick","floor":12.0},{"not_picked":["Entrench","Rampage","Pommel Strike"],"picked":"SKIP","floor":13.0}],"player_experience":1251097,"relics_obtained":[{"floor":7.0,"key":"Champion Belt"},{"floor":9.0,"key":"Boot"}],"event_choices":[{"damage_healed":0.0,"max_hp_gain":0.0,"max_hp_loss":0.0,"gold_gain":75.0,"event_name":"World of Goop","player_choice":"Gather Gold","floor":2.0,"gold_loss":0.0,"damage_taken":11.0},{"damage_healed":0.0,"max_hp_gain":5.0,"max_hp_loss":0.0,"gold_gain":0.0,"event_name":"Big Fish","player_choice":"Donut","floor":3.0,"gold_loss":0.0,"damage_taken":0.0},{"damage_healed":0.0,"max_hp_gain":0.0,"max_hp_loss":0.0,"gold_gain":0.0,"event_name":"Liars Game","player_choice":"Ignored","floor":10.0,"gold_loss":0.0,"damage_taken":0.0}],"is_beta":false,"boss_relics":[],"items_purged_floors":[],"is_endless":false,"potions_floor_spawned":[1,8,12,14],"killed_by":"Hexaghost","ascension_level":0}