{"gold_per_floor":[366,380,380,17,17,50,50,61,112,34,34,48,48,77,77,181,181,195,195,116,131,131,159,159,159,159,177,177,189,201,239,251,263],"floor_reached":33,"playtime":839,"items_purged":[],"score":434,"play_id":"2fcc90fb-49ab-4396-bff0-e3a1a6a7d649","local_time":"20181026001812","is_ascension_mode":true,"campfire_choices":[{"floor":7,"key":"REST"},{"floor":11,"key":"REST"},{"data":"White Noise","floor":13,"key":"SMITH"},{"data":"Zap","floor":15,"key":"SMITH"},{"floor":24,"key":"REST"},{"data":"Amplify","floor":30,"key":"SMITH"},{"data":"Dualcast","floor":32,"key":"SMITH"}],"neow_cost":"CURSE","seed_source_timestamp":1281227628194043,"circlet_count":0,"master_deck":["Strike_B+1","Strike_B+1","Strike_B+1","Strike_B+1","Defend_B+1","Defend_B+1","Defend_B+1","Defend_B+1","Zap+1","Dualcast+1","AscendersBane","Leap","Ball Lightning+1","Storm+1","White Noise+1","Regret","Redo","Conserve Battery","Static Discharge+1","Machine Learning+1","Capacitor+1","Amplify+1","Hologram","Self Repair+1","Cold Snap","Thunder Strike","Ball Lightning","Tempest","Writhe","Conserve Battery"],"relics":["Cracked Core","Frozen Egg 2","Strawberry","DataDisk","Whetstone","Du-Vu Doll","Nuclear Battery","Nilry\u0027s Codex","Regal Pillow","Symbiotic Virus","MawBank","Mercury Hourglass"],"potions_floor_usage":[14,18,23,23,23],"damage_taken":[{"damage":7,"enemies":"Jaw Worm","floor":1,"turns":3},{"damage":9,"enemies":"2 Louse","floor":2,"turns":3},{"damage":34,"enemies":"Lagavulin","floor":6,"turns":5},{"damage":3,"enemies":"Small Slimes","floor":8,"turns":3},{"damage":14,"enemies":"Looter","floor":12,"turns":3},{"damage":14,"enemies":"Gremlin Nob","floor":14,"turns":3},{"damage":20,"enemies":"Hexaghost","floor":16,"turns":7},{"damage":5,"enemies":"3 Byrds","floor":18,"turns":3},{"damage":8,"enemies":"Chosen","floor":21,"turns":4},{"damage":22,"enemies":"Slavers","floor":23,"turns":4},{"damage":16,"enemies":"Snake Plant","floor":27,"turns":1},{"damage":23,"enemies":"Gremlin Leader","floor":31,"turns":3},{"damage":43,"enemies":"Collector","floor":33,"turns":6}],"seed_played":"-2594618144558443358","potions_obtained":[{"floor":2,"key":"Fire Potion"},{"floor":8,"key":"Regen Potion"},{"floor":16,"key":"SkillPotion"},{"floor":18,"key":"Block Potion"},{"floor":21,"key":"SkillPotion"},{"floor":27,"key":"FearPotion"}],"is_trial":false,"path_per_floor":["M","M","?","$","?","E","R","M","T","$","R","M","R","E","R","B",null,"M","?","$","M","$","E","R","?","T","M","?","?","R","E","R"],"character_chosen":"DEFECT","items_purchased":["Frozen Egg 2","Storm+1","White Noise","Static Discharge+1","Self Repair+1"],"campfire_rested":3,"item_purchase_floors":[4,4,4,10,20],"current_hp_per_floor":[61,52,45,45,52,18,42,39,39,39,63,49,49,44,44,24,68,63,47,47,49,49,37,76,76,76,60,60,60,60,47,47,4],"gold":263,"neow_bonus":"TWO_FIFTY_GOLD","is_prod":false,"is_daily":false,"chose_seed":false,"campfire_upgraded":4,"win_rate":0,"timestamp":1540505892,"path_taken":["M","M","?","$","?","E","R","M","T","$","R","M","R","E","R","BOSS","M","?","$","?","$","E","R","?","T","M","?","?","R","E","R","BOSS"],"build_version":"2018-10-18","purchased_purges":0,"victory":false,"max_hp_per_floor":[75,75,75,75,82,82,82,82,82,82,82,82,82,82,82,82,82,82,82,82,82,82,82,82,82,82,82,82,82,82,82,82,82],"card_choices":[{"not_picked":["Steam","BootSequence"],"picked":"Leap","floor":1},{"not_picked":["Leap","Rebound"],"picked":"Ball Lightning","floor":2},{"not_picked":["Scrape","Steam Power"],"picked":"Redo","floor":6},{"not_picked":["Undo","Hologram"],"picked":"Conserve Battery","floor":8},{"not_picked":["Sunder","Gash"],"picked":"Machine Learning+1","floor":12},{"not_picked":["Coolheaded","Reprogram"],"picked":"Capacitor+1","floor":14},{"not_picked":["Fission","Multi-Cast"],"picked":"Amplify","floor":16},{"not_picked":["Scrape","Gash"],"picked":"Hologram","floor":18},{"not_picked":["Compile Driver","Go for the Eyes"],"picked":"Cold Snap","floor":21},{"not_picked":["Meteor Strike","Lockon"],"picked":"Thunder Strike","floor":23},{"not_picked":["Rebound","Go for the Eyes"],"picked":"Tempest","floor":27},{"not_picked":["Self Repair+1","Go for the Eyes+1"],"picked":"Conserve Battery","floor":31}],"player_experience":1110676,"relics_obtained":[{"floor":6,"key":"DataDisk"},{"floor":9,"key":"Whetstone"},{"floor":14,"key":"Du-Vu Doll"},{"floor":19,"key":"Nilry\u0027s Codex"},{"floor":23,"key":"Regal Pillow"},{"floor":26,"key":"Symbiotic Virus"},{"floor":31,"key":"Mercury Hourglass"}],"event_choices":[{"cards_removed":["Normality"],"damage_healed":0,"gold_gain":0,"player_choice":"Card Removal","damage_taken":7,"max_hp_gain":0,"max_hp_loss":0,"event_name":"Golden Wing","floor":3,"gold_loss":0},{"damage_healed":0,"gold_gain":0,"player_choice":"Box","damage_taken":0,"relics_obtained":["Strawberry"],"max_hp_gain":0,"max_hp_loss":0,"event_name":"Big Fish","floor":5,"gold_loss":0,"cards_obtained":["Regret"]},{"damage_healed":0,"gold_gain":0,"player_choice":"Obtained Book","damage_taken":16,"max_hp_gain":0,"max_hp_loss":0,"event_name":"Cursed Tome","floor":19,"gold_loss":0},{"damage_healed":0,"gold_gain":0,"player_choice":"Read","damage_taken":0,"max_hp_gain":0,"max_hp_loss":0,"event_name":"The Library","floor":25,"gold_loss":0,"cards_obtained":["Ball Lightning"]},{"damage_healed":0,"gold_gain":0,"player_choice":"Opened","damage_taken":0,"relics_obtained":["MawBank"],"max_hp_gain":0,"max_hp_loss":0,"event_name":"The Mausoleum","floor":28,"gold_loss":0,"cards_obtained":["Writhe"]},{"damage_healed":0,"gold_gain":0,"player_choice":"Simplicity","damage_taken":0,"max_hp_gain":0,"max_hp_loss":0,"event_name":"Back to Basics","floor":29,"gold_loss":0,"cards_upgraded":["Strike_B","Strike_B","Strike_B","Defend_B","Defend_B","Defend_B","Defend_B"]}],"is_beta":false,"boss_relics":[{"not_picked":["Astrolabe","Black Star"],"picked":"Nuclear Battery"}],"items_purged_floors":[],"is_endless":false,"potions_floor_spawned":[2,8,16,18,21,27],"killed_by":"Collector","ascension_level":10}