{"path_per_floor":["M","M","$","M","?","R","E","R","T","R","M","M","R","?","R","B",null,"M","M","?","$","?","E","R"],"character_chosen":"THE_SILENT","items_purchased":["Noxious Fumes","Poison Potion","Sadistic Nature","Block Potion"],"gold_per_floor":[115,129,1,18,18,18,46,46,119,119,136,147,147,147,147,244,244,262,273,273,40,40,66,66,66],"floor_reached":25,"campfire_rested":1,"playtime":941,"current_hp_per_floor":[70,70,70,63,56,56,52,52,52,52,52,52,52,52,52,42,70,58,58,45,45,45,31,55,0],"items_purged":[],"gold":66,"score":252,"play_id":"4f170e15-a0a4-4d0a-b1a4-8362d2ff84c4","local_time":"20180510123251","is_prod":false,"is_daily":false,"chose_seed":false,"is_ascension_mode":true,"campfire_upgraded":5,"timestamp":1525948371,"path_taken":["M","?","?","M","?","R","E","R","T","R","M","M","R","?","R","BOSS","M","M","?","$","?","E","R","E"],"build_version":"2018-05-03","seed_source_timestamp":9782621380128,"purchased_purges":0,"victory":false,"master_deck":["Defend_G","Defend_G","Defend_G","Defend_G","Defend_G","Strike_G","Strike_G","Strike_G","Strike_G","Survivor+1","Neutralize","Poisoned Stab+1","Catalyst+1","Noxious Fumes+1","Bane","Bullet Time+1","Dagger Spray","Burst","Deadly Poison+1","Sadistic Nature","Deadly Poison"],"max_hp_per_floor":[70,70,70,70,70,70,70,70,70,70,70,70,70,70,70,70,70,70,70,75,75,75,82,82,82],"relics":["Ring of the Snake","Anchor","Prayer Wheel","Mercury Hourglass","Ninja Scroll","Black Star","Strawberry","Oddly Smooth Stone"],"card_choices":[{"not_picked":["Deflect","Slice"],"picked":"Poisoned Stab","floor":1.0},{"not_picked":["Dagger Throw","Quick Slash"],"picked":"Catalyst","floor":2.0},{"not_picked":["Concentrate","Slice"],"picked":"Bane","floor":4.0},{"not_picked":["Accuracy","Dagger Throw"],"picked":"Bullet Time","floor":7.0},{"not_picked":["Sucker Punch","Flechettes"],"picked":"Dagger Spray","floor":11.0},{"not_picked":["Storm of Steel","A Thousand Cuts"],"picked":"Burst","floor":16.0},{"not_picked":["Deflect","Outmaneuver"],"picked":"Deadly Poison","floor":18.0},{"not_picked":["Dagger Throw","Bane"],"picked":"Deadly Poison","floor":23.0}],"player_experience":441583,"potions_floor_usage":[],"damage_taken":[{"damage":0.0,"enemies":"Cultist","floor":1.0,"turns":3.0},{"damage":0.0,"enemies":"Jaw Worm","floor":2.0,"turns":3.0},{"damage":7.0,"enemies":"2 Louse","floor":4.0,"turns":3.0},{"damage":4.0,"enemies":"Gremlin Nob","floor":7.0,"turns":3.0},{"damage":0.0,"enemies":"Large Slime","floor":11.0,"turns":3.0},{"damage":0.0,"enemies":"Blue Slaver","floor":12.0,"turns":2.0},{"damage":10.0,"enemies":"The Guardian","floor":16.0,"turns":8.0},{"damage":12.0,"enemies":"Shell Parasite","floor":18.0,"turns":5.0},{"damage":0.0,"enemies":"3 Byrds","floor":19.0,"turns":3.0},{"damage":21.0,"enemies":"Slavers","floor":23.0,"turns":5.0},{"damage":59,"enemies":"Book of Stabbing","floor":25,"turns":5}],"event_choices":[{"event_name":"Scrap Ooze","player_choice":"success","floor":5.0,"damage_taken":7.0},{"event_name":"Living Wall","player_choice":"Forget","floor":14.0,"damage_taken":0.0},{"event_name":"Forgotten Altar","player_choice":"Shed Blood","floor":20.0,"damage_taken":0.0},{"event_name":"Accursed Blacksmith","player_choice":"Forge","floor":22.0,"damage_taken":0.0}],"boss_relics":[],"potions_floor_spawned":[4,7,11],"seed_played":"3187539983774384230","killed_by":"Book of Stabbing","ascension_level":3,"is_trial":false}