{"gold_per_floor":[109,123,123,123,20,20,55,55,82,93,93,120,132,57,57,134,134,153,167,167,184,184,211,211,231,231,250,264,23,38,67,67,67],"floor_reached":33,"playtime":1030,"items_purged":["Strike_R"],"score":644,"play_id":"7a75de1f-f20d-4590-b74a-032fdc2dd6aa","local_time":"20181215141129","is_ascension_mode":true,"campfire_choices":[{"data":"Inflame","floor":6.0,"key":"SMITH"},{"data":"Havoc","floor":8.0,"key":"SMITH"},{"data":"Clothesline","floor":11.0,"key":"SMITH"},{"data":"Pommel Strike","floor":15.0,"key":"SMITH"},{"floor":24.0,"key":"REST"},{"floor":32.0,"key":"REST"}],"neow_cost":"NONE","seed_source_timestamp":488537375956374,"circlet_count":0,"master_deck":["AscendersBane","Strike_R","Strike_R","Strike_R","Defend_R","Defend_R","Defend_R","Defend_R+1","Bash+1","Anger","Sword Boomerang","Inflame+1","Pommel Strike+1","Havoc+1","Clothesline+1","Iron Wave","Power Through","Limit Break","Ghostly Armor","Carnage+1","Combust","Spot Weakness","Inflame","Disarm","Disarm","Demon Form","Anger","Headbutt","Shrug It Off+1","Flame Barrier"],"special_seed":0,"relics":["Burning Blood","NeowsBlessing","Centennial Puzzle","Red Skull","Omamori","Sozu","Ornamental Fan","Question Card","Shuriken","Regal Pillow","Kunai"],"potions_floor_usage":[],"damage_taken":[{"damage":0.0,"enemies":"2 Louse","floor":1.0,"turns":1.0},{"damage":0.0,"enemies":"Cultist","floor":2.0,"turns":1.0},{"damage":0.0,"enemies":"Lagavulin","floor":7.0,"turns":1.0},{"damage":1.0,"enemies":"Small Slimes","floor":10.0,"turns":3.0},{"damage":7.0,"enemies":"Gremlin Nob","floor":12.0,"turns":3.0},{"damage":3.0,"enemies":"Exordium Thugs","floor":13.0,"turns":2.0},{"damage":41.0,"enemies":"The Guardian","floor":16.0,"turns":9.0},{"damage":10.0,"enemies":"Shell Parasite","floor":18.0,"turns":3.0},{"damage":15.0,"enemies":"2 Thieves","floor":19.0,"turns":4.0},{"damage":4.0,"enemies":"Snecko","floor":21.0,"turns":5.0},{"damage":30.0,"enemies":"Book of Stabbing","floor":23.0,"turns":4.0},{"damage":13.0,"enemies":"Centurion and Healer","floor":25.0,"turns":4.0},{"damage":20.0,"enemies":"Cultist and Chosen","floor":27.0,"turns":6.0},{"damage":8.0,"enemies":"Snake Plant","floor":28.0,"turns":3.0},{"damage":0.0,"enemies":"Centurion and Healer","floor":30.0,"turns":5.0},{"damage":17.0,"enemies":"Slavers","floor":31.0,"turns":4.0},{"damage":76,"enemies":"Automaton","floor":33,"turns":6}],"seed_played":"-6268300914732154766","potions_obtained":[{"floor":4.0,"key":"Explosive Potion"},{"floor":4.0,"key":"Weak Potion"},{"floor":7.0,"key":"Block Potion"}],"is_trial":false,"path_per_floor":["M","M","?","?","$","R","E","R","T","M","R","E","M","$","R","B",null,"M","M","T","M","?","E","R","M","T","M","M","$","M","E","R","B"],"character_chosen":"IRONCLAD","items_purchased":["Inflame","Pommel Strike","Anger","Headbutt","Regal Pillow"],"campfire_rested":2,"item_purchase_floors":[5,5,29,29,29],"current_hp_per_floor":[74,75,52,52,52,52,58,58,58,63,63,62,65,65,65,30,64,60,51,51,53,53,29,51,44,44,30,28,28,34,23,60,0],"gold":67,"neow_bonus":"THREE_ENEMY_KILL","is_prod":false,"is_daily":false,"chose_seed":false,"campfire_upgraded":4,"win_rate":0,"timestamp":1544901089,"path_taken":["M","M","?","?","$","R","E","R","T","M","R","E","M","$","R","BOSS","M","?","?","?","?","E","R","M","T","?","M","$","M","E","R","BOSS"],"build_version":"2018-12-13","purchased_purges":1,"victory":false,"max_hp_per_floor":[75,75,75,75,75,75,75,75,75,75,75,75,75,75,75,75,75,75,75,75,75,75,75,75,75,75,75,75,75,75,75,75,75],"card_choices":[{"not_picked":["Twin Strike","Body Slam"],"picked":"Anger","floor":1.0},{"not_picked":["Body Slam","Reckless Charge"],"picked":"Sword Boomerang","floor":2.0},{"not_picked":["Entrench","Warcry"],"picked":"Havoc","floor":7.0},{"not_picked":["Entrench","Pommel Strike"],"picked":"Clothesline","floor":10.0},{"not_picked":["Heavy Blade","Bludgeon"],"picked":"Iron Wave","floor":12.0},{"not_picked":["Warcry","Twin Strike"],"picked":"Power Through","floor":13.0},{"not_picked":["Double Tap","Reaper"],"picked":"Limit Break","floor":16.0},{"not_picked":["Rampage","Flex"],"picked":"Ghostly Armor","floor":18.0},{"not_picked":["Sword Boomerang","Iron Wave"],"picked":"Carnage+1","floor":19.0},{"not_picked":["Perfected Strike","Thunderclap"],"picked":"Combust","floor":21.0},{"not_picked":["Burning Pact","Bloodletting"],"picked":"Inflame","floor":23.0},{"not_picked":["Clash","Iron Wave","Twin Strike"],"picked":"Disarm","floor":25.0},{"not_picked":["True Grit","Spot Weakness","Perfected Strike"],"picked":"Disarm","floor":27.0},{"not_picked":["True Grit","Havoc+1","Flex"],"picked":"Demon Form","floor":28.0},{"not_picked":["Second Wind+1","Clothesline","Pommel Strike"],"picked":"Shrug It Off+1","floor":30.0},{"not_picked":["Demon Form","Rampage","Body Slam"],"picked":"Flame Barrier","floor":31.0}],"player_experience":1241360,"relics_obtained":[{"floor":7.0,"key":"Centennial Puzzle"},{"floor":9.0,"key":"Red Skull"},{"floor":12.0,"key":"Omamori"},{"floor":20.0,"key":"Ornamental Fan"},{"floor":23.0,"key":"Question Card"},{"floor":26.0,"key":"Shuriken"},{"floor":31.0,"key":"Kunai"}],"event_choices":[{"damage_healed":0.0,"max_hp_gain":0.0,"max_hp_loss":0.0,"gold_gain":0.0,"event_name":"Shining Light","player_choice":"Entered Light","floor":3.0,"gold_loss":0.0,"damage_taken":23.0,"cards_upgraded":["Defend_R","Bash"]},{"damage_healed":0.0,"max_hp_gain":0.0,"max_hp_loss":0.0,"gold_gain":0.0,"event_name":"Lab","player_choice":"Got Potions","floor":4.0,"gold_loss":0.0,"damage_taken":0.0},{"damage_healed":0.0,"max_hp_gain":0.0,"max_hp_loss":0.0,"gold_gain":0.0,"cards_transformed":["Strike_R"],"event_name":"Transmorgrifier","player_choice":"Transformed","floor":22.0,"gold_loss":0.0,"damage_taken":0.0,"cards_obtained":["Spot Weakness"]}],"is_beta":true,"boss_relics":[{"not_picked":["Ectoplasm","Empty Cage"],"picked":"Sozu"}],"items_purged_floors":[14],"is_endless":false,"potions_floor_spawned":[7,10,12,19,21,27,30],"killed_by":"Automaton","ascension_level":20}