{"gold_per_floor":[117,42,59,71,146,146,171,171,171,191,191,209,242,242,242,343,343,355,355],"floor_reached":19,"playtime":1221,"items_purged":["Strike_R"],"score":283,"play_id":"a1788cea-7d33-4bb1-a577-fb14388f1ffa","local_time":"20190122191926","is_ascension_mode":true,"campfire_choices":[{"data":"Armaments","floor":6,"key":"SMITH"},{"data":"Sentinel","floor":8,"key":"SMITH"},{"data":"Juggernaut","floor":11,"key":"SMITH"},{"floor":15,"key":"REST"}],"neow_cost":"TEN_PERCENT_HP_LOSS","seed_source_timestamp":12869962911421638,"circlet_count":0,"master_deck":["AscendersBane","Strike_R","Strike_R","Strike_R","Strike_R","Defend_R","Defend_R","Defend_R","Defend_R","Bash","Juggernaut+1","Iron Wave","Armaments+1","Body Slam","Sentinel+1","Demon Form","Entrench"],"relics":["Burning Blood","FossilizedHelix","Bottled Flame","Shovel","Question Card","Black Star"],"potions_floor_usage":[7,13,16],"damage_taken":[{"damage":1,"enemies":"Cultist","floor":1,"turns":4},{"damage":2,"enemies":"Jaw Worm","floor":3,"turns":5},{"damage":6,"enemies":"2 Louse","floor":4,"turns":4},{"damage":10,"enemies":"Lagavulin","floor":7,"turns":6},{"damage":6,"enemies":"Looter","floor":10,"turns":4},{"damage":16,"enemies":"2 Fungi Beasts","floor":12,"turns":4},{"damage":13,"enemies":"Gremlin Nob","floor":13,"turns":5},{"damage":37,"enemies":"Slime Boss","floor":16,"turns":11},{"damage":30,"enemies":"Chosen","floor":18,"turns":7},{"damage":39,"enemies":"Shell Parasite","floor":19,"turns":7}],"seed_played":"-6410353752829716624","potions_obtained":[{"floor":1,"key":"SteroidPotion"},{"floor":4,"key":"Poison Potion"},{"floor":13,"key":"PowerPotion"},{"floor":16,"key":"GamblersBrew"}],"is_trial":false,"path_per_floor":["M","$","M","M","?","R","E","R","T","M","R","M","E","?","R","B",null,"M","M"],"character_chosen":"IRONCLAD","items_purchased":[],"campfire_rested":1,"item_purchase_floors":[],"current_hp_per_floor":[72,72,72,72,65,65,61,61,61,61,61,51,44,41,62,31,62,38,0],"gold":355,"neow_bonus":"THREE_RARE_CARDS","is_prod":false,"is_daily":false,"chose_seed":false,"campfire_upgraded":3,"win_rate":0,"timestamp":1548181166,"path_taken":["M","$","?","M","?","R","E","R","T","?","R","M","E","?","R","BOSS","M","M"],"build_version":"2019-01-17v2","purchased_purges":1,"victory":false,"max_hp_per_floor":[72,72,72,72,72,72,72,72,72,72,72,72,72,72,72,72,72,72,72],"card_choices":[{"not_picked":["Limit Break","Fiend Fire"],"picked":"Juggernaut","floor":0},{"not_picked":["Flame Barrier","Headbutt"],"picked":"Iron Wave","floor":1},{"not_picked":["Twin Strike","Power Through"],"picked":"Armaments","floor":3},{"not_picked":["Twin Strike","Seeing Red"],"picked":"Body Slam","floor":4},{"not_picked":["Burning Pact","Pommel Strike"],"picked":"Sentinel","floor":7},{"not_picked":["Sword Boomerang","Uppercut","Heavy Blade"],"picked":"SKIP","floor":10},{"not_picked":["Corruption","Reaper","Armaments"],"picked":"SKIP","floor":12},{"not_picked":["Headbutt","Hemokinesis","Rupture"],"picked":"SKIP","floor":13},{"not_picked":["Reaper","Limit Break","Fiend Fire"],"picked":"Demon Form","floor":16},{"not_picked":["Inflame","Perfected Strike","Anger+1"],"picked":"Entrench","floor":18}],"player_experience":291867,"relics_obtained":[{"floor":7,"key":"FossilizedHelix"},{"floor":9,"key":"Bottled Flame"},{"floor":13,"key":"Shovel"}],"event_choices":[{"damage_healed":0,"gold_gain":75,"player_choice":"Touch","damage_taken":7,"max_hp_gain":0,"max_hp_loss":0,"event_name":"FaceTrader","floor":5,"gold_loss":0},{"damage_healed":0,"gold_gain":0,"player_choice":"Success","damage_taken":3,"relics_obtained":["Question Card"],"max_hp_gain":0,"max_hp_loss":0,"event_name":"Scrap Ooze","floor":14,"gold_loss":0}],"is_beta":false,"boss_relics":[{"not_picked":["Velvet Choker","Eternal Feather"],"picked":"Black Star"}],"items_purged_floors":[2],"is_endless":false,"potions_floor_spawned":[1,4,13,16],"killed_by":"Shell Parasite","ascension_level":12}