{"gold_per_floor":[117,135,58,78,78,112,124,124,171,185,240,165,184,34,34,34],"floor_reached":16,"playtime":860,"items_purged":["Strike_R","Defend_R"],"score":168,"play_id":"f8587fdf-22ae-48a4-a762-96055143ba39","local_time":"20190125153418","is_ascension_mode":true,"campfire_choices":[{"floor":8,"key":"REST"},{"floor":15,"key":"REST"}],"neow_cost":"NONE","seed_source_timestamp":13116016349379471,"circlet_count":0,"master_deck":["AscendersBane","Strike_R","Strike_R","Strike_R+1","Strike_R","Defend_R+1","Defend_R","Bash","True Grit","Armaments","Dropkick","Havoc+1","Reckless Charge+1","Iron Wave","Iron Wave"],"relics":["Burning Blood","Omamori","Whetstone","War Paint"],"potions_floor_usage":[7,11,16],"damage_taken":[{"damage":11,"enemies":"2 Louse","floor":1,"turns":3},{"damage":9,"enemies":"Cultist","floor":2,"turns":4},{"damage":8,"enemies":"Small Slimes","floor":4,"turns":6},{"damage":37,"enemies":"Gremlin Nob","floor":6,"turns":4},{"damage":6,"enemies":"Blue Slaver","floor":7,"turns":2},{"damage":4,"enemies":"Looter","floor":10,"turns":2},{"damage":20,"enemies":"Gremlin Nob","floor":11,"turns":4},{"damage":15,"enemies":"Exordium Wildlife","floor":13,"turns":5},{"damage":59,"enemies":"Slime Boss","floor":16,"turns":8}],"seed_played":"-5161562333793735438","potions_obtained":[{"floor":2,"key":"Fire Potion"},{"floor":4,"key":"Explosive Potion"},{"floor":10,"key":"PowerPotion"}],"is_trial":false,"path_per_floor":["M","M","$","M","?","E","M","R","T","M","?","$","M","$","R","B"],"character_chosen":"IRONCLAD","items_purchased":["Dropkick","Iron Wave"],"campfire_rested":2,"item_purchase_floors":[3,14],"current_hp_per_floor":[67,64,64,62,62,31,31,55,55,57,43,43,34,34,58,0],"gold":34,"neow_bonus":"RANDOM_COMMON_RELIC","is_prod":false,"is_daily":false,"chose_seed":false,"campfire_upgraded":0,"win_rate":0,"timestamp":1548426858,"path_taken":["M","M","$","M","?","E","?","R","T","M","?","$","M","$","R","BOSS"],"build_version":"2019-01-23","purchased_purges":2,"victory":false,"max_hp_per_floor":[80,80,80,80,80,80,80,80,80,80,80,80,80,80,80,80],"card_choices":[{"not_picked":["Perfected Strike","Pummel"],"picked":"True Grit","floor":1},{"not_picked":["Ghostly Armor","Perfected Strike"],"picked":"Armaments","floor":2},{"not_picked":["Pommel Strike","Clothesline"],"picked":"Havoc","floor":4},{"not_picked":["True Grit","Body Slam"],"picked":"Reckless Charge","floor":6},{"not_picked":["Anger","Dual Wield","Brutality"],"picked":"SKIP","floor":7},{"not_picked":["Armaments","Clothesline","Heavy Blade"],"picked":"SKIP","floor":10},{"not_picked":["Twin Strike","Power Through"],"picked":"Iron Wave","floor":13}],"player_experience":322727,"relics_obtained":[{"floor":9,"key":"Whetstone"}],"event_choices":[{"cards_removed":["Defend_R"],"damage_healed":0,"gold_gain":0,"player_choice":"Offered Basic","damage_taken":0,"max_hp_gain":0,"max_hp_loss":0,"event_name":"Bonfire Elementals","floor":5,"gold_loss":0},{"damage_healed":0,"gold_gain":0,"player_choice":"Searched \u00273\u0027 times","damage_taken":0,"relics_obtained":["War Paint"],"max_hp_gain":0,"max_hp_loss":0,"event_name":"Dead Adventurer","floor":11,"gold_loss":0}],"is_beta":false,"boss_relics":[],"items_purged_floors":[12,14],"is_endless":false,"potions_floor_spawned":[2,4,10],"killed_by":"Slime Boss","ascension_level":13}