{"gold_per_floor":[369,369,383,533,458,474,474,92,145,472,472,495,514,524,524,602,602,602,602,602,602,602,602,602,602,602,602,602,602],"floor_reached":29,"playtime":814,"items_purged":["Regret","Doubt"],"score":578,"play_id":"512badb7-6cf8-45f2-b3c8-f2b9b411c252","local_time":"20190103182011","is_ascension_mode":true,"campfire_choices":[{"data":"Bash","floor":7.0,"key":"SMITH"},{"data":"Spot Weakness","floor":11.0,"key":"SMITH"},{"floor":15.0,"key":"REST"},{"data":"Whirlwind","floor":23.0,"key":"SMITH"},{"data":"Juggernaut","floor":25.0,"key":"SMITH"},{"floor":27.0,"key":"RECALL"}],"neow_cost":"PERCENT_DAMAGE","seed_source_timestamp":164352111375014,"circlet_count":0,"master_deck":["AscendersBane","Strike_R+1","Strike_R+1","Strike_R+1","Strike_R+1","Strike_R+1","Defend_R+1","Defend_R+1","Defend_R+1","Defend_R+1","Bash+1","Spot Weakness+1","Battle Trance","Anger","Sword Boomerang","Anger","Immolate","Reaper","Whirlwind+1","Shrug It Off","Juggernaut+1"],"special_seed":0,"relics":["Burning Blood","Pear","Oddly Smooth Stone","Lantern","Old Coin","Odd Mushroom","Ectoplasm","Red Mask","Self Forming Clay"],"potions_floor_usage":[29],"damage_taken":[{"damage":5.0,"enemies":"Small Slimes","floor":1.0,"turns":3.0},{"damage":11.0,"enemies":"Jaw Worm","floor":3.0,"turns":3.0},{"damage":2.0,"enemies":"2 Louse","floor":6.0,"turns":2.0},{"damage":28.0,"enemies":"3 Sentries","floor":10.0,"turns":6.0},{"damage":6.0,"enemies":"The Mushroom Lair","floor":12.0,"turns":3.0},{"damage":12.0,"enemies":"Large Slime","floor":13.0,"turns":5.0},{"damage":10.0,"enemies":"3 Louse","floor":14.0,"turns":3.0},{"damage":0.0,"enemies":"Slime Boss","floor":16.0,"turns":5.0},{"damage":22.0,"enemies":"Spheric Guardian","floor":18.0,"turns":4.0},{"damage":28.0,"enemies":"3 Byrds","floor":19.0,"turns":3.0},{"damage":12.0,"enemies":"Masked Bandits","floor":22.0,"turns":2.0},{"damage":5.0,"enemies":"Slavers","floor":24.0,"turns":3.0},{"damage":70,"enemies":"Book of Stabbing","floor":29,"turns":4}],"seed_played":"8120059057417268425","potions_obtained":[{"floor":1.0,"key":"PowerPotion"},{"floor":10.0,"key":"PowerPotion"},{"floor":14.0,"key":"Explosive Potion"},{"floor":16.0,"key":"Poison Potion"},{"floor":22.0,"key":"Explosive Potion"}],"is_trial":false,"path_per_floor":["M","?","M","?","$","M","R","$","T","E","R","?","M","M","R","B",null,"M","M","$","?","?","R","E","R","T","R","?","E"],"character_chosen":"IRONCLAD","items_purchased":["Fruit Juice","Oddly Smooth Stone"],"campfire_rested":1,"item_purchase_floors":[8,8],"current_hp_per_floor":[51,61,56,56,56,60,60,65,65,43,43,43,37,33,60,66,84,76,66,66,66,60,60,67,67,67,67,67,0],"gold":602,"neow_bonus":"TWO_FIFTY_GOLD","is_prod":false,"is_daily":false,"chose_seed":false,"campfire_upgraded":4,"win_rate":0,"timestamp":1546510811,"path_taken":["M","?","M","?","$","M","R","$","T","E","R","?","M","M","R","BOSS","M","M","$","?","?","R","E","R","T","R","?","E"],"build_version":"2019-01-02","purchased_purges":2,"victory":false,"max_hp_per_floor":[75,85,85,85,85,85,85,90,90,90,90,90,90,90,90,90,90,90,90,90,90,90,90,90,90,90,90,90,90],"card_choices":[{"not_picked":["Dropkick","Burning Pact"],"picked":"Spot Weakness","floor":1.0},{"not_picked":["Clothesline","Thunderclap"],"picked":"Battle Trance","floor":3.0},{"not_picked":["Thunderclap","Headbutt"],"picked":"Anger","floor":6.0},{"not_picked":["Sentinel","Wild Strike","Dark Embrace"],"picked":"SKIP","floor":10.0},{"not_picked":["Carnage","Rupture"],"picked":"Sword Boomerang","floor":12.0},{"not_picked":["Second Wind","Perfected Strike"],"picked":"Anger","floor":13.0},{"not_picked":["Heavy Blade","Iron Wave"],"picked":"Immolate","floor":14.0},{"not_picked":["Juggernaut","Berserk"],"picked":"Reaper","floor":16.0},{"not_picked":["Ghostly Armor","Headbutt+1"],"picked":"Whirlwind","floor":18.0},{"not_picked":["Hemokinesis","Entrench","Clothesline"],"picked":"SKIP","floor":19.0},{"not_picked":["Flex","Anger"],"picked":"Shrug It Off","floor":22.0},{"not_picked":["Shockwave","Iron Wave"],"picked":"Juggernaut","floor":24.0}],"player_experience":1306683,"relics_obtained":[{"floor":9.0,"key":"Lantern"},{"floor":10.0,"key":"Old Coin"},{"floor":12.0,"key":"Odd Mushroom"},{"floor":22.0,"key":"Red Mask"},{"floor":24.0,"key":"Self Forming Clay"}],"event_choices":[{"damage_healed":0.0,"max_hp_gain":0.0,"max_hp_loss":0.0,"gold_gain":0.0,"event_name":"Big Fish","player_choice":"Box","floor":2.0,"gold_loss":0.0,"damage_taken":0.0,"relics_obtained":["Pear"],"cards_obtained":["Regret"]},{"damage_healed":0.0,"max_hp_gain":0.0,"max_hp_loss":0.0,"gold_gain":150.0,"event_name":"Liars Game","player_choice":"AGREE","floor":4.0,"gold_loss":0.0,"damage_taken":0.0,"cards_obtained":["Doubt"]},{"damage_healed":0.0,"max_hp_gain":0.0,"max_hp_loss":0.0,"gold_gain":0.0,"event_name":"Mushrooms","player_choice":"Fought Mushrooms","floor":12.0,"gold_loss":0.0,"damage_taken":0.0},{"damage_healed":0.0,"max_hp_gain":0.0,"max_hp_loss":0.0,"gold_gain":0.0,"event_name":"Back to Basics","player_choice":"Simplicity","floor":21.0,"gold_loss":0.0,"damage_taken":0.0,"cards_upgraded":["Strike_R","Strike_R","Strike_R","Strike_R","Strike_R","Defend_R","Defend_R","Defend_R","Defend_R"]},{"damage_healed":0.0,"max_hp_gain":0.0,"max_hp_loss":0.0,"gold_gain":0.0,"event_name":"Masked Bandits","player_choice":"Fought Bandits","floor":22.0,"gold_loss":0.0,"damage_taken":0.0},{"damage_healed":0,"gold_gain":0,"player_choice":"Ignored","damage_taken":0,"max_hp_gain":0,"max_hp_loss":0,"event_name":"The Mausoleum","floor":28,"gold_loss":0}],"is_beta":true,"boss_relics":[{"not_picked":["Runic Cube","Cursed Key"],"picked":"Ectoplasm"}],"items_purged_floors":[5,8],"is_endless":false,"potions_floor_spawned":[1,10,14,16,22],"killed_by":"Book of Stabbing","ascension_level":20}