{"gold_per_floor":[109,0,15,28,28,28,40,40,40,65,65,65],"floor_reached":12,"playtime":384,"items_purged":["Defend_R"],"score":133,"play_id":"23f90de2-ebcb-442a-966c-d3c24d931fa0","local_time":"20190131195934","is_ascension_mode":true,"campfire_choices":[{"data":"Second Wind","floor":6,"key":"SMITH"},{"floor":8,"key":"REST"}],"neow_cost":"NONE","seed_source_timestamp":13650808917136665,"circlet_count":0,"master_deck":["AscendersBane","Strike_R","Strike_R","Strike_R","Strike_R","Defend_R","Defend_R","Defend_R","Bash","Shrug It Off","Metallicize","Second Wind+1","Dual Wield"],"relics":["Philosopher\u0027s Stone","Dodecahedron"],"potions_floor_usage":[],"damage_taken":[{"damage":8,"enemies":"2 Louse","floor":1,"turns":3},{"damage":0,"enemies":"Cultist","floor":3,"turns":4},{"damage":8,"enemies":"Jaw Worm","floor":4,"turns":3},{"damage":7,"enemies":"Blue Slaver","floor":7,"turns":5},{"damage":36,"enemies":"Lagavulin","floor":10,"turns":8},{"damage":34,"enemies":"Lots of Slimes","floor":12,"turns":3}],"seed_played":"120388301486183588","potions_obtained":[{"floor":10,"key":"SpeedPotion"}],"is_trial":false,"path_per_floor":["M","$","M","M","?","R","M","R","T","E","$","M"],"character_chosen":"IRONCLAD","items_purchased":["Metallicize"],"campfire_rested":1,"item_purchase_floors":[2],"current_hp_per_floor":[60,60,60,52,52,52,45,67,67,31,31,0],"gold":65,"neow_bonus":"BOSS_RELIC","is_prod":false,"is_daily":false,"chose_seed":false,"campfire_upgraded":1,"win_rate":0,"timestamp":1548961174,"path_taken":["M","$","M","M","?","R","M","R","T","E","$","?"],"build_version":"2019-01-23","purchased_purges":1,"victory":false,"max_hp_per_floor":[75,75,75,75,75,75,75,75,75,75,75,75],"card_choices":[{"not_picked":["Perfected Strike","Sever Soul"],"picked":"Shrug It Off","floor":1},{"not_picked":["Dual Wield","Corruption"],"picked":"Second Wind","floor":3},{"not_picked":["Armaments","Shrug It Off","Hemokinesis"],"picked":"SKIP","floor":4},{"not_picked":["Pummel","Corruption","Clash"],"picked":"SKIP","floor":7},{"not_picked":["Feel No Pain","Heavy Blade"],"picked":"Dual Wield","floor":10}],"player_experience":344221,"relics_obtained":[{"floor":9,"key":"Dodecahedron"}],"event_choices":[{"cards_removed":["Strike_R"],"damage_healed":0,"gold_gain":0,"player_choice":"Purged","damage_taken":0,"max_hp_gain":0,"max_hp_loss":0,"event_name":"Purifier","floor":5,"gold_loss":0}],"is_beta":false,"boss_relics":[],"items_purged_floors":[2],"is_endless":false,"potions_floor_spawned":[10],"killed_by":"Lots of Slimes","ascension_level":14}