{"gold_per_floor":[112,132,151,164,140,167,167,194,194,223,223,223,238,208,208,279,279,292,303,217,237,255,255,271,271,297,297,313,313],"floor_reached":29,"playtime":1062,"items_purged":[],"score":669,"play_id":"52f47ac1-32b2-4929-a5ee-025636c971ef","local_time":"20181029154727","is_ascension_mode":true,"campfire_choices":[{"floor":7.0,"key":"REST"},{"floor":12.0,"key":"REST"},{"floor":15.0,"key":"REST"},{"floor":23.0,"key":"REST"},{"data":"Sunder","floor":25.0,"key":"SMITH"}],"neow_cost":"PERCENT_DAMAGE","seed_source_timestamp":683943379979917,"circlet_count":0,"master_deck":["Defend_B","Defend_B","Defend_B","Defend_B","Zap","Dualcast","AscendersBane","Electrodynamics","Barrage","Steam Power","Sweeping Beam","Stack","Conserve Battery","Biased Cognition","Hologram","Thunder Strike","Biased Cognition","Sunder+1","Genetic Algorithm+1","Bite","Bite","Bite","Bite","Bite"],"special_seed":0,"relics":["Cracked Core","Bag of Preparation","DataDisk","Pen Nib","Singing Bowl","Snecko Eye","Oddly Smooth Stone"],"potions_floor_usage":[28],"damage_taken":[{"damage":2.0,"enemies":"Small Slimes","floor":1.0,"turns":3.0},{"damage":7.0,"enemies":"Jaw Worm","floor":2.0,"turns":3.0},{"damage":6.0,"enemies":"Cultist","floor":3.0,"turns":3.0},{"damage":13.0,"enemies":"Blue Slaver","floor":4.0,"turns":3.0},{"damage":7.0,"enemies":"Gremlin Nob","floor":6.0,"turns":3.0},{"damage":0.0,"enemies":"3 Sentries","floor":8.0,"turns":3.0},{"damage":29.0,"enemies":"Gremlin Nob","floor":10.0,"turns":4.0},{"damage":18.0,"enemies":"Exordium Thugs","floor":13.0,"turns":3.0},{"damage":0.0,"enemies":"Slime Boss","floor":16.0,"turns":6.0},{"damage":19.0,"enemies":"Shell Parasite","floor":18.0,"turns":3.0},{"damage":6.0,"enemies":"3 Byrds","floor":19.0,"turns":3.0},{"damage":22.0,"enemies":"Snake Plant","floor":21.0,"turns":2.0},{"damage":9.0,"enemies":"Centurion and Healer","floor":22.0,"turns":5.0},{"damage":0.0,"enemies":"Sentry and Sphere","floor":24.0,"turns":2.0},{"damage":24,"enemies":"Snecko","floor":28,"turns":4},{"damage":19,"enemies":"Centurion and Healer","floor":29,"turns":3}],"seed_played":"-1807639753981258586","potions_obtained":[{"floor":1.0,"key":"Energy Potion"},{"floor":3.0,"key":"AttackPotion"},{"floor":13.0,"key":"AttackPotion"},{"floor":14.0,"key":"Explosive Potion"},{"floor":21.0,"key":"Fire Potion"},{"floor":22.0,"key":"Weak Potion"},{"floor":28,"key":"SteroidPotion"}],"is_trial":false,"path_per_floor":["M","M","M","M","$","E","R","E","T","E","?","R","M","?","R","B",null,"M","M","$","M","M","R","M","R","T","?","M"],"character_chosen":"DEFECT","items_purchased":["Conserve Battery","Sunder"],"campfire_rested":4,"item_purchase_floors":[5,20],"current_hp_per_floor":[44,37,31,18,18,11,32,32,32,3,3,24,8,8,29,29,62,45,41,41,19,12,35,37,37,37,37,19,0],"gold":313,"neow_bonus":"THREE_RARE_CARDS","is_prod":false,"is_daily":false,"chose_seed":false,"campfire_upgraded":1,"win_rate":0,"timestamp":1540842447,"path_taken":["M","M","M","M","$","E","R","E","T","E","?","R","M","?","R","BOSS","M","M","$","M","M","R","?","R","T","?","?","M"],"build_version":"2018-10-25v2","purchased_purges":0,"victory":false,"max_hp_per_floor":[71,71,71,71,71,71,71,71,71,71,71,71,73,73,73,73,73,75,77,77,77,79,79,81,81,81,56,58,58],"card_choices":[{"not_picked":["Seek","Amplify"],"picked":"Electrodynamics","floor":0.0},{"not_picked":["Fusion","Force Field"],"picked":"Barrage","floor":1.0},{"not_picked":["Stack","Fusion"],"picked":"Steam Power","floor":2.0},{"not_picked":["Darkness","Barrage"],"picked":"Sweeping Beam","floor":3.0},{"not_picked":["Darkness","Heatsinks"],"picked":"Stack","floor":4.0},{"not_picked":["Sunder","Cold Snap"],"picked":"Biased Cognition","floor":6.0},{"not_picked":["Fusion","Go for the Eyes"],"picked":"Hologram","floor":8.0},{"not_picked":["Reinforced Body","BootSequence"],"picked":"Thunder Strike","floor":10.0},{"not_picked":["Steam","Hologram","Turbo"],"picked":"Singing Bowl","floor":13.0},{"not_picked":["Buffer","Meteor Strike"],"picked":"Biased Cognition","floor":16.0},{"not_picked":["White Noise","Gash","Self Repair"],"picked":"Singing Bowl","floor":18.0},{"not_picked":["Compile Driver","Skim","Barrage"],"picked":"Singing Bowl","floor":19.0},{"not_picked":["Undo","Steam"],"picked":"Genetic Algorithm+1","floor":21.0},{"not_picked":["White Noise","Conserve Battery","Reprogram"],"picked":"Singing Bowl","floor":22.0},{"not_picked":["White Noise+1","Redo","Conserve Battery"],"picked":"Singing Bowl","floor":24.0},{"not_picked":["Compile Driver","Leap","Steam"],"picked":"Singing Bowl","floor":28}],"player_experience":1103076,"relics_obtained":[{"floor":6.0,"key":"Bag of Preparation"},{"floor":8.0,"key":"DataDisk"},{"floor":9.0,"key":"Pen Nib"},{"floor":10.0,"key":"Singing Bowl"},{"floor":26.0,"key":"Oddly Smooth Stone"}],"event_choices":[{"damage_healed":0.0,"max_hp_gain":0.0,"max_hp_loss":0.0,"gold_gain":0.0,"event_name":"Scrap Ooze","player_choice":"Fled","floor":11.0,"gold_loss":0.0,"damage_taken":0.0},{"damage_healed":0.0,"max_hp_gain":0.0,"max_hp_loss":0.0,"gold_gain":0.0,"event_name":"The Woman in Blue","player_choice":"Bought 2 Potions","floor":14.0,"gold_loss":0.0,"damage_taken":0.0},{"damage_healed":0.0,"max_hp_gain":0.0,"max_hp_loss":25.0,"gold_gain":0.0,"event_name":"Vampires","player_choice":"Became a vampire","floor":27.0,"gold_loss":0.0,"damage_taken":0.0,"cards_obtained":["Bite","Bite","Bite","Bite","Bite"]}],"is_beta":false,"boss_relics":[{"not_picked":["White Beast Statue","Empty Cage"],"picked":"Snecko Eye"}],"items_purged_floors":[],"is_endless":false,"potions_floor_spawned":[1,3,13,16,21,22,24,28],"killed_by":"Centurion and Healer","ascension_level":20}