{"gold_per_floor":[110,123,140,140,159,159,182,182,259,259,314,314,104,124,124,124],"floor_reached":16,"playtime":442,"items_purged":[],"score":150,"play_id":"b29f3adb-2ade-443e-a2ff-009133561f4a","local_time":"20181129172131","is_ascension_mode":true,"campfire_choices":[{"data":"Neutralize","floor":6,"key":"SMITH"},{"data":"Skewer","floor":8,"key":"SMITH"},{"data":"Dodge and Roll","floor":10,"key":"SMITH"},{"floor":15,"key":"REST"}],"neow_cost":"NONE","seed_source_timestamp":1022209707699874,"circlet_count":0,"master_deck":["AscendersBane","Defend_G","Defend_G","Defend_G","Defend_G","Defend_G","Strike_G","Strike_G","Strike_G","Strike_G","Strike_G","Survivor","Neutralize+1","All Out Attack+1","Dodge and Roll+1","Prepared","Flying Knee","Skewer+1","Distraction","Underhanded Strike","Distraction"],"relics":["Ring of the Snake","NeowsBlessing","Odd Mushroom","Matryoshka","Tiny Chest","Bag of Marbles","WingedGreaves","Membership Card"],"potions_floor_usage":[7,11,16],"damage_taken":[{"damage":0,"enemies":"Jaw Worm","floor":1,"turns":1},{"damage":0,"enemies":"2 Louse","floor":2,"turns":1},{"damage":0,"enemies":"Small Slimes","floor":3,"turns":1},{"damage":1,"enemies":"Red Slaver","floor":5,"turns":4},{"damage":16,"enemies":"The Mushroom Lair","floor":7,"turns":4},{"damage":27,"enemies":"Lagavulin","floor":11,"turns":6},{"damage":4,"enemies":"Blue Slaver","floor":14,"turns":2},{"damage":18,"enemies":"Slime Boss","floor":16,"turns":5}],"seed_played":"6026816243052141174","potions_obtained":[{"floor":1,"key":"SkillPotion"},{"floor":3,"key":"Strength Potion"},{"floor":11,"key":"Explosive Potion"}],"is_trial":false,"path_per_floor":["M","M","M","?","M","R","?","R","T","R","E","T","$","M","R","B"],"character_chosen":"THE_SILENT","items_purchased":["Membership Card","Underhanded Strike"],"campfire_rested":1,"item_purchase_floors":[13,13],"current_hp_per_floor":[63,63,63,63,62,62,46,46,46,46,19,19,19,15,36,18],"gold":124,"neow_bonus":"THREE_ENEMY_KILL","is_prod":false,"is_daily":false,"chose_seed":false,"campfire_upgraded":3,"win_rate":0,"timestamp":1543508491,"path_taken":["M","M","M","?","M","R","?","R","T","R","E","?","?","?","R","BOSS"],"build_version":"2018-11-15","purchased_purges":0,"victory":false,"max_hp_per_floor":[70,70,70,70,70,70,70,70,70,70,70,70,70,70,70,70],"card_choices":[{"not_picked":["Tactician","Slice"],"picked":"All Out Attack","floor":1},{"not_picked":["Deflect","Noxious Fumes"],"picked":"Dodge and Roll","floor":2},{"not_picked":["Outmaneuver","Flying Knee"],"picked":"Prepared","floor":3},{"not_picked":["Deflect","Expertise"],"picked":"Flying Knee","floor":5},{"not_picked":["Expertise","Dagger Spray"],"picked":"Skewer","floor":7},{"not_picked":["Cloak And Dagger","Infinite Blades"],"picked":"Distraction","floor":11},{"not_picked":["Deflect","Prepared"],"picked":"Distraction","floor":14}],"player_experience":1402877,"relics_obtained":[{"floor":7,"key":"Odd Mushroom"},{"floor":9,"key":"Matryoshka"},{"floor":11,"key":"Tiny Chest"},{"floor":12,"key":"Bag of Marbles"},{"floor":12,"key":"WingedGreaves"}],"event_choices":[{"damage_healed":0,"gold_gain":0,"player_choice":"Grow","damage_taken":0,"max_hp_gain":0,"max_hp_loss":0,"event_name":"Living Wall","floor":4,"gold_loss":0,"cards_upgraded":["All Out Attack"]},{"damage_healed":0,"gold_gain":0,"player_choice":"Fought Mushrooms","damage_taken":0,"max_hp_gain":0,"max_hp_loss":0,"event_name":"Mushrooms","floor":7,"gold_loss":0}],"is_beta":false,"boss_relics":[],"items_purged_floors":[],"is_endless":false,"potions_floor_spawned":[1,3,11],"killed_by":"Slime Boss","ascension_level":10}