{"gold_per_floor":[118,293,293,97,122,143,143,143,197,215,215,236,236,236,236,334,334,348,348,263,362,383,383,508,508],"floor_reached":25,"playtime":5145,"items_purged":["Doubt"],"score":312,"play_id":"afda4c2d-13e4-4a74-b8e3-8601175750e0","local_time":"20190205080312","is_ascension_mode":true,"campfire_choices":[{"data":"FTL","floor":11,"key":"SMITH"},{"data":"Zap","floor":13,"key":"SMITH"},{"data":"Cold Snap","floor":15,"key":"SMITH"},{"floor":23,"key":"REST"}],"neow_cost":"NONE","seed_source_timestamp":841348173046603,"circlet_count":0,"master_deck":["AscendersBane","Strike_B","Strike_B","Strike_B","Strike_B","Defend_B","Defend_B","Defend_B","Defend_B","Zap+1","Dualcast","Cold Snap+1","FTL+1","Ball Lightning","Ball Lightning","Heatsinks","Regret","Cold Snap+1","Chaos+1","Electrodynamics","Cold Snap","Conserve Battery+1","BootSequence+1"],"special_seed":0,"relics":["Cracked Core","NeowsBlessing","Golden Idol","Bottled Flame","Toxic Egg 2","Bronze Scales","Sozu","Smiling Mask","Pocketwatch","Bottled Lightning"],"potions_floor_usage":[16,24,24],"damage_taken":[{"damage":0.0,"enemies":"Jaw Worm","floor":1.0,"turns":1.0},{"damage":0.0,"enemies":"2 Louse","floor":5.0,"turns":1.0},{"damage":0.0,"enemies":"Small Slimes","floor":6.0,"turns":1.0},{"damage":10.0,"enemies":"Blue Slaver","floor":10.0,"turns":3.0},{"damage":3,"enemies":"2 Fungi Beasts","floor":12,"turns":2},{"damage":7,"enemies":"Slime Boss","floor":16,"turns":9},{"damage":27,"enemies":"2 Thieves","floor":18,"turns":3},{"damage":4,"enemies":"Chosen","floor":22,"turns":3},{"damage":23,"enemies":"Colosseum Slavers","floor":24,"turns":4},{"damage":13,"enemies":"Colosseum Nobs","floor":24,"turns":4},{"damage":15,"enemies":"Gremlin Leader","floor":25,"turns":3}],"seed_played":"-3569636070026604645","potions_obtained":[{"floor":1.0,"key":"Dexterity Potion"},{"floor":6.0,"key":"Explosive Potion"},{"floor":16,"key":"Swift Potion"}],"is_trial":false,"path_per_floor":["M","?","?","$","M","M","T","?","T","M","R","M","R","?","R","B",null,"M","?","?","?","M","R","?","E"],"character_chosen":"DEFECT","items_purchased":["FTL","Ball Lightning"],"campfire_rested":1,"item_purchase_floors":[4,4],"current_hp_per_floor":[68,68,68,68,68,68,68,68,68,58,58,55,55,55,55,48,64,37,37,37,37,33,53,17,2],"gold":508,"neow_bonus":"THREE_ENEMY_KILL","is_prod":false,"is_daily":false,"chose_seed":false,"campfire_upgraded":3,"win_rate":0,"timestamp":1549350192,"path_taken":["M","?","?","?","M","M","?","?","T","?","R","M","R","?","R","BOSS","M","?","?","?","M","R","?","E"],"build_version":"2019-01-23","purchased_purges":1,"victory":false,"max_hp_per_floor":[75,75,69,69,69,69,69,69,69,69,69,69,69,69,69,69,69,69,69,69,69,69,69,69,69],"card_choices":[{"not_picked":["Undo","Turbo"],"picked":"Cold Snap","floor":1.0},{"not_picked":["Blizzard","Chaos"],"picked":"Ball Lightning","floor":5.0},{"not_picked":["Rebound","Reprogram"],"picked":"Heatsinks","floor":6.0},{"not_picked":["Steam+1","Self Repair"],"picked":"Cold Snap","floor":10},{"not_picked":["Steam+1","Go for the Eyes"],"picked":"Chaos+1","floor":12},{"not_picked":["Rainbow+1","All For One"],"picked":"Electrodynamics","floor":16},{"not_picked":["Gash","Aggregate+1"],"picked":"Cold Snap","floor":18},{"not_picked":["Steam Power+1","Auto Shields+1"],"picked":"Conserve Battery+1","floor":22},{"not_picked":["Static Discharge","Turbo+1"],"picked":"BootSequence+1","floor":24}],"player_experience":2193558,"relics_obtained":[{"floor":7.0,"key":"Bottled Flame"},{"floor":9.0,"key":"Bronze Scales"},{"floor":24,"key":"Pocketwatch"},{"floor":24,"key":"Bottled Lightning"}],"event_choices":[{"damage_healed":0.0,"max_hp_gain":0.0,"max_hp_loss":0.0,"gold_gain":175.0,"event_name":"Liars Game","player_choice":"AGREE","floor":2.0,"gold_loss":0.0,"damage_taken":0.0,"cards_obtained":["Doubt"]},{"damage_healed":0.0,"max_hp_gain":0.0,"max_hp_loss":6.0,"gold_gain":0.0,"event_name":"Golden Idol","player_choice":"Lose Max HP","floor":3.0,"gold_loss":0.0,"damage_taken":0.0,"relics_obtained":["Golden Idol"]},{"damage_healed":0.0,"max_hp_gain":0.0,"max_hp_loss":0.0,"gold_gain":0.0,"event_name":"Big Fish","player_choice":"Box","floor":8.0,"gold_loss":0.0,"damage_taken":0.0,"relics_obtained":["Toxic Egg 2"],"cards_obtained":["Regret"]},{"damage_healed":0,"gold_gain":0,"player_choice":"Grow","damage_taken":0,"max_hp_gain":0,"max_hp_loss":0,"event_name":"Living Wall","floor":14,"gold_loss":0,"cards_upgraded":["Cold Snap"]},{"damage_healed":0,"gold_gain":0,"player_choice":"Ignored","damage_taken":0,"max_hp_gain":0,"max_hp_loss":0,"event_name":"Ghosts","floor":19,"gold_loss":0},{"damage_healed":0,"gold_gain":0,"player_choice":"Obtained Relic","damage_taken":0,"relics_obtained":["Smiling Mask"],"max_hp_gain":0,"max_hp_loss":0,"event_name":"Addict","floor":20,"gold_loss":85},{"damage_healed":0,"gold_gain":99,"player_choice":"Stole From Cult","damage_taken":0,"max_hp_gain":0,"max_hp_loss":0,"event_name":"Nest","floor":21,"gold_loss":0},{"damage_healed":0,"gold_gain":0,"player_choice":"Fight","damage_taken":0,"max_hp_gain":0,"max_hp_loss":0,"event_name":"Colosseum","floor":24,"gold_loss":0},{"damage_healed":0,"gold_gain":0,"player_choice":"Fought Nobs","damage_taken":0,"max_hp_gain":0,"max_hp_loss":0,"event_name":"Colosseum","floor":24,"gold_loss":0}],"is_beta":false,"boss_relics":[{"not_picked":["White Beast Statue","Philosopher\u0027s Stone"],"picked":"Sozu"}],"items_purged_floors":[4],"is_endless":false,"potions_floor_spawned":[1,6,16,22],"killed_by":"Gremlin Leader","ascension_level":13}