{"gold_per_floor":[109,109,125,136,63,78,78,111,111,138,138,156,156,167,167,264,264,264],"floor_reached":18,"playtime":1706,"items_purged":[],"score":203,"play_id":"12b92144-65bf-486a-ba40-3a777f248680","local_time":"20190112193053","is_ascension_mode":true,"campfire_choices":[{"data":"Second Wind","floor":7,"key":"SMITH"},{"floor":11,"key":"REST"},{"floor":13,"key":"REST"},{"floor":15,"key":"REST"}],"neow_cost":"NONE","seed_source_timestamp":12006165897538523,"circlet_count":0,"master_deck":["Strike_R","Strike_R","Strike_R","Strike_R","Defend_R","Defend_R","Defend_R","Defend_R","Bash","Battle Trance","Evolve","Second Wind+1","Inflame","Warcry+1","Iron Wave","Barricade"],"relics":["Burning Blood","NeowsBlessing","Dream Catcher","Toxic Egg 2","Odd Mushroom","Mark of Pain"],"potions_floor_usage":[8,16],"damage_taken":[{"damage":0,"enemies":"Jaw Worm","floor":1,"turns":1},{"damage":0,"enemies":"Cultist","floor":3,"turns":1},{"damage":0,"enemies":"Small Slimes","floor":4,"turns":1},{"damage":14,"enemies":"Blue Slaver","floor":6,"turns":7},{"damage":13,"enemies":"3 Sentries","floor":8,"turns":9},{"damage":52,"enemies":"The Mushroom Lair","floor":10,"turns":7},{"damage":5,"enemies":"Looter","floor":12,"turns":5},{"damage":13,"enemies":"3 Louse","floor":14,"turns":5},{"damage":64,"enemies":"The Guardian","floor":16,"turns":16},{"damage":67,"enemies":"3 Byrds","floor":18,"turns":5}],"seed_played":"-8636496747327979103","potions_obtained":[{"floor":1,"key":"SpeedPotion"},{"floor":4,"key":"PowerPotion"},{"floor":8,"key":"BloodPotion"},{"floor":10,"key":"Swift Potion"}],"is_trial":false,"path_per_floor":["M","?","M","M","$","M","R","E","T","?","R","M","R","M","R","B",null,"M"],"character_chosen":"IRONCLAD","items_purchased":["Second Wind"],"campfire_rested":3,"item_purchase_floors":[5],"current_hp_per_floor":[80,80,80,80,80,72,72,65,65,19,43,44,68,61,80,22,66,0],"gold":264,"neow_bonus":"THREE_ENEMY_KILL","is_prod":false,"is_daily":false,"chose_seed":false,"campfire_upgraded":1,"win_rate":0,"timestamp":1547317853,"path_taken":["M","?","?","M","$","M","R","E","T","?","R","M","R","M","R","BOSS","M"],"build_version":"2019-01-10","purchased_purges":0,"victory":false,"max_hp_per_floor":[80,80,80,80,80,80,80,80,80,80,80,80,80,80,80,80,80,80],"card_choices":[{"not_picked":["Reckless Charge","Havoc"],"picked":"Battle Trance","floor":1},{"not_picked":["Anger","True Grit","Thunderclap"],"picked":"SKIP","floor":3},{"not_picked":["Armaments","Warcry"],"picked":"Evolve","floor":4},{"not_picked":["Cleave","Havoc","Sword Boomerang"],"picked":"SKIP","floor":6},{"not_picked":["Thunderclap","True Grit"],"picked":"Inflame","floor":8},{"not_picked":["Anger","Heavy Blade"],"picked":"Warcry+1","floor":10},{"not_picked":["Thunderclap","Flex+1","Clash"],"picked":"SKIP","floor":12},{"not_picked":["Cleave","Body Slam","Havoc+1"],"picked":"SKIP","floor":14},{"not_picked":["Sword Boomerang","Shrug It Off+1"],"picked":"Iron Wave","floor":15},{"not_picked":["Demon Form","Feed"],"picked":"Barricade","floor":16}],"player_experience":210407,"relics_obtained":[{"floor":8,"key":"Dream Catcher"},{"floor":9,"key":"Toxic Egg 2"},{"floor":10,"key":"Odd Mushroom"}],"event_choices":[{"cards_removed":["Strike_R"],"damage_healed":0,"gold_gain":0,"player_choice":"Purged","damage_taken":0,"max_hp_gain":0,"max_hp_loss":0,"event_name":"Purifier","floor":2,"gold_loss":0},{"damage_healed":0,"gold_gain":0,"player_choice":"Fought Mushrooms","damage_taken":0,"max_hp_gain":0,"max_hp_loss":0,"event_name":"Mushrooms","floor":10,"gold_loss":0}],"is_beta":false,"boss_relics":[{"not_picked":["Velvet Choker","Busted Crown"],"picked":"Mark of Pain"}],"items_purged_floors":[],"is_endless":false,"potions_floor_spawned":[1,4,8,10,12,14],"killed_by":"3 Byrds","ascension_level":5}