{"gold_per_floor":[113,113,133,25,38,71,71,47,47,122,152,168,181,216,216,315,315,283,283,283],"floor_reached":20,"playtime":775,"items_purged":[],"score":269,"play_id":"03099ddf-467c-4525-b41f-0d493532dbfc","local_time":"20180811163258","is_ascension_mode":true,"campfire_choices":[{"data":"Fiend Fire","floor":7.0,"key":"SMITH"},{"floor":15.0,"key":"REST"}],"neow_cost":"NONE","seed_source_timestamp":0,"circlet_count":0,"master_deck":["Strike_R","Strike_R","Strike_R","Strike_R","Strike_R","Defend_R","Defend_R","Defend_R","Defend_R","Bash","Clothesline","Burning Pact","Ghostly Armor","Feel No Pain","Fiend Fire+1","Iron Wave","Twin Strike","Havoc","Spot Weakness","Fiend Fire","Limit Break","True Grit+1"],"special_seed":0,"relics":["Burning Blood","Ancient Tea Set","The Courier","Bottled Flame","Oddly Smooth Stone","Mark of Pain","Nilry\u0027s Codex"],"potions_floor_usage":[],"damage_taken":[{"damage":6.0,"enemies":"2 Louse","floor":1.0,"turns":4.0},{"damage":6.0,"enemies":"Cultist","floor":3.0,"turns":3.0},{"damage":8.0,"enemies":"Small Slimes","floor":5.0,"turns":4.0},{"damage":22.0,"enemies":"3 Sentries","floor":6.0,"turns":15.0},{"damage":16.0,"enemies":"Lagavulin","floor":11.0,"turns":10.0},{"damage":0.0,"enemies":"2 Fungi Beasts","floor":12.0,"turns":3.0},{"damage":14.0,"enemies":"Looter","floor":13.0,"turns":3.0},{"damage":21.0,"enemies":"Gremlin Nob","floor":14.0,"turns":4.0},{"damage":52.0,"enemies":"The Guardian","floor":16.0,"turns":14.0},{"damage":27.0,"enemies":"2 Thieves","floor":18.0,"turns":5.0},{"damage":0,"enemies":"Spheric Guardian","floor":20,"turns":1}],"seed_played":"-8601115698939748578","potions_obtained":[{"floor":5.0,"key":"GamblersBrew"},{"floor":6.0,"key":"Block Potion"},{"floor":11.0,"key":"EntropicBrew"},{"floor":13.0,"key":"GamblersBrew"},{"floor":16.0,"key":"Block Potion"}],"is_trial":false,"path_per_floor":["M","?","M","$","M","E","R","$","T","?","E","M","M","E","R","B",null,"M","?"],"character_chosen":"IRONCLAD","items_purchased":["Burning Pact","Ghostly Armor","Iron Wave"],"campfire_rested":1,"item_purchase_floors":[4,4,8],"current_hp_per_floor":[80,85,85,85,83,67,67,67,67,56,46,52,44,29,55,9,68,47,31,31],"gold":283,"neow_bonus":"TEN_PERCENT_HP_BONUS","is_prod":false,"is_daily":false,"chose_seed":false,"campfire_upgraded":1,"win_rate":0,"timestamp":1533997978,"path_taken":["M","?","M","?","M","E","R","$","T","?","E","M","M","E","R","BOSS","M","?","M"],"build_version":"2018-08-09","purchased_purges":0,"victory":false,"max_hp_per_floor":[88,88,88,88,88,88,88,88,88,88,88,88,88,88,88,88,88,88,88,88],"card_choices":[{"not_picked":["Seeing Red","True Grit"],"picked":"Clothesline","floor":1.0},{"not_picked":["Thunderclap","Flex"],"picked":"Clothesline","floor":3.0},{"not_picked":["Body Slam","Clash"],"picked":"Feel No Pain","floor":5.0},{"not_picked":["Heavy Blade","Intimidate"],"picked":"Fiend Fire","floor":6.0},{"not_picked":["Perfected Strike","Sword Boomerang"],"picked":"Twin Strike","floor":11.0},{"not_picked":["Disarm","Body Slam"],"picked":"Havoc","floor":12.0},{"not_picked":["Anger","Battle Trance"],"picked":"Spot Weakness","floor":13.0},{"not_picked":["Anger","Combust"],"picked":"Fiend Fire","floor":14.0},{"not_picked":["Immolate","Dark Embrace"],"picked":"Limit Break","floor":16.0},{"not_picked":["Anger","Warcry"],"picked":"True Grit+1","floor":18.0}],"player_experience":874284,"relics_obtained":[{"floor":6.0,"key":"Ancient Tea Set"},{"floor":9.0,"key":"The Courier"},{"floor":11.0,"key":"Bottled Flame"},{"floor":14.0,"key":"Oddly Smooth Stone"},{"floor":19.0,"key":"Nilry\u0027s Codex"}],"event_choices":[{"event_name":"Bonfire Elementals","player_choice":"COMMON","floor":2.0,"damage_taken":0.0},{"event_name":"World of Goop","player_choice":"Gather Gold","floor":10.0,"damage_taken":0.0},{"event_name":"Cursed Tome","player_choice":"Obtained Book","floor":19.0,"damage_taken":0.0}],"is_beta":false,"boss_relics":[{"not_picked":["Pandora\u0027s Box","Calling Bell"],"picked":"Mark of Pain"}],"items_purged_floors":[],"is_endless":false,"potions_floor_spawned":[5,6,11,13,16],"killed_by":"Spheric Guardian","ascension_level":8}