{"gold_per_floor":[118,129,145,145,168,207,219,231,243,272,296,335,13,24,24,124,124,137,77,77,96,96,96,126,126,177,177,189,204,215,9,9,109,109,124,0,15,15,15,46,46,74,74,74,374,389,405,416,416,416],"floor_reached":51,"playtime":5764,"items_purged":["Strike_R","Anger"],"score":882,"play_id":"39296827-e90f-4da4-8ab4-358defb9a62a","local_time":"20190221194819","is_ascension_mode":true,"campfire_choices":[{"data":"Metallicize","floor":7,"key":"SMITH"},{"data":"Demon Form","floor":15,"key":"SMITH"},{"data":"Impervious","floor":23,"key":"SMITH"},{"data":"Immolate","floor":25,"key":"SMITH"},{"data":"Metallicize","floor":27,"key":"SMITH"},{"data":"Clothesline","floor":32,"key":"SMITH"},{"data":"Intimidate","floor":41,"key":"SMITH"},{"floor":44,"key":"REST"},{"floor":49,"key":"REST"}],"neow_cost":"NONE","seed_source_timestamp":592626026142900,"circlet_count":0,"master_deck":["Bash+1","Metallicize+1","Shrug It Off","Clothesline+1","Impervious+1","Demon Form+1","Metallicize+1","Wild Strike","Spot Weakness","Shrug It Off","Ghostly Armor","Barricade","Heavy Blade+1","Immolate+1","Iron Wave","Fiend Fire","Flame Barrier+1","Impervious","Infernal Blade","Intimidate+1","Clash","Disarm","Anger","Armaments","Cleave+1","Sentinel+1","Shrug It Off+1","Seeing Red+1"],"relics":["Burning Blood","Bronze Scales","MawBank","Dead Branch","The Courier","Regal Pillow","Strawberry","Whetstone","Snecko Eye","Centennial Puzzle","Anchor","Oddly Smooth Stone","Pandora\u0027s Box","Lantern","Happy Flower","Vajra","Toxic Egg 2"],"potions_floor_usage":[5,6,12,37,42,50,50,50],"damage_taken":[{"damage":1,"enemies":"Cultist","floor":1,"turns":4},{"damage":5,"enemies":"Small Slimes","floor":2,"turns":4},{"damage":0,"enemies":"2 Louse","floor":3,"turns":2},{"damage":16,"enemies":"Large Slime","floor":5,"turns":8},{"damage":5,"enemies":"Gremlin Nob","floor":6,"turns":4},{"damage":6,"enemies":"Red Slaver","floor":10,"turns":4},{"damage":0,"enemies":"Lots of Slimes","floor":11,"turns":4},{"damage":7,"enemies":"Lagavulin","floor":12,"turns":7},{"damage":8,"enemies":"3 Louse","floor":14,"turns":3},{"damage":29,"enemies":"Hexaghost","floor":16,"turns":6},{"damage":7,"enemies":"3 Byrds","floor":18,"turns":4},{"damage":0,"enemies":"Spheric Guardian","floor":21,"turns":3},{"damage":38,"enemies":"Slavers","floor":24,"turns":3},{"damage":0,"enemies":"Snecko","floor":28,"turns":3},{"damage":0,"enemies":"Cultist and Chosen","floor":29,"turns":3},{"damage":0,"enemies":"Snake Plant","floor":30,"turns":4},{"damage":8,"enemies":"Collector","floor":33,"turns":9},{"damage":0,"enemies":"3 Shapes","floor":35,"turns":3},{"damage":6,"enemies":"3 Darklings","floor":37,"turns":3},{"damage":48,"enemies":"Reptomancer","floor":40,"turns":7},{"damage":34,"enemies":"Nemesis","floor":42,"turns":5},{"damage":0,"enemies":"Maw","floor":46,"turns":5},{"damage":9,"enemies":"Sphere and 2 Shapes","floor":47,"turns":5},{"damage":0,"enemies":"Transient","floor":48,"turns":5},{"damage":1,"enemies":"Donu and Deca","floor":50,"turns":8}],"seed_played":"2653521463457327343","potions_obtained":[{"floor":1,"key":"PowerPotion"},{"floor":5,"key":"Fruit Juice"},{"floor":10,"key":"SteroidPotion"},{"floor":11,"key":"Poison Potion"},{"floor":16,"key":"Strength Potion"},{"floor":24,"key":"Energy Potion"},{"floor":30,"key":"Strength Potion"},{"floor":37,"key":"Fire Potion"},{"floor":42,"key":"Poison Potion"},{"floor":47,"key":"Swift Potion"}],"is_trial":false,"path_per_floor":["M","M","M","?","M","E","R","?","T","M","M","E","$","M","R","B",null,"M","$","?","M","?","R","E","R","T","R","M","M","M","$","R","B",null,"M","$","M","$","?","E","R","E","T","R","?","M","M","M","R","B",null],"character_chosen":"IRONCLAD","items_purchased":["Spot Weakness","Strawberry","Whetstone","Shrug It Off","Oddly Smooth Stone","Lantern"],"campfire_rested":2,"item_purchase_floors":[13,13,13,13,31,36],"current_hp_per_floor":[80,80,80,55,50,51,51,51,51,51,57,56,63,61,61,38,92,91,91,91,92,92,92,60,60,60,60,66,72,78,78,78,76,92,92,92,92,92,92,50,50,22,22,64,64,70,67,73,92,92],"gold":416,"neow_bonus":"RANDOM_COMMON_RELIC","is_prod":false,"is_daily":false,"chose_seed":false,"campfire_upgraded":7,"win_rate":0,"timestamp":1550796499,"path_taken":["M","M","M","?","M","E","R","?","T","M","M","E","$","?","R","BOSS","M","$","?","M","?","R","E","R","T","R","?","M","M","?","R","BOSS","M","$","M","$","?","E","R","E","T","R","?","M","?","?","R","BOSS"],"build_version":"2019-01-23","purchased_purges":2,"victory":true,"max_hp_per_floor":[80,80,80,80,85,85,85,85,85,85,85,85,92,92,92,92,92,92,92,92,92,92,92,92,92,92,92,92,92,92,92,92,92,92,92,92,92,92,92,92,92,92,92,92,92,92,92,92,92,92],"card_choices":[{"not_picked":["Warcry","Armaments"],"picked":"Metallicize","floor":1},{"not_picked":["Battle Trance","Warcry"],"picked":"Anger","floor":2},{"not_picked":["Sentinel","Heavy Blade"],"picked":"Shrug It Off","floor":3},{"not_picked":["Blood for Blood","Flex"],"picked":"Clothesline","floor":5},{"not_picked":["Power Through","Heavy Blade"],"picked":"Impervious","floor":6},{"not_picked":["Hemokinesis","Power Through"],"picked":"Metallicize","floor":10},{"not_picked":["Combust","Iron Wave"],"picked":"Wild Strike","floor":11},{"not_picked":["Demon Form","Headbutt","Anger"],"picked":"SKIP","floor":12},{"not_picked":["Power Through","Sentinel"],"picked":"Ghostly Armor","floor":14},{"not_picked":["Dark Embrace","Demon Form"],"picked":"Barricade","floor":16},{"not_picked":["Seeing Red","Clothesline"],"picked":"Heavy Blade+1","floor":18},{"not_picked":["Rampage","Body Slam","Hemokinesis"],"picked":"SKIP","floor":21},{"not_picked":["Spot Weakness","Flex"],"picked":"Fiend Fire","floor":24},{"not_picked":["Armaments","Perfected Strike"],"picked":"Flame Barrier+1","floor":28},{"not_picked":["Clothesline+1","Anger","Cleave"],"picked":"SKIP","floor":29},{"not_picked":["Sever Soul+1","Perfected Strike","Cleave"],"picked":"SKIP","floor":30},{"not_picked":["Offering","Berserk"],"picked":"Impervious","floor":33},{"not_picked":["Headbutt","Flex"],"picked":"Cleave+1","floor":35},{"not_picked":["Iron Wave","Second Wind"],"picked":"Sentinel+1","floor":37},{"not_picked":["Battle Trance","Wild Strike+1"],"picked":"Shrug It Off+1","floor":40},{"not_picked":["Inflame+1","Dark Embrace"],"picked":"Seeing Red+1","floor":42},{"not_picked":["Anger","Dual Wield+1","Searing Blow+1"],"picked":"SKIP","floor":46},{"not_picked":["Reckless Charge+1","Clash","Pommel Strike+1"],"picked":"SKIP","floor":48}],"player_experience":263318,"relics_obtained":[{"floor":6,"key":"Dead Branch"},{"floor":9,"key":"The Courier"},{"floor":12,"key":"Regal Pillow"},{"floor":24,"key":"Centennial Puzzle"},{"floor":26,"key":"Anchor"},{"floor":40,"key":"Happy Flower"},{"floor":42,"key":"Vajra"},{"floor":43,"key":"Toxic Egg 2"}],"event_choices":[{"damage_healed":0,"gold_gain":0,"player_choice":"Success","damage_taken":25,"relics_obtained":["MawBank"],"max_hp_gain":0,"max_hp_loss":0,"event_name":"Scrap Ooze","floor":4,"gold_loss":0},{"damage_healed":0,"gold_gain":0,"cards_transformed":["Strike_R"],"player_choice":"Transformed","damage_taken":0,"max_hp_gain":0,"max_hp_loss":0,"event_name":"Transmorgrifier","floor":8,"gold_loss":0,"cards_obtained":["Demon Form"]},{"damage_healed":0,"gold_gain":0,"player_choice":"2 cards matched","damage_taken":0,"max_hp_gain":0,"max_hp_loss":0,"event_name":"Match and Keep!","floor":22,"gold_loss":0,"cards_obtained":["Immolate","Iron Wave"]},{"cards_removed":["Dark Embrace"],"damage_healed":0,"gold_gain":0,"player_choice":"Removed Power","damage_taken":0,"max_hp_gain":0,"max_hp_loss":0,"event_name":"Falling","floor":39,"gold_loss":0},{"damage_healed":0,"gold_gain":300,"player_choice":"Gold","damage_taken":0,"max_hp_gain":0,"max_hp_loss":0,"event_name":"Wheel of Change","floor":45,"gold_loss":0}],"is_beta":false,"boss_relics":[{"not_picked":["Tiny House","Fusion Hammer"],"picked":"Snecko Eye"},{"not_picked":["Runic Pyramid","Lizard Tail"],"picked":"Pandora\u0027s Box"}],"items_purged_floors":[19,31],"is_endless":false,"potions_floor_spawned":[1,5,10,11,16,24,30,33,37,42,47,48],"ascension_level":4}