{"path_per_floor":["M","M","M","?","M","R","E","M","T","R","M","M","M","$","R","B",null,"M","?","?","M","M"],"character_chosen":"IRONCLAD","items_purchased":["Enlightenment"],"gold_per_floor":[117,129,149,149,162,162,190,203,203,203,219,237,249,57,57,160,160,174,97,97,110,120,120],"floor_reached":23,"campfire_rested":0,"playtime":1176,"current_hp_per_floor":[80,80,80,80,75,75,74,69,69,69,69,71,69,69,69,11,80,79,79,79,66,58,0],"items_purged":[],"gold":120,"score":217,"play_id":"4c2e4674-cd76-44dc-8ed3-f7fe6b0537d6","local_time":"20180423175623","is_prod":false,"is_daily":false,"chose_seed":false,"is_ascension_mode":true,"campfire_upgraded":3,"timestamp":1524498983,"path_taken":["M","M","M","?","M","R","E","M","T","R","M","M","M","$","R","BOSS","M","?","?","M","M","E"],"build_version":"2018-04-19","seed_source_timestamp":88118425297717,"purchased_purges":0,"victory":false,"master_deck":["Strike_R","Strike_R","Strike_R","Strike_R","Strike_R","Defend_R","Defend_R","Defend_R","Defend_R","Bash+1","Clash+1","Cleave+1","Shockwave+1","Warcry","Battle Trance","Disarm+1","Double Tap","Clothesline","Searing Blow","Enlightenment+1","Bludgeon","Warcry+1","J.A.X."],"max_hp_per_floor":[80,80,80,80,80,80,80,80,80,80,80,80,80,80,80,80,80,80,80,80,80,80,80],"relics":["Burning Blood","Blood Vial","Pantograph","Whetstone","Sozu","Prayer Wheel"],"card_choices":[{"not_picked":["Pommel Strike","Warcry"],"picked":"Clash","floor":1},{"not_picked":["Rupture","Clothesline"],"picked":"Cleave","floor":2},{"not_picked":["Combust","Anger"],"picked":"Shockwave","floor":3},{"not_picked":["Sword Boomerang","Clothesline"],"picked":"Warcry","floor":5},{"not_picked":["Thunderclap","Feel No Pain"],"picked":"Battle Trance","floor":7},{"not_picked":["True Grit","Havoc"],"picked":"Disarm","floor":8},{"not_picked":["Rampage","Flame Barrier"],"picked":"Double Tap","floor":11},{"not_picked":["Iron Wave","Twin Strike"],"picked":"Clothesline","floor":12},{"not_picked":["Armaments","Shockwave"],"picked":"Searing Blow","floor":13},{"not_picked":["Juggernaut","Fiend Fire"],"picked":"Bludgeon","floor":16},{"not_picked":["Headbutt","Hemokinesis"],"picked":"Warcry","floor":18}],"player_experience":367953,"potions_floor_usage":[16,16,22],"damage_taken":[{"damage":3,"enemies":"2 Louse","floor":1,"turns":4},{"damage":0,"enemies":"Small Slimes","floor":2,"turns":4},{"damage":1,"enemies":"Cultist","floor":3,"turns":4},{"damage":11,"enemies":"2 Fungi Beasts","floor":5,"turns":3},{"damage":9,"enemies":"3 Sentries","floor":7,"turns":6},{"damage":13,"enemies":"Blue Slaver","floor":8,"turns":3},{"damage":8,"enemies":"Large Slime","floor":11,"turns":5},{"damage":6,"enemies":"Gremlin Gang","floor":12,"turns":3},{"damage":10,"enemies":"Red Slaver","floor":13,"turns":3},{"damage":75,"enemies":"Slime Boss","floor":16,"turns":12},{"damage":7,"enemies":"Chosen","floor":18,"turns":3},{"damage":20,"enemies":"Spheric Guardian","floor":21,"turns":4},{"damage":16,"enemies":"Snake Plant","floor":22,"turns":2},{"damage":66,"enemies":"Gremlin Leader","floor":23,"turns":4}],"event_choices":[{"event_name":"Living Wall","player_choice":"Grow","floor":4,"damage_taken":0},{"event_name":"Drug Dealer","player_choice":"Got JAXXED","floor":19,"damage_taken":0},{"event_name":"The Mausoleum","player_choice":"Yes","floor":20,"damage_taken":0}],"boss_relics":[{"not_picked":["Lizard Tail","Cursed Key"],"picked":"Sozu"}],"potions_floor_spawned":[2,7,11,13,22],"seed_played":"7514865302947877424","killed_by":"Gremlin Leader","ascension_level":2,"is_trial":false}