{"gold_per_floor":[116,136,311,386,386,412,412,431,431,165,165,182,212,212,212,212],"floor_reached":16,"playtime":517,"items_purged":["Doubt"],"score":206,"play_id":"ab1ca6f4-da6c-4472-9b56-98d7a48962df","local_time":"20181204085533","is_ascension_mode":true,"campfire_choices":[{"data":"1","floor":11,"key":"LIFT"},{"data":"2","floor":15,"key":"LIFT"}],"neow_cost":"NONE","seed_source_timestamp":75435280273340,"circlet_count":0,"master_deck":["AscendersBane","Defend_G","Defend_G","Defend_G","Defend_G","Defend_G","Strike_G+1","Strike_G","Strike_G","Strike_G","Strike_G","Survivor","Neutralize+1","Underhanded Strike+1","Deflect","Acrobatics","Blur","Apotheosis+1","Dagger Throw","Dagger Spray"],"relics":["Ring of the Snake","NeowsBlessing","Girya","Peace Pipe","Pen Nib"],"potions_floor_usage":[13,13],"damage_taken":[{"damage":0,"enemies":"2 Louse","floor":1,"turns":1},{"damage":0,"enemies":"Small Slimes","floor":2,"turns":1},{"damage":0,"enemies":"3 Sentries","floor":6,"turns":1},{"damage":1,"enemies":"Cultist","floor":8,"turns":3},{"damage":5,"enemies":"Blue Slaver","floor":12,"turns":4},{"damage":23,"enemies":"Gremlin Nob","floor":13,"turns":4},{"damage":5,"enemies":"Hexaghost","floor":16,"turns":6}],"seed_played":"5961433304746057713","potions_obtained":[{"floor":2,"key":"PowerPotion"},{"floor":8,"key":"GamblersBrew"},{"floor":12,"key":"Weak Potion"}],"is_trial":false,"path_per_floor":["M","M","?","?","?","E","?","M","T","$","R","M","E","?","R","B"],"character_chosen":"THE_SILENT","items_purchased":["Apotheosis"],"campfire_rested":0,"item_purchase_floors":[10],"current_hp_per_floor":[63,63,63,52,38,38,38,37,37,37,37,32,9,9,9,4],"gold":212,"neow_bonus":"THREE_ENEMY_KILL","is_prod":false,"is_daily":false,"chose_seed":false,"campfire_upgraded":0,"win_rate":0,"timestamp":1543910133,"path_taken":["M","M","?","?","?","E","?","M","T","$","R","?","E","?","R","BOSS"],"build_version":"2018-11-15","purchased_purges":1,"victory":false,"max_hp_per_floor":[70,70,70,70,70,70,70,70,70,70,70,70,70,70,70,70],"card_choices":[{"not_picked":["Slice","PiercingWail"],"picked":"Underhanded Strike","floor":1},{"not_picked":["Choke","Outmaneuver"],"picked":"Deflect","floor":2},{"not_picked":["Storm of Steel","Skewer"],"picked":"Acrobatics","floor":6},{"not_picked":["Deadly Poison","Poisoned Stab"],"picked":"Blur","floor":8},{"not_picked":["Deflect","Slice"],"picked":"Dagger Throw","floor":12},{"not_picked":["Flying Knee","Sucker Punch"],"picked":"Dagger Spray","floor":13}],"player_experience":1637935,"relics_obtained":[{"floor":6,"key":"Girya"},{"floor":9,"key":"Peace Pipe"},{"floor":13,"key":"Pen Nib"}],"event_choices":[{"damage_healed":0,"gold_gain":175,"player_choice":"AGREE","damage_taken":0,"max_hp_gain":0,"max_hp_loss":0,"event_name":"Liars Game","floor":3,"gold_loss":0,"cards_obtained":["Doubt"]},{"damage_healed":0,"gold_gain":75,"player_choice":"Gather Gold","damage_taken":11,"max_hp_gain":0,"max_hp_loss":0,"event_name":"World of Goop","floor":4,"gold_loss":0},{"damage_healed":0,"gold_gain":0,"player_choice":"Entered Light","damage_taken":14,"max_hp_gain":0,"max_hp_loss":0,"event_name":"Shining Light","floor":5,"gold_loss":0,"cards_upgraded":["Strike_G","Underhanded Strike"]},{"damage_healed":0,"gold_gain":0,"player_choice":"Forge","damage_taken":0,"max_hp_gain":0,"max_hp_loss":0,"event_name":"Accursed Blacksmith","floor":7,"gold_loss":0,"cards_upgraded":["Neutralize"]},{"damage_healed":0,"gold_gain":0,"player_choice":"Grow","damage_taken":0,"max_hp_gain":0,"max_hp_loss":0,"event_name":"Living Wall","floor":14,"gold_loss":0,"cards_upgraded":["Apotheosis"]}],"is_beta":false,"boss_relics":[],"items_purged_floors":[10],"is_endless":false,"potions_floor_spawned":[2,8,12],"killed_by":"Hexaghost","ascension_level":11}