{"gold_per_floor":[114,126,138,150,150,150,169,169,169,169,499,499,4,31,31,133,133,152,165,165,185,203,203],"floor_reached":23,"playtime":1134,"items_purged":[],"score":294,"play_id":"16cf2394-8214-43a1-82ad-2d28de61acbb","local_time":"20180911231606","is_ascension_mode":true,"campfire_choices":[{"floor":6.0,"key":"REST"},{"data":"Well Laid Plans","floor":8.0,"key":"SMITH"},{"data":"Deadly Poison","floor":10.0,"key":"SMITH"},{"data":"Footwork","floor":12.0,"key":"SMITH"},{"data":"Magnetism","floor":15.0,"key":"SMITH"}],"neow_cost":"","seed_source_timestamp":0,"circlet_count":0,"master_deck":["Defend_G","Defend_G","Defend_G","Defend_G","Defend_G","Strike_G","Strike_G","Strike_G","Strike_G","Survivor","Neutralize","Flying Knee","Underhanded Strike","Dagger Spray","Well Laid Plans+1","Deadly Poison+1","Poisoned Stab","Footwork+1","Magnetism+1","Swift Strike","Die Die Die","Adrenaline+1","Prepared+1","Bane","Poisoned Stab"],"special_seed":0,"relics":["Ring of the Snake","Ninja Scroll","Old Coin","Pen Nib","Dodecahedron","Runic Dome"],"potions_floor_usage":[16],"damage_taken":[{"damage":0.0,"enemies":"Small Slimes","floor":1.0,"turns":5.0},{"damage":0.0,"enemies":"Cultist","floor":2.0,"turns":4.0},{"damage":11.0,"enemies":"Jaw Worm","floor":3.0,"turns":5.0},{"damage":7.0,"enemies":"Lots of Slimes","floor":4.0,"turns":4.0},{"damage":9.0,"enemies":"Exordium Wildlife","floor":7.0,"turns":5.0},{"damage":22.0,"enemies":"Lagavulin","floor":11.0,"turns":5.0},{"damage":5.0,"enemies":"3 Sentries","floor":14.0,"turns":6.0},{"damage":9,"enemies":"Hexaghost","floor":16,"turns":10},{"damage":0,"enemies":"Chosen","floor":18,"turns":4},{"damage":1,"enemies":"2 Thieves","floor":19,"turns":3},{"damage":18,"enemies":"Sentry and Sphere","floor":21,"turns":6},{"damage":19,"enemies":"Snake Plant","floor":22,"turns":4},{"damage":24,"enemies":"Book of Stabbing","floor":23,"turns":3}],"seed_played":"4924872103423601782","potions_obtained":[{"floor":3.0,"key":"Poison Potion"},{"floor":11.0,"key":"Regen Potion"},{"floor":14.0,"key":"PowerPotion"}],"is_trial":false,"path_per_floor":["M","M","M","M","?","R","M","R","T","R","E","R","$","E","R","B",null,"M","M","?","M","M"],"character_chosen":"THE_SILENT","items_purchased":["Magnetism","Pen Nib","Swift Strike","GhostInAJar"],"campfire_rested":1,"item_purchase_floors":[13,13,13,13],"current_hp_per_floor":[63,63,52,45,45,66,57,57,57,57,35,35,35,45,45,36,62,62,61,61,43,24,0],"gold":203,"neow_bonus":"","is_prod":false,"is_daily":false,"chose_seed":false,"campfire_upgraded":4,"win_rate":0,"timestamp":1536700566,"path_taken":["M","M","M","M","?","R","?","R","T","R","E","R","$","E","R","BOSS","M","M","?","?","?","E"],"build_version":"2018-09-06","purchased_purges":0,"victory":false,"max_hp_per_floor":[70,70,70,70,70,70,70,70,70,70,70,70,70,70,70,70,70,70,70,70,70,70,70],"card_choices":[{"not_picked":["Backflip","Acrobatics"],"picked":"Flying Knee","floor":1.0},{"not_picked":["Deflect","Bane"],"picked":"Underhanded Strike","floor":2.0},{"not_picked":["Backflip","Expertise"],"picked":"Dagger Spray","floor":3.0},{"not_picked":["Flying Knee","Blade Dance"],"picked":"Well Laid Plans","floor":4.0},{"not_picked":["PiercingWail","Outmaneuver"],"picked":"Poisoned Stab","floor":7.0},{"not_picked":["Slice","Deadly Poison"],"picked":"Footwork","floor":11.0},{"not_picked":["After Image","Dodge and Roll"],"picked":"Die Die Die","floor":14.0},{"not_picked":["Wraith Form v2","Unload"],"picked":"Adrenaline","floor":16},{"not_picked":["Cloak And Dagger+1","Well Laid Plans"],"picked":"Prepared+1","floor":18},{"not_picked":["Well Laid Plans+1","Accuracy","Blade Dance+1"],"picked":"SKIP","floor":19},{"not_picked":["Dagger Throw","Acrobatics"],"picked":"Bane","floor":21},{"not_picked":["Heel Hook","Quick Slash"],"picked":"Poisoned Stab","floor":22}],"player_experience":986887,"relics_obtained":[{"floor":9.0,"key":"Ninja Scroll"},{"floor":11.0,"key":"Old Coin"},{"floor":14.0,"key":"Dodecahedron"}],"event_choices":[{"event_name":"Transmorgrifier","player_choice":"Transform","floor":5.0,"damage_taken":0.0},{"event_name":"Accursed Blacksmith","player_choice":"Forge","floor":20,"damage_taken":0}],"is_beta":false,"boss_relics":[{"not_picked":["Runic Pyramid","Orrery"],"picked":"Runic Dome"}],"items_purged_floors":[],"is_endless":false,"potions_floor_spawned":[3,11,14],"killed_by":"Book of Stabbing","ascension_level":9}