{"path_per_floor":["M","?","$","T","M","?","M","R","T","R","M","M","M","M","R","B",null,"M","?","$","M","?","R"],"character_chosen":"IRONCLAD","items_purchased":[],"gold_per_floor":[114,114,39,65,83,83,99,99,99,99,113,126,145,165,165,266,266,281,196,96,108,33,33,33],"floor_reached":24,"campfire_rested":0,"playtime":970,"current_hp_per_floor":[80,80,80,80,80,80,80,80,80,80,66,69,72,67,67,17,80,59,59,59,39,39,39,0],"items_purged":["Strike_R","Normality"],"gold":33,"score":188,"play_id":"a797d7eb-c454-4d42-9cf6-e5607120b813","local_time":"20180406124535","is_prod":false,"is_daily":false,"is_ascension_mode":false,"campfire_upgraded":4,"timestamp":1523011535,"path_taken":["M","?","$","?","?","?","M","R","T","R","M","M","?","M","R","BOSS","M","?","?","?","?","R","E"],"build_version":"2018-04-05v2","purchased_purges":2,"victory":false,"master_deck":["Strike_R+1","Strike_R","Strike_R","Strike_R","Defend_R","Defend_R+1","Defend_R","Defend_R","Bash+1","Clash+1","Sword Boomerang+1","Parasite"],"max_hp_per_floor":[80,80,80,80,80,80,80,80,80,80,80,80,80,80,80,80,80,80,80,80,80,80,80,80],"relics":["Burning Blood","NeowsBlessing","Blood Vial","Bottled Flame","Calling Bell","Omamori","Centennial Puzzle","Shuriken","Gambling Chip"],"card_choices":[{"not_picked":["Headbutt","Sentinel"],"picked":"Clash","floor":5},{"not_picked":["Uppercut","Pummel"],"picked":"Sword Boomerang","floor":13}],"player_experience":178927,"potions_floor_usage":[11,16,16,21,24],"damage_taken":[{"damage":0,"enemies":"Jaw Worm","floor":1,"turns":1},{"damage":0,"enemies":"Small Slimes","floor":5,"turns":1},{"damage":0,"enemies":"Cultist","floor":7,"turns":1},{"damage":20,"enemies":"Gremlin Gang","floor":11,"turns":5},{"damage":5,"enemies":"Looter","floor":12,"turns":3},{"damage":5,"enemies":"Lots of Slimes","floor":13,"turns":5},{"damage":13,"enemies":"Gremlin Gang","floor":14,"turns":8},{"damage":58,"enemies":"Slime Boss","floor":16,"turns":17},{"damage":27,"enemies":"Chosen","floor":18,"turns":6},{"damage":28,"enemies":"Spheric Guardian","floor":21,"turns":5},{"damage":45,"enemies":"Book of Stabbing","floor":24,"turns":4}],"event_choices":[{"event_name":"Living Wall","player_choice":"Grow","floor":2,"damage_taken":0},{"event_name":"The Woman in Blue","player_choice":"Bought 0 Potions","floor":6,"damage_taken":0},{"event_name":"Addict","player_choice":"Obtained Relic","floor":19,"damage_taken":0},{"event_name":"Beggar","player_choice":"Gave Gold","floor":22,"damage_taken":0}],"boss_relics":[{"not_picked":["Orrery","Snecko Eye"],"picked":"Calling Bell"}],"potions_floor_spawned":[1,5,12,13,14,18],"seed_played":"-1882367935439206948","killed_by":"Book of Stabbing","ascension_level":0,"is_trial":false}