{"gold_per_floor":[112,112,112,112,131,164,117,133,133,133,53,53,65,85,85,183,183,200,300,310,330,342,342,360,373,373,373,384,397,21,48,48,151,151,167,96,113,113,133,133,133,150,150,150,162,177,2,20,20,20],"floor_reached":50,"playtime":8521,"items_purged":["Doubt","Writhe"],"score":595,"play_id":"c97f596f-5326-41a5-a965-98dd6abb11c8","local_time":"20180707235911","is_ascension_mode":false,"campfire_choices":[{"data":"Carnage","floor":10,"key":"SMITH"},{"data":"Flex","floor":15,"key":"SMITH"},{"data":"Flex","floor":23,"key":"SMITH"},{"floor":27,"key":"REST"},{"floor":32,"key":"REST"},{"floor":40,"key":"REST"},{"floor":44,"key":"REST"},{"floor":49,"key":"REST"}],"neow_cost":"","seed_source_timestamp":434143389817046,"circlet_count":0,"master_deck":["Strike_R","Strike_R","Strike_R","Strike_R","Defend_R","Defend_R","Defend_R","Bash","Iron Wave","Carnage+1","Pommel Strike","Pommel Strike","Pommel Strike","Flex+1","Headbutt","Twin Strike","Flame Barrier","Feed","Sword Boomerang","Burning Pact+1","Sword Boomerang","Flex+1","Reckless Charge","Rupture+1","Shrug It Off+1","Spot Weakness","Flex","Flash of Steel","Pommel Strike+1","Limit Break","Armaments+1","Heavy Blade","Headbutt","Thunderclap+1","Heavy Blade","Twin Strike+1","Inflame+1","Sword Boomerang+1","Panache","Flex","Heavy Blade","Heavy Blade","Pummel"],"relics":["Burning Blood","Paper Frog","Meat on the Bone","Happy Flower","Cursed Key","Boot","Vajra","Orichalcum","Orrery","Charon\u0027s Ashes"],"potions_floor_usage":[8,16,29,33,33,33,33,33,33,50],"damage_taken":[{"damage":11,"enemies":"Jaw Worm","floor":1,"turns":4},{"damage":2,"enemies":"Small Slimes","floor":5,"turns":3},{"damage":26,"enemies":"3 Sentries","floor":6,"turns":8},{"damage":0,"enemies":"Cultist","floor":8,"turns":2},{"damage":9,"enemies":"Exordium Wildlife","floor":13,"turns":3},{"damage":1,"enemies":"2 Fungi Beasts","floor":14,"turns":3},{"damage":18,"enemies":"Slime Boss","floor":16,"turns":11},{"damage":5,"enemies":"Shell Parasite","floor":18,"turns":3},{"damage":5,"enemies":"Spheric Guardian","floor":20,"turns":3},{"damage":11,"enemies":"3 Cultists","floor":21,"turns":4},{"damage":0,"enemies":"Chosen and Byrds","floor":22,"turns":3},{"damage":3,"enemies":"Snecko","floor":24,"turns":4},{"damage":28,"enemies":"Slaver and Parasite","floor":25,"turns":3},{"damage":21,"enemies":"Snake Plant","floor":28,"turns":3},{"damage":0,"enemies":"Snecko","floor":29,"turns":3},{"damage":36,"enemies":"Book of Stabbing","floor":31,"turns":4},{"damage":59,"enemies":"Champ","floor":33,"turns":10},{"damage":14,"enemies":"3 Shapes","floor":35,"turns":3},{"damage":21,"enemies":"3 Darklings","floor":37,"turns":4},{"damage":43,"enemies":"Maw","floor":39,"turns":6},{"damage":18,"enemies":"Sphere and 2 Shapes","floor":42,"turns":4},{"damage":30,"enemies":"3 Darklings","floor":45,"turns":4},{"damage":25,"enemies":"4 Shapes","floor":46,"turns":3},{"damage":38,"enemies":"Maw","floor":48,"turns":6},{"damage":114,"enemies":"Awakened One","floor":50,"turns":7}],"seed_played":"-6763604634914580223","potions_obtained":[{"floor":4,"key":"Explosive Potion"},{"floor":4,"key":"EssenceOfSteel"},{"floor":4,"key":"Fruit Juice"},{"floor":8,"key":"Poison Potion"},{"floor":16,"key":"SkillPotion"},{"floor":22,"key":"EntropicBrew"},{"floor":28,"key":"Fire Potion"},{"floor":29,"key":"Dexterity Potion"},{"floor":46,"key":"Explosive Potion"}],"is_trial":false,"path_per_floor":["M","?","?","?","M","E","?","M","T","R","$","?","M","M","R","B",null,"M","?","M","M","M","R","M","M","T","R","M","M","$","E","R","B",null,"M","$","M","?","M","R","?","M","T","R","M","M","$","M","R"],"character_chosen":"IRONCLAD","items_purchased":["Flex","Headbutt","Flex","Flash of Steel","Vajra","Inflame","Pummel"],"campfire_rested":5,"item_purchase_floors":[11,11,30,30,30,36,47],"current_hp_per_floor":[75,68,68,68,72,52,52,63,63,63,63,56,53,58,58,58,85,85,85,85,83,91,91,91,69,69,91,76,82,82,52,79,56,91,86,86,71,71,46,74,74,62,62,90,69,65,65,48,78,0],"gold":20,"neow_bonus":"","is_prod":false,"is_daily":false,"chose_seed":false,"campfire_upgraded":3,"win_rate":0.0,"timestamp":1530975551,"path_taken":["M","?","?","?","M","E","?","?","T","R","$","?","M","M","R","BOSS","M","?","M","M","M","R","M","M","T","R","M","M","$","E","R","BOSS","M","$","M","?","M","R","?","M","T","R","M","M","$","?","R","BOSS"],"build_version":"2018-07-05","purchased_purges":2,"victory":false,"max_hp_per_floor":[80,80,80,80,80,80,80,85,85,85,85,85,85,85,85,85,85,85,85,85,88,91,91,91,91,91,91,91,91,91,91,91,91,91,94,94,94,94,94,94,94,94,94,94,97,100,100,103,103,106],"card_choices":[{"not_picked":["Cleave","Whirlwind"],"picked":"Iron Wave","floor":1},{"not_picked":["Brutality","Perfected Strike"],"picked":"Pommel Strike","floor":5},{"not_picked":["True Grit","Fire Breathing"],"picked":"Pommel Strike","floor":6},{"not_picked":["Corruption","Warcry"],"picked":"Pommel Strike","floor":8},{"not_picked":["Warcry","Pommel Strike"],"picked":"Twin Strike","floor":13},{"not_picked":["Sword Boomerang","Shrug It Off"],"picked":"Flame Barrier","floor":14},{"not_picked":["Brutality","Impervious"],"picked":"Feed","floor":16},{"not_picked":["Uppercut","Perfected Strike+1"],"picked":"Sword Boomerang","floor":18},{"not_picked":["Shrug It Off","Body Slam+1"],"picked":"Burning Pact+1","floor":20},{"not_picked":["Perfected Strike","Body Slam"],"picked":"Sword Boomerang","floor":21},{"not_picked":["Corruption","Rage"],"picked":"Flex","floor":22},{"not_picked":["Whirlwind","Searing Blow"],"picked":"Reckless Charge","floor":24},{"not_picked":["Burning Pact","Clothesline+1"],"picked":"Rupture+1","floor":25},{"not_picked":["Sword Boomerang","Pommel Strike"],"picked":"Shrug It Off+1","floor":28},{"not_picked":["Clothesline","Pommel Strike"],"picked":"Spot Weakness","floor":29},{"not_picked":["Disarm+1","Shrug It Off"],"picked":"Pommel Strike+1","floor":31},{"not_picked":["Fiend Fire","Bludgeon"],"picked":"Limit Break","floor":33},{"not_picked":["Warcry","Searing Blow"],"picked":"Armaments+1","floor":34},{"not_picked":["Iron Wave","Anger"],"picked":"Heavy Blade","floor":34},{"not_picked":["Hemokinesis","Sword Boomerang"],"picked":"Headbutt","floor":34},{"not_picked":["Perfected Strike","Second Wind"],"picked":"Thunderclap+1","floor":34},{"not_picked":["True Grit","Perfected Strike"],"picked":"Heavy Blade","floor":34},{"not_picked":["Infernal Blade+1","Uppercut+1"],"picked":"Twin Strike+1","floor":35},{"not_picked":["Corruption+1","Bloodletting+1"],"picked":"Sword Boomerang+1","floor":37},{"not_picked":["Sadistic Nature","Trip"],"picked":"Panache","floor":38},{"not_picked":["Uppercut+1","Thunderclap+1","True Grit+1"],"picked":"SKIP","floor":39},{"not_picked":["Flame Barrier+1","Clash+1"],"picked":"Flex","floor":42},{"not_picked":["Spot Weakness+1","Sever Soul+1"],"picked":"Heavy Blade","floor":45},{"not_picked":["Perfected Strike","Cleave+1"],"picked":"Heavy Blade","floor":46},{"not_picked":["Clothesline+1","Perfected Strike","Intimidate"],"picked":"SKIP","floor":48}],"player_experience":8806,"relics_obtained":[{"floor":6,"key":"Paper Frog"},{"floor":9,"key":"Meat on the Bone"},{"floor":26,"key":"Boot"},{"floor":31,"key":"Orichalcum"},{"floor":43,"key":"Charon\u0027s Ashes"}],"event_choices":[{"event_name":"Golden Wing","player_choice":"Card Removal","floor":2,"damage_taken":0},{"event_name":"Transmorgrifier","player_choice":"Transform","floor":3,"damage_taken":0},{"event_name":"The Lab","player_choice":"Got Potions","floor":4,"damage_taken":0},{"event_name":"World of Goop","player_choice":"Left","floor":7,"damage_taken":0},{"event_name":"Scrap Ooze","player_choice":"success","floor":12,"damage_taken":7},{"event_name":"Golden Shrine","player_choice":"Pray","floor":19,"damage_taken":0},{"event_name":"SensoryStone","player_choice":"Memory 1","floor":38,"damage_taken":0},{"event_name":"Accursed Blacksmith","player_choice":"Forge","floor":41,"damage_taken":0}],"boss_relics":[{"not_picked":["White Beast Statue","Empty Cage"],"picked":"Cursed Key"},{"not_picked":["Runic Pyramid","Eternal Feather"],"picked":"Orrery"}],"items_purged_floors":[30,47],"is_endless":false,"potions_floor_spawned":[6,8,16,22,28,29,46],"killed_by":"Awakened One","ascension_level":0}