{"path_per_floor":["M","M","$","M","?","R","E","M","T","E","R","M","M","E","R","B",null,"M","M","M","M","?","R","?","E","T","E"],"character_chosen":"IRONCLAD","items_purchased":["Paper Frog","Explosive Potion"],"gold_per_floor":[360,376,7,26,26,26,56,71,121,148,148,168,179,209,209,308,308,326,336,349,360,275,275,200,232,284,312,312],"floor_reached":28,"campfire_rested":2,"playtime":1127,"item_purchase_floors":[3,3],"current_hp_per_floor":[72,76,76,73,73,73,63,69,69,42,66,68,63,77,77,39,77,48,45,22,24,24,59,59,17,17,9,0],"items_purged":["Normality"],"gold":312,"score":364,"play_id":"21cbac0e-3635-4533-908f-d5d43ff1cba2","local_time":"20180612224414","is_prod":false,"is_daily":false,"chose_seed":false,"is_ascension_mode":true,"campfire_upgraded":2,"win_rate":0,"timestamp":1528836254,"campfire_choices":[{"data":"Spot Weakness","floor":6,"key":"SMITH"},{"floor":11,"key":"REST"},{"data":"Sentinel","floor":15,"key":"SMITH"},{"floor":23,"key":"REST"}],"path_taken":["M","?","$","M","?","R","E","?","T","E","R","M","M","E","R","BOSS","M","M","M","M","?","R","?","E","T","E","?"],"build_version":"2018-06-07v3","seed_source_timestamp":134126279500639,"purchased_purges":1,"victory":false,"master_deck":["Strike_R","Strike_R","Strike_R","Strike_R","Strike_R","Defend_R","Defend_R","Defend_R","Bash+1","Spot Weakness+1","Perfected Strike","Spot Weakness","Anger","True Grit","Sentinel+1","Cleave","Twin Strike","Offering","Demon Form","Pummel","Intimidate","True Grit","Feel No Pain+1","Perfected Strike+1","Perfected Strike+1"],"max_hp_per_floor":[80,80,80,80,80,80,80,80,80,80,80,80,80,90,90,90,90,90,90,90,90,90,90,90,90,90,90,90],"relics":["Burning Blood","Paper Frog","Mercury Hourglass","Pen Nib","Bronze Scales","Pear","Eternal Feather","Happy Flower","Bag of Marbles","Juzu Bracelet","Smiling Mask"],"card_choices":[{"not_picked":["Dropkick","Clothesline"],"picked":"Spot Weakness","floor":1},{"not_picked":["Warcry","Headbutt"],"picked":"Perfected Strike","floor":2},{"not_picked":["Whirlwind","Iron Wave"],"picked":"Spot Weakness","floor":4},{"not_picked":["Clothesline","Twin Strike"],"picked":"Anger","floor":7},{"not_picked":["Second Wind","Clash"],"picked":"True Grit","floor":8},{"not_picked":["Anger","Brutality"],"picked":"Sentinel","floor":10},{"not_picked":["Reckless Charge","Clothesline"],"picked":"Cleave","floor":12},{"not_picked":["Headbutt","Wild Strike"],"picked":"Twin Strike","floor":13},{"not_picked":["Anger","Entrench"],"picked":"Offering","floor":14},{"not_picked":["Barricade","Brutality"],"picked":"Demon Form","floor":16},{"not_picked":["Havoc","Uppercut"],"picked":"Pummel","floor":18},{"not_picked":["Thunderclap+1","Evolve+1"],"picked":"Intimidate","floor":19},{"not_picked":["Thunderclap","Heavy Blade"],"picked":"True Grit","floor":20},{"not_picked":["Feed","Searing Blow"],"picked":"Feel No Pain+1","floor":21},{"not_picked":["Anger","Shockwave"],"picked":"Perfected Strike+1","floor":25},{"not_picked":["Searing Blow","Immolate"],"picked":"Perfected Strike+1","floor":27}],"player_experience":665473,"potions_floor_usage":[14,14,27,27],"damage_taken":[{"damage":6,"enemies":"Cultist","floor":1,"turns":4},{"damage":2,"enemies":"Small Slimes","floor":2,"turns":5},{"damage":9,"enemies":"Jaw Worm","floor":4,"turns":5},{"damage":16,"enemies":"Gremlin Nob","floor":7,"turns":3},{"damage":0,"enemies":"2 Fungi Beasts","floor":8,"turns":3},{"damage":33,"enemies":"Lagavulin","floor":10,"turns":4},{"damage":4,"enemies":"Looter","floor":12,"turns":2},{"damage":11,"enemies":"Blue Slaver","floor":13,"turns":3},{"damage":2,"enemies":"3 Sentries","floor":14,"turns":3},{"damage":44,"enemies":"Hexaghost","floor":16,"turns":6},{"damage":35,"enemies":"Shell Parasite","floor":18,"turns":5},{"damage":9,"enemies":"Chosen","floor":19,"turns":4},{"damage":29,"enemies":"Sentry and Sphere","floor":20,"turns":4},{"damage":4,"enemies":"Centurion and Healer","floor":21,"turns":5},{"damage":48,"enemies":"Gremlin Leader","floor":25,"turns":4},{"damage":14,"enemies":"Slavers","floor":27,"turns":3}],"relics_obtained":[{"floor":7,"key":"Mercury Hourglass"},{"floor":9,"key":"Pen Nib"},{"floor":10,"key":"Bronze Scales"},{"floor":14,"key":"Pear"},{"floor":25,"key":"Bag of Marbles"},{"floor":26,"key":"Juzu Bracelet"},{"floor":27,"key":"Smiling Mask"}],"event_choices":[{"event_name":"Upgrade Shrine","player_choice":"Upgraded","floor":5,"damage_taken":0},{"event_name":"Addict","player_choice":"Obtained Relic","floor":22,"damage_taken":0},{"event_name":"Beggar","player_choice":"Gave Gold","floor":24,"damage_taken":0}],"boss_relics":[{"not_picked":["Runic Cube","Mark of Pain"],"picked":"Eternal Feather"}],"items_purged_floors":[3],"potions_floor_spawned":[12,14,16,18],"seed_played":"2154120069222047456","ascension_level":6,"potions_obtained":[{"floor":12,"key":"Dexterity Potion"},{"floor":14,"key":"LiquidBronze"},{"floor":16,"key":"Explosive Potion"},{"floor":18,"key":"Poison Potion"}],"is_trial":false}