{"gold_per_floor":[109,129,140,140,28,62,16,44,90,110,110,120,120,120,120,223,223,242,202,77,77,93,128,156,169,196,15,15,40,40],"floor_reached":30,"playtime":1173,"items_purged":["Regret"],"score":425,"play_id":"fb416d5e-23c1-4c5a-902f-59b6949c48ca","local_time":"20180911190049","is_ascension_mode":true,"campfire_choices":[{"floor":13,"key":"REST"},{"floor":15,"key":"REST"},{"floor":28,"key":"REST"}],"neow_cost":"","seed_source_timestamp":0,"circlet_count":0,"master_deck":["Defend_G","Defend_G","Defend_G","Defend_G","Defend_G+1","Strike_G","Strike_G","Strike_G","Strike_G","Strike_G","Survivor","Neutralize","Quick Slash+1","Leg Sweep","Bouncing Flask","Footwork","Bane","Corpse Explosion","Outmaneuver","A Thousand Cuts","Poisoned Stab","Noxious Fumes","Poisoned Stab","Prepared","Apotheosis","Crippling Poison"],"special_seed":0,"relics":["Ring of the Snake","Pear","Potion Belt","Darkstone Periapt","Pen Nib","Oddly Smooth Stone","Bird Faced Urn","White Beast Statue","Thread and Needle","Red Mask","Snake Skull","Blood Vial"],"potions_floor_usage":[6,8,12,18,22,22,22,23,23,24,24,25,30],"damage_taken":[{"damage":3,"enemies":"Cultist","floor":1,"turns":4},{"damage":3,"enemies":"Jaw Worm","floor":2,"turns":4},{"damage":0,"enemies":"2 Louse","floor":3,"turns":2},{"damage":20,"enemies":"3 Sentries","floor":6,"turns":7},{"damage":18,"enemies":"Gremlin Nob","floor":8,"turns":3},{"damage":3,"enemies":"Exordium Thugs","floor":10,"turns":5},{"damage":2,"enemies":"Large Slime","floor":12,"turns":6},{"damage":32,"enemies":"Hexaghost","floor":16,"turns":12},{"damage":28,"enemies":"2 Thieves","floor":18,"turns":3},{"damage":5,"enemies":"3 Byrds","floor":22,"turns":3},{"damage":34,"enemies":"Slavers","floor":23,"turns":2},{"damage":0,"enemies":"Masked Bandits","floor":24,"turns":2},{"damage":1,"enemies":"Centurion and Healer","floor":25,"turns":5},{"damage":50,"enemies":"Book of Stabbing","floor":29,"turns":8},{"damage":14,"enemies":"Cultist and Chosen","floor":30,"turns":4}],"seed_played":"-2291788011236940831","potions_obtained":[{"floor":1,"key":"PowerPotion"},{"floor":3,"key":"Fire Potion"},{"floor":10,"key":"Weak Potion"},{"floor":16,"key":"Energy Potion"},{"floor":18,"key":"LiquidBronze"},{"floor":19,"key":"AttackPotion"},{"floor":19,"key":"GamblersBrew"},{"floor":19,"key":"Regen Potion"},{"floor":22,"key":"Energy Potion"},{"floor":23,"key":"Poison Potion"},{"floor":24,"key":"EssenceOfSteel"},{"floor":25,"key":"Ancient Potion"},{"floor":29,"key":"PowerPotion"}],"is_trial":false,"path_per_floor":["M","M","M","?","?","E","$","E","T","M","?","M","R","?","R","B",null,"M","?","$","?","M","E","?","M","T","$","R","E"],"character_chosen":"THE_SILENT","items_purchased":["Bane","Block Potion","Apotheosis"],"campfire_rested":3,"item_purchase_floors":[7,20,27],"current_hp_per_floor":[60,57,57,64,64,44,44,26,26,23,7,5,29,35,60,30,72,44,44,44,44,53,21,21,26,26,26,51,5,0],"gold":40,"neow_bonus":"","is_prod":false,"is_daily":false,"chose_seed":false,"campfire_upgraded":0,"win_rate":0,"timestamp":1536685249,"path_taken":["M","M","M","?","?","E","?","E","T","?","?","M","R","?","R","BOSS","M","?","$","?","M","E","?","?","T","?","R","E","M"],"build_version":"2018-09-06","purchased_purges":1,"victory":false,"max_hp_per_floor":[70,70,70,80,80,80,80,80,80,80,80,80,80,86,86,86,86,86,86,86,86,86,86,86,86,86,86,86,86,86],"card_choices":[{"not_picked":["Riddle With Holes","Flying Knee"],"picked":"Quick Slash","floor":1},{"not_picked":["Dagger Spray","Dodge and Roll"],"picked":"Leg Sweep","floor":2},{"not_picked":["Dodge and Roll","Endless Agony"],"picked":"Bouncing Flask","floor":3},{"not_picked":["Endless Agony","Accuracy"],"picked":"Footwork","floor":6},{"not_picked":["Underhanded Strike","Backflip"],"picked":"Corpse Explosion","floor":8},{"not_picked":["Infinite Blades","Endless Agony","Quick Slash"],"picked":"SKIP","floor":10},{"not_picked":["Choke","Bouncing Flask"],"picked":"Outmaneuver","floor":12},{"not_picked":["Unload","Glass Knife"],"picked":"A Thousand Cuts","floor":16},{"not_picked":["Blade Dance","Slice+1"],"picked":"Poisoned Stab","floor":18},{"not_picked":["Blade Dance","Cloak And Dagger"],"picked":"Poisoned Stab","floor":22},{"not_picked":["Sucker Punch","Accuracy","Dagger Spray"],"picked":"SKIP","floor":23},{"not_picked":["Dagger Spray","Choke+1"],"picked":"Prepared","floor":25},{"not_picked":["Corpse Explosion","Flechettes"],"picked":"Crippling Poison","floor":29}],"player_experience":985447,"relics_obtained":[{"floor":6,"key":"Darkstone Periapt"},{"floor":8,"key":"Pen Nib"},{"floor":9,"key":"Oddly Smooth Stone"},{"floor":23,"key":"Thread and Needle"},{"floor":24,"key":"Red Mask"},{"floor":26,"key":"Snake Skull"},{"floor":29,"key":"Blood Vial"}],"event_choices":[{"event_name":"Scrap Ooze","player_choice":"success","floor":4,"damage_taken":3},{"event_name":"WeMeetAgain","player_choice":"Gold","floor":5,"damage_taken":0},{"event_name":"Shining Light","player_choice":"Entered Light","floor":11,"damage_taken":0},{"event_name":"Big Fish","player_choice":"Box","floor":14,"damage_taken":0},{"event_name":"The Woman in Blue","player_choice":"Bought 3 Potions","floor":19,"damage_taken":0},{"event_name":"The Library","player_choice":"Read","floor":21,"damage_taken":0},{"event_name":"Masked Bandits","player_choice":"Fought Bandits","floor":24,"damage_taken":0}],"is_beta":false,"boss_relics":[{"not_picked":["Sozu","Empty Cage"],"picked":"White Beast Statue"}],"items_purged_floors":[20],"is_endless":false,"potions_floor_spawned":[1,3,10,16,18,22,23,24,25,29],"killed_by":"Cultist and Chosen","ascension_level":9}