{"gold_per_floor":[118,118,43,8,8,8,52,52,52,77,121,121,140,180,180,273,273,293,293,293],"floor_reached":20,"playtime":558,"items_purged":["Pain"],"score":447,"play_id":"d636234a-b502-4b27-b231-3e3b767b14ad","local_time":"20190219133119","is_ascension_mode":true,"campfire_choices":[{"data":"Bash","floor":6.0,"key":"SMITH"},{"floor":12.0,"key":"REST"},{"data":"Infernal Blade","floor":15.0,"key":"SMITH"}],"neow_cost":"CURSE","seed_source_timestamp":0,"circlet_count":0,"master_deck":["AscendersBane","Strike_R+1","Strike_R","Strike_R","Strike_R","Strike_R","Defend_R","Defend_R","Defend_R","Defend_R","Bash+1","Offering","Power Through","Pommel Strike+1","Warcry","Infernal Blade+1","Wild Strike","Dropkick","Demon Form","Pommel Strike"],"special_seed":0,"relics":["Burning Blood","Golden Idol","Whetstone","Dead Branch","Pantograph","PreservedInsect","Darkstone Periapt","Runic Pyramid"],"potions_floor_usage":[],"damage_taken":[{"damage":11.0,"enemies":"2 Louse","floor":1.0,"turns":4.0},{"damage":6.0,"enemies":"Gremlin Nob","floor":7.0,"turns":3.0},{"damage":0.0,"enemies":"Jaw Worm","floor":10.0,"turns":3.0},{"damage":30.0,"enemies":"3 Sentries","floor":11.0,"turns":5.0},{"damage":6.0,"enemies":"Cultist","floor":13.0,"turns":2.0},{"damage":11.0,"enemies":"Lagavulin","floor":14.0,"turns":4.0},{"damage":15.0,"enemies":"Slime Boss","floor":16.0,"turns":4.0},{"damage":27.0,"enemies":"3 Byrds","floor":18.0,"turns":5.0},{"damage":0,"enemies":"Shell Parasite","floor":20,"turns":1}],"seed_played":"6947535088948422854","potions_obtained":[{"floor":1.0,"key":"AttackPotion"},{"floor":7.0,"key":"BloodPotion"},{"floor":10.0,"key":"Swift Potion"},{"floor":18.0,"key":"SpeedPotion"},{"floor":19.0,"key":"Regen Potion"}],"is_trial":false,"path_per_floor":["M","?","$","?","?","R","E","?","T","M","E","R","M","E","R","B",null,"M","?","M"],"character_chosen":"IRONCLAD","items_purchased":[],"campfire_rested":1,"item_purchase_floors":[],"current_hp_per_floor":[63,63,63,75,75,75,75,57,57,63,46,68,68,63,63,66,73,52,52,52],"gold":293,"neow_bonus":"THREE_RARE_CARDS","is_prod":false,"is_daily":false,"chose_seed":false,"campfire_upgraded":2,"win_rate":0,"timestamp":1550579479,"path_taken":["M","?","$","?","?","R","E","?","T","M","E","R","?","E","R","BOSS","M","?","?"],"build_version":"2019-01-23","purchased_purges":1,"victory":false,"max_hp_per_floor":[75,75,75,75,75,75,75,75,75,75,75,75,75,75,75,75,75,75,75,75],"card_choices":[{"not_picked":["Dark Embrace","Fiend Fire"],"picked":"Offering","floor":0.0},{"not_picked":["Clash","Infernal Blade"],"picked":"Power Through","floor":1.0},{"not_picked":["Flex","Warcry"],"picked":"Pommel Strike","floor":7.0},{"not_picked":["Reckless Charge","Wild Strike"],"picked":"Warcry","floor":10.0},{"not_picked":["Second Wind","Perfected Strike"],"picked":"Infernal Blade","floor":11.0},{"not_picked":["Cleave","Perfected Strike"],"picked":"Wild Strike","floor":13.0},{"not_picked":["Sentinel","Warcry"],"picked":"Dropkick","floor":14.0},{"not_picked":["Bludgeon","Dark Embrace"],"picked":"Demon Form","floor":16.0},{"not_picked":["Clothesline","Sword Boomerang"],"picked":"Pommel Strike","floor":18.0}],"player_experience":2291515,"relics_obtained":[{"floor":7.0,"key":"Whetstone"},{"floor":9.0,"key":"Pantograph"},{"floor":11.0,"key":"PreservedInsect"},{"floor":14.0,"key":"Darkstone Periapt"}],"event_choices":[{"damage_healed":0.0,"max_hp_gain":0.0,"max_hp_loss":0.0,"gold_gain":0.0,"event_name":"Golden Idol","player_choice":"Take Wound","floor":2.0,"gold_loss":0.0,"damage_taken":0.0,"relics_obtained":["Golden Idol"],"cards_obtained":["Injury"]},{"damage_healed":18.0,"max_hp_gain":0.0,"max_hp_loss":0.0,"gold_gain":0.0,"event_name":"The Cleric","player_choice":"Healed","floor":4.0,"gold_loss":35.0,"damage_taken":0.0},{"cards_removed":["Injury"],"damage_healed":0.0,"max_hp_gain":0.0,"max_hp_loss":0.0,"gold_gain":0.0,"event_name":"Living Wall","player_choice":"Forget","floor":5.0,"gold_loss":0.0,"damage_taken":0.0},{"damage_healed":0.0,"max_hp_gain":0.0,"max_hp_loss":0.0,"gold_gain":0.0,"event_name":"Scrap Ooze","player_choice":"Success","floor":8.0,"gold_loss":0.0,"damage_taken":18.0,"relics_obtained":["Dead Branch"]},{"damage_healed":0.0,"max_hp_gain":0.0,"max_hp_loss":0.0,"gold_gain":0.0,"event_name":"Lab","player_choice":"Got Potions","floor":19.0,"gold_loss":0.0,"damage_taken":0.0}],"is_beta":false,"boss_relics":[{"not_picked":["Black Star","Tiny House"],"picked":"Runic Pyramid"}],"items_purged_floors":[3],"is_endless":false,"potions_floor_spawned":[1,7,10,18],"killed_by":"Shell Parasite","ascension_level":14}