{"gold_per_floor":[111,130,305,21,21,21,21,55,82,82,122,146,111,169,169,290,290,305,220,220,240,91,125,125,160,212,212],"floor_reached":27,"playtime":1189,"items_purged":["Doubt"],"score":371,"play_id":"1db8fe65-57aa-432d-af9f-bcb8e7c80e00","local_time":"20181112195324","is_ascension_mode":true,"campfire_choices":[{"data":"Streamline","floor":6,"key":"SMITH"},{"floor":10,"key":"REST"},{"data":"Whirlwind","floor":15,"key":"SMITH"},{"floor":24,"key":"REST"}],"neow_cost":"NONE","seed_source_timestamp":439030040735236,"circlet_count":0,"master_deck":["AscendersBane","Strike_B","Strike_B","Strike_B","Strike_B","Defend_B","Defend_B","Defend_B","Defend_B","Zap+1","Dualcast","Go for the Eyes","Streamline+1","Melter+1","HandOfGreed","Compile Driver","Leap","Whirlwind+1","Bullet Time","Deep Breath+1","Necronomicurse","Undo"],"relics":["Cracked Core","PrismaticShard","Golden Idol","Thread and Needle","Happy Flower","Runic Pyramid","Juzu Bracelet","Necronomicon","Regal Pillow","Orichalcum","Anchor","Dream Catcher"],"potions_floor_usage":[12,21,21],"damage_taken":[{"damage":2,"enemies":"Jaw Worm","floor":1,"turns":3},{"damage":3,"enemies":"Small Slimes","floor":2,"turns":3},{"damage":20,"enemies":"Gremlin Nob","floor":8,"turns":3},{"damage":0,"enemies":"2 Louse","floor":11,"turns":2},{"damage":1,"enemies":"Exordium Wildlife","floor":12,"turns":3},{"damage":8,"enemies":"Lots of Slimes","floor":14,"turns":6},{"damage":32,"enemies":"The Guardian","floor":16,"turns":10},{"damage":3,"enemies":"Shell Parasite","floor":18,"turns":3},{"damage":10,"enemies":"Colosseum Slavers","floor":21,"turns":2},{"damage":22,"enemies":"Book of Stabbing","floor":23,"turns":4},{"damage":25,"enemies":"Slavers","floor":25,"turns":5},{"damage":16,"enemies":"Gremlin Leader","floor":27,"turns":4}],"seed_played":"5194074908377434737","potions_obtained":[{"floor":2,"key":"Ancient Potion"},{"floor":8,"key":"Fire Potion"},{"floor":12,"key":"SteroidPotion"},{"floor":14,"key":"Regen Potion"},{"floor":16,"key":"Dexterity Potion"}],"is_trial":false,"path_per_floor":["M","M","?","$","?","R","?","E","T","R","M","M","?","M","R","B",null,"M","?","?","?","$","E","R","E","T","E"],"character_chosen":"DEFECT","items_purchased":["PrismaticShard","Regal Pillow"],"campfire_rested":2,"item_purchase_floors":[4,22],"current_hp_per_floor":[66,63,63,63,48,48,48,28,28,48,48,47,64,56,56,24,58,55,55,39,34,34,12,47,22,22,6],"gold":212,"neow_bonus":"THREE_CARDS","is_prod":false,"is_daily":false,"chose_seed":false,"campfire_upgraded":2,"win_rate":0,"timestamp":1542048804,"path_taken":["M","M","?","$","?","R","?","E","T","R","?","?","?","M","R","BOSS","M","?","?","?","?","E","R","E","T","E"],"build_version":"2018-11-08","purchased_purges":1,"victory":false,"max_hp_per_floor":[75,75,75,75,75,75,69,69,69,69,69,69,69,69,69,69,69,69,69,69,69,69,69,69,69,69,69],"card_choices":[{"not_picked":["Compile Driver","Redo"],"picked":"Go for the Eyes","floor":0},{"not_picked":["Hologram","Redo"],"picked":"Streamline","floor":1},{"not_picked":["Go for the Eyes","Steam"],"picked":"Melter","floor":2},{"not_picked":["Go for the Eyes","Go for the Eyes"],"picked":"HandOfGreed","floor":8},{"not_picked":["Infinite Blades","Storm"],"picked":"Compile Driver","floor":11},{"not_picked":["Dagger Throw","Dagger Spray"],"picked":"Leap","floor":12},{"not_picked":["Iron Wave","Beam Cell"],"picked":"Whirlwind","floor":14},{"not_picked":["Core Surge","Malaise"],"picked":"Bullet Time","floor":16},{"not_picked":["Finisher","Clothesline"],"picked":"Deep Breath+1","floor":18},{"not_picked":["Searing Blow","Capacitor+1","Barrage"],"picked":"SKIP","floor":23},{"not_picked":["Dual Wield+1","Phantasmal Killer"],"picked":"Undo","floor":25}],"player_experience":1171841,"relics_obtained":[{"floor":8,"key":"Thread and Needle"},{"floor":9,"key":"Happy Flower"},{"floor":20,"key":"Necronomicon"},{"floor":23,"key":"Orichalcum"},{"floor":25,"key":"Anchor"},{"floor":26,"key":"Dream Catcher"}],"event_choices":[{"damage_healed":0,"gold_gain":175,"player_choice":"AGREE","damage_taken":0,"max_hp_gain":0,"max_hp_loss":0,"event_name":"Liars Game","floor":3,"gold_loss":0,"cards_obtained":["Doubt"]},{"damage_healed":0,"gold_gain":0,"player_choice":"Entered Light","damage_taken":15,"max_hp_gain":0,"max_hp_loss":0,"event_name":"Shining Light","floor":5,"gold_loss":0,"cards_upgraded":["Zap","Melter"]},{"damage_healed":0,"gold_gain":0,"player_choice":"Lose Max HP","damage_taken":0,"relics_obtained":["Golden Idol"],"max_hp_gain":0,"max_hp_loss":6,"event_name":"Golden Idol","floor":7,"gold_loss":0},{"damage_healed":17,"gold_gain":0,"player_choice":"Healed","damage_taken":0,"max_hp_gain":0,"max_hp_loss":0,"event_name":"The Cleric","floor":13,"gold_loss":35},{"damage_healed":0,"gold_gain":0,"player_choice":"Obtained Relic","damage_taken":0,"relics_obtained":["Juzu Bracelet"],"max_hp_gain":0,"max_hp_loss":0,"event_name":"Addict","floor":19,"gold_loss":85},{"damage_healed":0,"gold_gain":0,"player_choice":"Obtained Book","damage_taken":16,"max_hp_gain":0,"max_hp_loss":0,"event_name":"Cursed Tome","floor":20,"gold_loss":0},{"damage_healed":0,"gold_gain":0,"player_choice":"Fight","damage_taken":0,"max_hp_gain":0,"max_hp_loss":0,"event_name":"Colosseum","floor":21,"gold_loss":0},{"damage_healed":0,"gold_gain":0,"player_choice":"Fled From Nobs","damage_taken":0,"max_hp_gain":0,"max_hp_loss":0,"event_name":"Colosseum","floor":21,"gold_loss":0}],"is_beta":false,"boss_relics":[{"not_picked":["White Beast Statue","Tiny House"],"picked":"Runic Pyramid"}],"items_purged_floors":[4],"is_endless":false,"potions_floor_spawned":[2,8,12,14,16,18],"killed_by":"Gremlin Leader","ascension_level":10}