{"gold_per_floor":[112,112,124,74,74,74,74,110,110,149,0,0,21,39,39,160,160,184,172,172,97,72,87,87,87,113,126,147,170,170,186,186,186],"floor_reached":33,"playtime":1412,"items_purged":[],"score":373,"play_id":"535cb5b1-b072-4099-8cd8-e5f4cf6d3b0f","local_time":"20181004152033","is_ascension_mode":true,"campfire_choices":[{"data":"Zap","floor":6.0,"key":"SMITH"},{"floor":12.0,"key":"REST"},{"floor":15.0,"key":"REST"},{"floor":24,"key":"REST"},{"floor":30,"key":"REST"},{"floor":32,"key":"REST"}],"neow_cost":"TEN_PERCENT_HP_LOSS","seed_source_timestamp":221765232815684,"circlet_count":0,"master_deck":["Strike_B+1","Strike_B","Defend_B","Defend_B+1","Defend_B","Defend_B","Zap+1","Dualcast","White Noise+1","Capacitor","Sweeping Beam","Leap","Go for the Eyes+1","Stack","Amplify","Ball Lightning+1","Redo+1","Coolheaded","Glacier+1","Cold Snap+1","Go for the Eyes+1","Beam Cell+1","Stack"],"special_seed":0,"relics":["Cracked Core","Ice Cream","Golden Idol","Dodecahedron","Molten Egg 2","Shuriken","Potion Belt","White Beast Statue","Strawberry","Mercury Hourglass","Smiling Mask"],"potions_floor_usage":[23,23,23,27,27,28,31,33,33],"damage_taken":[{"damage":2.0,"enemies":"Jaw Worm","floor":1.0,"turns":4.0},{"damage":1.0,"enemies":"2 Louse","floor":3.0,"turns":3.0},{"damage":10.0,"enemies":"Lagavulin","floor":8.0,"turns":6.0},{"damage":26.0,"enemies":"Gremlin Nob","floor":10.0,"turns":4.0},{"damage":0.0,"enemies":"Cultist","floor":13.0,"turns":3.0},{"damage":3.0,"enemies":"Blue Slaver","floor":14.0,"turns":3.0},{"damage":25.0,"enemies":"Hexaghost","floor":16.0,"turns":11.0},{"damage":15.0,"enemies":"Shell Parasite","floor":18.0,"turns":8.0},{"damage":18.0,"enemies":"2 Thieves","floor":19.0,"turns":4.0},{"damage":23,"enemies":"Snake Plant","floor":23,"turns":5},{"damage":13,"enemies":"3 Cultists","floor":27,"turns":4},{"damage":4,"enemies":"Snecko","floor":28,"turns":9},{"damage":0,"enemies":"Centurion and Healer","floor":29,"turns":10},{"damage":6,"enemies":"Shelled Parasite and Fungi","floor":31,"turns":3},{"damage":32,"enemies":"Automaton","floor":33,"turns":10}],"seed_played":"38828042063087577","potions_obtained":[{"floor":1.0,"key":"Block Potion"},{"floor":10.0,"key":"Swift Potion"},{"floor":13.0,"key":"PowerPotion"},{"floor":16.0,"key":"Weak Potion"},{"floor":18.0,"key":"SpeedPotion"},{"floor":19.0,"key":"Fire Potion"},{"floor":23,"key":"Weak Potion"},{"floor":27,"key":"SpeedPotion"},{"floor":28,"key":"Fire Potion"},{"floor":29,"key":"Strength Potion"},{"floor":31,"key":"Fire Potion"}],"is_trial":false,"path_per_floor":["M","?","M","?","?","R","?","E","T","E","$","R","M","M","R","B",null,"M","M","?","?","$","M","R","T","T","M","M","M","R","M","R"],"character_chosen":"DEFECT","items_purchased":["Potion Belt","Coolheaded"],"campfire_rested":5,"item_purchase_floors":[11,22],"current_hp_per_floor":[66,66,65,65,63,63,50,40,40,14,14,32,32,29,47,22,53,38,20,27,27,27,4,25,25,25,12,8,8,29,23,44,12],"gold":186,"neow_bonus":"ONE_RARE_RELIC","is_prod":false,"is_daily":false,"chose_seed":false,"campfire_upgraded":1,"win_rate":0,"timestamp":1538659233,"path_taken":["M","?","?","?","?","R","?","E","T","E","$","R","?","M","R","BOSS","M","M","?","?","$","M","R","?","T","M","?","?","R","M","R","BOSS"],"build_version":"2018-09-27","purchased_purges":0,"victory":false,"max_hp_per_floor":[68,68,68,68,63,63,63,63,63,63,63,63,63,63,63,63,63,63,63,70,70,70,70,70,70,70,70,70,70,70,70,70,70],"card_choices":[{"not_picked":["Hologram","Leap"],"picked":"White Noise","floor":1.0},{"not_picked":["Darkness","Coolheaded"],"picked":"Capacitor","floor":3.0},{"not_picked":["Stack","Hologram"],"picked":"Sweeping Beam","floor":8.0},{"not_picked":["Lockon+1","Sweeping Beam+1"],"picked":"Leap","floor":10.0},{"not_picked":["Seek","Skim"],"picked":"Go for the Eyes+1","floor":13.0},{"not_picked":["Hello World","Turbo"],"picked":"Stack","floor":14.0},{"not_picked":["Thunder Strike+1","Seek"],"picked":"Amplify","floor":16.0},{"not_picked":["Hello World","Barrage+1"],"picked":"Ball Lightning+1","floor":18.0},{"not_picked":["Steam","Hologram"],"picked":"Redo+1","floor":19.0},{"not_picked":["Blizzard+1","Hologram"],"picked":"Glacier+1","floor":23},{"not_picked":["Stack","Scrape+1"],"picked":"Cold Snap+1","floor":27},{"not_picked":["Fission","Streamline+1"],"picked":"Go for the Eyes+1","floor":28},{"not_picked":["Conserve Battery","Reinforced Body"],"picked":"Beam Cell+1","floor":29},{"not_picked":["Reinforced Body","Fusion"],"picked":"Stack","floor":31}],"player_experience":1032889,"relics_obtained":[{"floor":8.0,"key":"Dodecahedron"},{"floor":9.0,"key":"Molten Egg 2"},{"floor":10.0,"key":"Shuriken"},{"floor":25,"key":"Mercury Hourglass"},{"floor":26,"key":"Smiling Mask"}],"event_choices":[{"event_name":"Living Wall","player_choice":"Grow","floor":2.0,"damage_taken":0.0},{"event_name":"The Cleric","player_choice":"Card Removal","floor":4.0,"damage_taken":0.0},{"event_name":"Golden Idol","player_choice":"Lose Max HP","floor":5.0,"damage_taken":0.0},{"event_name":"Shining Light","player_choice":"Entered Light","floor":7.0,"damage_taken":0.0},{"event_name":"The Mausoleum","player_choice":"Yes","floor":20.0,"damage_taken":0.0},{"event_name":"Beggar","player_choice":"Gave Gold","floor":21.0,"damage_taken":0.0}],"is_beta":false,"boss_relics":[{"not_picked":["FrozenCore","Velvet Choker"],"picked":"White Beast Statue"}],"items_purged_floors":[],"is_endless":false,"potions_floor_spawned":[1,10,13,16,18,19,23,27,28,29,31],"killed_by":"Automaton","ascension_level":9}