{"gold_per_floor":[366,366,379,379,392,392,392,392,392,426,446,173,173,47,47,166,166,186,186,8,26,26,69,69,110,110,110,71,89,124,73,73,204,204,229,229,243,368,388,423,423,463,490,490,506,77,112,31,31,31],"floor_reached":51,"playtime":5682,"items_purged":["Strike_B","Strike_B","Meteor Strike+1"],"score":1152,"play_id":"96383504-39ac-411f-9c17-f17c7177e836","local_time":"20190114015557","is_ascension_mode":true,"campfire_choices":[{"data":"Defragment","floor":6.0,"key":"SMITH"},{"floor":8.0,"key":"REST"},{"floor":15.0,"key":"REST"},{"data":"Capacitor","floor":24.0,"key":"SMITH"},{"floor":27.0,"key":"REST"},{"data":"Loop","floor":32.0,"key":"SMITH"},{"floor":44.0,"key":"REST"},{"floor":49.0,"key":"REST"}],"neow_cost":"CURSE","seed_source_timestamp":20914151603373,"circlet_count":0,"master_deck":["Zap","Dualcast","Cold Snap","Streamline+1","Defragment+1","Leap+1","Hologram+1","Ball Lightning+1","Redo+1","Core Surge+1","Capacitor+1","Barrage+1","Blizzard+1","Melter+1","Electrodynamics","Conserve Battery+1","BootSequence+1","Cold Snap+1","Redo+1","Steam+1","Loop+1","Defragment+1","Go for the Eyes+1","Redo+1","Cold Snap+1","Trip+1","Reinforced Body+1","Leap+1","Chill+1","Go for the Eyes+1","Loop+1","White Noise+1"],"special_seed":0,"relics":["Cracked Core","Molten Egg 2","Toxic Egg 2","FossilizedHelix","Turnip","Regal Pillow","Golden Idol","Pandora\u0027s Box","DataDisk","Strawberry","Omamori","Mercury Hourglass","Red Mask","Velvet Choker","Shovel","Potion Belt","Letter Opener","StoneCalendar","Orichalcum","Ice Cream","Du-Vu Doll"],"potions_floor_usage":[50],"damage_taken":[{"damage":6.0,"enemies":"Jaw Worm","floor":1.0,"turns":4.0},{"damage":10.0,"enemies":"Small Slimes","floor":3.0,"turns":3.0},{"damage":0.0,"enemies":"Cultist","floor":5.0,"turns":3.0},{"damage":17.0,"enemies":"3 Sentries","floor":10.0,"turns":6.0},{"damage":0.0,"enemies":"Large Slime","floor":11.0,"turns":4.0},{"damage":0.0,"enemies":"Slime Boss","floor":16.0,"turns":10.0},{"damage":0.0,"enemies":"Spheric Guardian","floor":18.0,"turns":2.0},{"damage":0.0,"enemies":"Shell Parasite","floor":21.0,"turns":3.0},{"damage":25.0,"enemies":"Slavers","floor":23.0,"turns":4.0},{"damage":10.0,"enemies":"Gremlin Leader","floor":25.0,"turns":4.0},{"damage":8.0,"enemies":"Snake Plant","floor":29.0,"turns":3.0},{"damage":16.0,"enemies":"Masked Bandits","floor":30.0,"turns":3.0},{"damage":0.0,"enemies":"Champ","floor":33.0,"turns":9.0},{"damage":0.0,"enemies":"Orb Walker","floor":35.0,"turns":3.0},{"damage":0.0,"enemies":"3 Shapes","floor":37.0,"turns":4.0},{"damage":30.0,"enemies":"Mind Bloom Boss Battle","floor":38.0,"turns":5.0},{"damage":18.0,"enemies":"3 Darklings","floor":39.0,"turns":3.0},{"damage":0.0,"enemies":"Giant Head","floor":40.0,"turns":10.0},{"damage":0.0,"enemies":"Nemesis","floor":42.0,"turns":5.0},{"damage":0.0,"enemies":"4 Shapes","floor":45.0,"turns":5.0},{"damage":9.0,"enemies":"Reptomancer","floor":47.0,"turns":5.0},{"damage":7,"enemies":"Time Eater","floor":50,"turns":8}],"seed_played":"-6403050327600506246","potions_obtained":[{"floor":10.0,"key":"Dexterity Potion"},{"floor":18.0,"key":"FearPotion"},{"floor":29.0,"key":"Strength Potion"},{"floor":30.0,"key":"Explosive Potion"},{"floor":33.0,"key":"Energy Potion"},{"floor":35.0,"key":"PowerPotion"},{"floor":42.0,"key":"Swift Potion"},{"floor":45.0,"key":"Weak Potion"}],"is_trial":false,"path_per_floor":["M","?","M","?","M","R","T","R","T","E","M","$","?","$","R","B",null,"M","?","$","M","$","E","R","E","T","R","$","M","?","$","R","B",null,"M","?","M","?","M","E","T","E","T","R","M","$","E","$","R","B",null],"character_chosen":"DEFECT","items_purchased":["Ball Lightning+1","Regal Pillow","Redo+1","DataDisk","BootSequence+1","Loop","Redo+1","Ice Cream","White Noise+1"],"campfire_rested":5,"item_purchase_floors":[12,12,14,20,20,28,31,46,48],"current_hp_per_floor":[62,55,45,38,38,38,38,60,60,43,43,43,25,25,62,62,72,72,72,72,72,72,54,54,44,44,82,82,74,58,58,58,58,76,76,76,76,46,28,28,28,28,28,67,67,67,58,58,82,75],"gold":31,"neow_bonus":"TWO_FIFTY_GOLD","is_prod":false,"is_daily":false,"chose_seed":false,"campfire_upgraded":3,"win_rate":0,"timestamp":1547398557,"path_taken":["M","?","M","?","M","R","?","R","T","E","?","$","?","$","R","BOSS","M","?","$","M","$","E","R","E","T","R","$","M","?","?","R","BOSS","M","?","M","?","M","E","?","E","T","R","M","$","E","$","R","BOSS"],"build_version":"2019-01-10","purchased_purges":3,"victory":true,"max_hp_per_floor":[75,75,75,75,75,75,75,75,75,75,75,75,75,75,75,75,75,75,75,75,75,75,82,82,82,82,82,82,82,82,82,82,82,82,82,82,82,82,82,82,82,82,82,82,82,82,82,82,82,82],"card_choices":[{"not_picked":["Leap","Conserve Battery"],"picked":"Cold Snap","floor":1.0},{"not_picked":["Rebound+1","Leap"],"picked":"Streamline+1","floor":3.0},{"not_picked":["Buffer","Redo"],"picked":"Defragment","floor":5.0},{"not_picked":["Lockon+1","Streamline+1"],"picked":"Leap+1","floor":10.0},{"not_picked":["Steam Power+1","Double Energy+1"],"picked":"Hologram+1","floor":11.0},{"not_picked":["Rainbow+1","Thunder Strike+1"],"picked":"Core Surge+1","floor":16.0},{"not_picked":["Turbo+1","Sweeping Beam+1","Rip and Tear+1"],"picked":"SKIP","floor":18.0},{"not_picked":["Tempest+1","Conserve Battery+1"],"picked":"Cold Snap+1","floor":21.0},{"not_picked":["Tempest+1","Steam+1"],"picked":"Redo+1","floor":23.0},{"not_picked":["Rebound+1","Genetic Algorithm+1"],"picked":"Steam+1","floor":25.0},{"not_picked":["Sweeping Beam+1","Tempest+1"],"picked":"Defragment+1","floor":29.0},{"not_picked":["Sweeping Beam+1","Consume+1"],"picked":"Go for the Eyes+1","floor":30.0},{"not_picked":["Beam Cell+1","Stack+1"],"picked":"Cold Snap+1","floor":35.0},{"not_picked":["Deep Breath+1","Chrysalis+1"],"picked":"Trip+1","floor":36.0},{"not_picked":["Redo+1","Turbo+1"],"picked":"Reinforced Body+1","floor":37.0},{"not_picked":["Fusion+1","Ball Lightning+1"],"picked":"Leap+1","floor":38.0},{"not_picked":["Force Field+1","Storm","Rip and Tear+1"],"picked":"SKIP","floor":39.0},{"not_picked":["Blizzard+1","Ball Lightning+1"],"picked":"Chill+1","floor":40.0},{"not_picked":["Stack+1","Reboot+1"],"picked":"Go for the Eyes+1","floor":42.0},{"not_picked":["Barrage+1","Gash+1","Sunder+1"],"picked":"SKIP","floor":45.0},{"not_picked":["Sweeping Beam+1","Cold Snap+1"],"picked":"Loop+1","floor":47.0}],"player_experience":345218,"relics_obtained":[{"floor":7.0,"key":"Toxic Egg 2"},{"floor":9.0,"key":"FossilizedHelix"},{"floor":10.0,"key":"Turnip"},{"floor":23.0,"key":"Strawberry"},{"floor":25.0,"key":"Omamori"},{"floor":26.0,"key":"Mercury Hourglass"},{"floor":30.0,"key":"Red Mask"},{"floor":38.0,"key":"Shovel"},{"floor":40.0,"key":"Potion Belt"},{"floor":41.0,"key":"Letter Opener"},{"floor":42.0,"key":"StoneCalendar"},{"floor":43.0,"key":"Orichalcum"},{"floor":47.0,"key":"Du-Vu Doll"}],"event_choices":[{"damage_healed":0.0,"max_hp_gain":0.0,"max_hp_loss":0.0,"gold_gain":0.0,"event_name":"Scrap Ooze","player_choice":"Success","floor":2.0,"gold_loss":0.0,"damage_taken":7.0,"relics_obtained":["Molten Egg 2"]},{"cards_removed":["Regret"],"damage_healed":0.0,"max_hp_gain":0.0,"max_hp_loss":0.0,"gold_gain":0.0,"event_name":"Golden Wing","player_choice":"Card Removal","floor":4.0,"gold_loss":0.0,"damage_taken":7.0},{"damage_healed":0.0,"max_hp_gain":0.0,"max_hp_loss":0.0,"gold_gain":0.0,"event_name":"Golden Idol","player_choice":"Take Damage","floor":13.0,"gold_loss":0.0,"damage_taken":18.0,"relics_obtained":["Golden Idol"]},{"damage_healed":0.0,"max_hp_gain":0.0,"max_hp_loss":0.0,"gold_gain":0.0,"event_name":"The Library","player_choice":"Read","floor":19.0,"gold_loss":0.0,"damage_taken":0.0,"cards_obtained":["Conserve Battery"]},{"damage_healed":0.0,"max_hp_gain":0.0,"max_hp_loss":0.0,"gold_gain":0.0,"event_name":"Masked Bandits","player_choice":"Fought Bandits","floor":30.0,"gold_loss":0.0,"damage_taken":0.0},{"damage_healed":0.0,"max_hp_gain":0.0,"max_hp_loss":0.0,"gold_gain":0.0,"event_name":"SensoryStone","player_choice":"Memory 1","floor":36.0,"gold_loss":0.0,"damage_taken":0.0},{"damage_healed":0.0,"max_hp_gain":0.0,"max_hp_loss":0.0,"gold_gain":0.0,"event_name":"MindBloom","player_choice":"Fight","floor":38.0,"gold_loss":0.0,"damage_taken":0.0}],"is_beta":false,"boss_relics":[{"not_picked":["White Beast Statue","Orrery"],"picked":"Pandora\u0027s Box"},{"not_picked":["Tiny House","Snecko Eye"],"picked":"Velvet Choker"}],"items_purged_floors":[12,14,46],"is_endless":false,"potions_floor_spawned":[10,18,29,30,33,35,42,45],"ascension_level":6}