{"gold_per_floor":[110,110,83,83,98,98,129,149,149,174,103,22,22,41,41,143,443,462,462,480,480,493,520,148,176,176,62,62,77,77,95,95,200,200,214,187,201,84,98,98,129,129,210,210,54,54,66,81,81,81],"floor_reached":51,"playtime":3042,"items_purged":["Decay"],"score":1052,"play_id":"f52e0d92-27cf-4422-b931-e860718f6eca","local_time":"20180827221042","is_ascension_mode":true,"campfire_choices":[{"data":"Defragment","floor":6.0,"key":"SMITH"},{"data":"White Noise","floor":13.0,"key":"SMITH"},{"data":"White Noise","floor":15.0,"key":"SMITH"},{"floor":28.0,"key":"REST"},{"data":"Fusion","floor":30.0,"key":"SMITH"},{"data":"Rainbow","floor":32.0,"key":"SMITH"},{"data":"Redo","floor":40.0,"key":"SMITH"},{"data":"Glacier","floor":42.0,"key":"SMITH"},{"data":"Transmutation","floor":49.0,"key":"SMITH"}],"neow_cost":"NONE","seed_source_timestamp":0,"circlet_count":0,"master_deck":["Strike_B","Strike_B","Strike_B","Defend_B+1","Defend_B+1","Defend_B+1","Defend_B+1","Zap+1","Dualcast","Sweeping Beam","Conserve Battery","Defragment+1","Coolheaded","White Noise+1","Glacier+1","White Noise+1","Ball Lightning","Rainbow+1","Parasite","FTL","Reprogram","Self Repair+1","Sweeping Beam+1","Hologram","Buffer+1","Fusion+1","Redo+1","Creative AI+1","Heatsinks+1","Storm+1","Capacitor+1","White Noise+1","Jack Of All Trades","Transmutation+1","Impatience","Hologram+1","Stack+1"],"special_seed":0,"relics":["Cracked Core","NeowsBlessing","Matryoshka","Vajra","Darkstone Periapt","Meat on the Bone","Calling Bell","Juzu Bracelet","Frozen Egg 2","Old Coin","Ice Cream","War Paint","Mercury Hourglass","Bag of Preparation","Omamori","The Courier","Centennial Puzzle","Sozu","Orichalcum","Bottled Tornado","Shuriken","Strange Spoon"],"potions_floor_usage":[50,50],"damage_taken":[{"damage":0.0,"enemies":"Cultist","floor":1.0,"turns":1.0},{"damage":0.0,"enemies":"Jaw Worm","floor":5.0,"turns":1.0},{"damage":0.0,"enemies":"Lagavulin","floor":7.0,"turns":1.0},{"damage":8.0,"enemies":"Small Slimes","floor":8.0,"turns":3.0},{"damage":3.0,"enemies":"Gremlin Nob","floor":10.0,"turns":3.0},{"damage":0.0,"enemies":"Blue Slaver","floor":14.0,"turns":3.0},{"damage":15.0,"enemies":"The Guardian","floor":16.0,"turns":12.0},{"damage":22.0,"enemies":"Spheric Guardian","floor":18.0,"turns":4.0},{"damage":2.0,"enemies":"Chosen","floor":20.0,"turns":4.0},{"damage":21.0,"enemies":"Shelled Parasite and Fungi","floor":22.0,"turns":6.0},{"damage":21.0,"enemies":"Gremlin Leader","floor":23.0,"turns":8.0},{"damage":42.0,"enemies":"Slavers","floor":25.0,"turns":6.0},{"damage":0.0,"enemies":"Centurion and Healer","floor":29.0,"turns":8.0},{"damage":16.0,"enemies":"Chosen and Byrds","floor":31.0,"turns":6.0},{"damage":27.0,"enemies":"Champ","floor":33.0,"turns":16.0},{"damage":15.0,"enemies":"Orb Walker","floor":35.0,"turns":5.0},{"damage":18.0,"enemies":"3 Darklings","floor":37.0,"turns":4.0},{"damage":3.0,"enemies":"Spire Growth","floor":39.0,"turns":5.0},{"damage":16.0,"enemies":"2 Orb Walkers","floor":41.0,"turns":3.0},{"damage":7.0,"enemies":"Flame Bruiser 2 Orb","floor":47.0,"turns":4.0},{"damage":4.0,"enemies":"4 Shapes","floor":48.0,"turns":3.0},{"damage":68,"enemies":"Time Eater","floor":50,"turns":11}],"seed_played":"191175327089933082","potions_obtained":[{"floor":7.0,"key":"SpeedPotion"},{"floor":8.0,"key":"SkillPotion"},{"floor":14.0,"key":"Energy Potion"},{"floor":16.0,"key":"Weak Potion"},{"floor":20.0,"key":"PowerPotion"},{"floor":25.0,"key":"Explosive Potion"},{"floor":29.0,"key":"Poison Potion"},{"floor":33.0,"key":"GamblersBrew"}],"is_trial":false,"path_per_floor":["M","?","$","?","M","R","E","M","T","E","$","$","R","M","R","B",null,"M","?","M","?","M","E","$","E","T","$","R","M","R","M","R","B",null,"M","$","M","?","M","R","E","R","T","?","$","?","M","M","R","B"],"character_chosen":"DEFECT","items_purchased":["Conserve Battery","Glacier","White Noise","Mercury Hourglass","Hologram","Centennial Puzzle","Storm+1","Strange Spoon"],"campfire_rested":1,"item_purchase_floors":[3,11,12,24,24,27,36,45],"current_hp_per_floor":[68,53,53,53,53,53,53,45,45,42,42,42,42,42,42,39,84,62,62,60,60,51,52,52,22,22,22,49,59,59,65,65,60,85,80,80,72,72,79,79,80,80,80,70,70,70,73,79,79,41],"gold":81,"neow_bonus":"THREE_ENEMY_KILL","is_prod":false,"is_daily":false,"chose_seed":false,"campfire_upgraded":8,"win_rate":0,"timestamp":1535400642,"path_taken":["M","?","$","?","M","R","E","M","T","E","?","$","R","M","R","BOSS","M","?","M","?","M","E","$","E","T","$","R","M","R","M","R","BOSS","M","$","M","?","M","R","E","R","T","?","?","?","M","M","R","BOSS"],"build_version":"2018-08-23v2","purchased_purges":1,"victory":true,"max_hp_per_floor":[75,75,75,75,75,75,75,75,75,75,75,75,75,75,75,75,93,93,93,93,93,93,93,93,93,93,93,93,93,93,93,93,93,93,93,93,93,93,93,93,93,93,93,93,93,93,93,93,93,93],"card_choices":[{"not_picked":["Gash","Compile Driver"],"picked":"Sweeping Beam","floor":1.0},{"not_picked":["Ball Lightning","Leap"],"picked":"Defragment","floor":5.0},{"not_picked":["Turbo","Gash"],"picked":"Coolheaded","floor":7.0},{"not_picked":["Gash","Coolheaded","Thunder Strike"],"picked":"SKIP","floor":8.0},{"not_picked":["Compile Driver","Double Energy"],"picked":"White Noise","floor":10.0},{"not_picked":["Compile Driver","Go for the Eyes"],"picked":"Ball Lightning","floor":14.0},{"not_picked":["Buffer","Fission"],"picked":"Rainbow","floor":16.0},{"not_picked":["Gash","Conserve Battery+1"],"picked":"FTL","floor":18.0},{"not_picked":["Aggregate","Capacitor+1"],"picked":"Reprogram","floor":20.0},{"not_picked":["Fusion","Genetic Algorithm+1"],"picked":"Self Repair+1","floor":22.0},{"not_picked":["Conserve Battery","FTL"],"picked":"Sweeping Beam+1","floor":23.0},{"not_picked":["Creative AI+1","Rainbow"],"picked":"Buffer+1","floor":25.0},{"not_picked":["Sweeping Beam","Steam Power"],"picked":"Fusion","floor":29.0},{"not_picked":["Streamline","Turbo"],"picked":"Redo","floor":31.0},{"not_picked":["Rainbow","Seek"],"picked":"Creative AI+1","floor":33.0},{"not_picked":["Turbo","Cold Snap+1"],"picked":"Heatsinks+1","floor":35.0},{"not_picked":["Streamline","Go for the Eyes+1","Redo"],"picked":"SKIP","floor":37.0},{"not_picked":["Coolheaded+1","Go for the Eyes+1"],"picked":"Capacitor+1","floor":39.0},{"not_picked":["Hyperbeam","Steam Power+1"],"picked":"White Noise+1","floor":41.0},{"not_picked":["Dramatic Entrance","Trip"],"picked":"Jack Of All Trades","floor":44.0},{"not_picked":["Thinking Ahead","Jack Of All Trades"],"picked":"Transmutation","floor":44.0},{"not_picked":["Trip","Purity"],"picked":"Impatience","floor":44.0},{"not_picked":["Go for the Eyes+1","Turbo"],"picked":"Hologram+1","floor":47.0},{"not_picked":["Ball Lightning","Sweeping Beam+1"],"picked":"Stack+1","floor":48.0}],"player_experience":930368,"relics_obtained":[{"floor":7.0,"key":"Matryoshka"},{"floor":9.0,"key":"Vajra"},{"floor":9.0,"key":"Darkstone Periapt"},{"floor":10.0,"key":"Meat on the Bone"},{"floor":17.0,"key":"Juzu Bracelet"},{"floor":17.0,"key":"Frozen Egg 2"},{"floor":17.0,"key":"Old Coin"},{"floor":23.0,"key":"War Paint"},{"floor":25.0,"key":"Bag of Preparation"},{"floor":26.0,"key":"Omamori"},{"floor":26.0,"key":"The Courier"},{"floor":41.0,"key":"Bottled Tornado"},{"floor":43.0,"key":"Shuriken"}],"event_choices":[{"event_name":"Shining Light","player_choice":"Entered Light","floor":2.0,"damage_taken":0.0},{"event_name":"Living Wall","player_choice":"Grow","floor":4.0,"damage_taken":0.0},{"event_name":"The Mausoleum","player_choice":"Yes","floor":19.0,"damage_taken":0.0},{"event_name":"Back to Basics","player_choice":"Elegance","floor":21.0,"damage_taken":0.0},{"event_name":"WeMeetAgain","player_choice":"Gold","floor":38.0,"damage_taken":0.0},{"event_name":"SensoryStone","player_choice":"Memory 3","floor":44.0,"damage_taken":0.0},{"event_name":"Falling","player_choice":"Removed Attack","floor":46.0,"damage_taken":0.0}],"is_beta":false,"boss_relics":[{"not_picked":["Coffee Dripper","Snecko Eye"],"picked":"Calling Bell"},{"not_picked":["Black Star","Fusion Hammer"],"picked":"Sozu"}],"items_purged_floors":[24],"is_endless":false,"potions_floor_spawned":[7,8,14,16,20,25,29,33,37,39,48],"ascension_level":8}