{"gold_per_floor":[118,131,57,132,151,185,205,205],"floor_reached":8,"playtime":538,"items_purged":[],"score":64,"play_id":"ffec3bf4-a7c1-4bab-af9b-d33be2115934","local_time":"20190208172326","is_ascension_mode":true,"campfire_choices":[],"neow_cost":"NONE","seed_source_timestamp":374624793154636,"circlet_count":0,"master_deck":["Defend_G","Defend_G","Defend_G","Defend_G","Defend_G","Strike_G","Strike_G","Strike_G","Strike_G","Strike_G","Survivor","Neutralize","All Out Attack","Expertise","Blur","Caltrops","Noxious Fumes","Crippling Poison"],"relics":["Ring of the Snake","Oddly Smooth Stone","Odd Mushroom"],"potions_floor_usage":[6],"damage_taken":[{"damage":0,"enemies":"2 Louse","floor":1,"turns":4},{"damage":0,"enemies":"Small Slimes","floor":2,"turns":4},{"damage":14,"enemies":"Jaw Worm","floor":5,"turns":6},{"damage":8,"enemies":"3 Sentries","floor":6,"turns":8},{"damage":7,"enemies":"The Mushroom Lair","floor":7,"turns":4},{"damage":37,"enemies":"Gremlin Nob","floor":8,"turns":5}],"seed_played":"-3954068861809119361","potions_obtained":[{"floor":1,"key":"Swift Potion"},{"floor":2,"key":"Dexterity Potion"}],"is_trial":false,"path_per_floor":["M","M","$","?","M","E","?","E"],"character_chosen":"THE_SILENT","items_purchased":["Blur"],"campfire_rested":0,"item_purchase_floors":[3],"current_hp_per_floor":[77,77,77,66,52,44,37,0],"gold":205,"neow_bonus":"TEN_PERCENT_HP_BONUS","is_prod":false,"is_daily":false,"chose_seed":false,"campfire_upgraded":0,"win_rate":0,"timestamp":1549675406,"path_taken":["M","M","$","?","M","E","?","E"],"build_version":"2019-01-23","purchased_purges":0,"victory":false,"max_hp_per_floor":[77,77,77,77,77,77,77,77],"card_choices":[{"not_picked":["PiercingWail","Tactician"],"picked":"All Out Attack","floor":1},{"not_picked":["Bane","Heel Hook"],"picked":"Expertise","floor":2},{"not_picked":["Setup","Calculated Gamble"],"picked":"Caltrops","floor":5},{"not_picked":["Terror","Venomology"],"picked":"Noxious Fumes","floor":6},{"not_picked":["Terror","Flechettes"],"picked":"Crippling Poison","floor":7}],"player_experience":133500,"relics_obtained":[{"floor":6,"key":"Oddly Smooth Stone"},{"floor":7,"key":"Odd Mushroom"}],"event_choices":[{"damage_healed":0,"gold_gain":75,"player_choice":"Gather Gold","damage_taken":11,"max_hp_gain":0,"max_hp_loss":0,"event_name":"World of Goop","floor":4,"gold_loss":0},{"damage_healed":0,"gold_gain":0,"player_choice":"Fought Mushrooms","damage_taken":0,"max_hp_gain":0,"max_hp_loss":0,"event_name":"Mushrooms","floor":7,"gold_loss":0}],"is_beta":false,"boss_relics":[],"items_purged_floors":[],"is_endless":false,"potions_floor_spawned":[1,2],"killed_by":"Gremlin Nob","ascension_level":3}