{"gold_per_floor":[116,130,205,0,12,12,39,39,39,65,65,65,81,107,107,184,184,203,218,14,24,40,40,56,84,166,166,166,166,183,14,14,91,91,109,126,126,139,159,159,139,155,226,236,236,251,195,210,210,210,210],"floor_reached":51,"playtime":2527,"items_purged":["Decay"],"score":1357,"play_id":"ce427235-89a2-403e-b2ff-6f5595e7a19b","local_time":"20190208210740","is_ascension_mode":true,"campfire_choices":[{"data":"Bash","floor":6.0,"key":"SMITH"},{"data":"True Grit","floor":8.0,"key":"SMITH"},{"data":"Feed","floor":12.0,"key":"SMITH"},{"data":"Feel No Pain","floor":15.0,"key":"SMITH"},{"data":"Juggernaut","floor":23.0,"key":"SMITH"},{"floor":27.0,"key":"RECALL"},{"data":"Evolve","floor":32.0,"key":"SMITH"},{"data":"Disarm","floor":40.0,"key":"SMITH"},{"data":"Disarm","floor":49.0,"key":"SMITH"}],"neow_cost":"NONE","seed_source_timestamp":26255842556441,"circlet_count":0,"master_deck":["AscendersBane","Strike_R","Defend_R+1","Defend_R","Defend_R+1","Defend_R","Bash+1","Reckless Charge","Battle Trance","Feel No Pain+1","True Grit+1","Anger","Twin Strike","Cleave","Shrug It Off","Shrug It Off","Juggernaut+1","Headbutt+1","Rage","Evolve+1","Shrug It Off","Corruption+1","Spot Weakness","Fiend Fire","Reckless Charge","Shrug It Off","Metallicize","Impervious","Disarm+1","Feel No Pain+1","Anger+1","Power Through","Disarm+1","Shrug It Off"],"special_seed":0,"relics":["Burning Blood","NeowsBlessing","Pear","Mercury Hourglass","War Paint","Paper Frog","Coffee Dripper","Vajra","Letter Opener","Shuriken","Empty Cage"],"potions_floor_usage":[50,50],"damage_taken":[{"damage":0.0,"enemies":"Jaw Worm","floor":1.0,"turns":1.0},{"damage":0.0,"enemies":"Cultist","floor":2.0,"turns":1.0},{"damage":0.0,"enemies":"2 Louse","floor":5.0,"turns":1.0},{"damage":29.0,"enemies":"Lagavulin","floor":7.0,"turns":7.0},{"damage":15.0,"enemies":"3 Sentries","floor":10.0,"turns":6.0},{"damage":6.0,"enemies":"Looter","floor":13.0,"turns":4.0},{"damage":12.0,"enemies":"Lagavulin","floor":14.0,"turns":7.0},{"damage":30.0,"enemies":"Slime Boss","floor":16.0,"turns":8.0},{"damage":20.0,"enemies":"Shell Parasite","floor":18.0,"turns":4.0},{"damage":0.0,"enemies":"Spheric Guardian","floor":19.0,"turns":3.0},{"damage":1.0,"enemies":"Cultist and Chosen","floor":21.0,"turns":4.0},{"damage":28.0,"enemies":"Sentry and Sphere","floor":22.0,"turns":5.0},{"damage":19.0,"enemies":"Snake Plant","floor":24.0,"turns":4.0},{"damage":7.0,"enemies":"Gremlin Leader","floor":25.0,"turns":6.0},{"damage":30.0,"enemies":"Shelled Parasite and Fungi","floor":30.0,"turns":5.0},{"damage":21.0,"enemies":"Champ","floor":33.0,"turns":9.0},{"damage":15.0,"enemies":"3 Shapes","floor":35.0,"turns":6.0},{"damage":5.0,"enemies":"Orb Walker","floor":36.0,"turns":4.0},{"damage":31.0,"enemies":"Jaw Worm Horde","floor":38.0,"turns":4.0},{"damage":22.0,"enemies":"Spire Growth","floor":39.0,"turns":5.0},{"damage":0.0,"enemies":"Sphere and 2 Shapes","floor":42.0,"turns":4.0},{"damage":14.0,"enemies":"Transient","floor":44.0,"turns":6.0},{"damage":0.0,"enemies":"Jaw Worm Horde","floor":46.0,"turns":4.0},{"damage":17.0,"enemies":"4 Shapes","floor":48.0,"turns":3.0},{"damage":123,"enemies":"Awakened One","floor":50,"turns":12},{"damage":19,"enemies":"Time Eater","floor":51,"turns":1}],"seed_played":"1369086016794581660","potions_obtained":[{"floor":2.0,"key":"Fire Potion"},{"floor":16.0,"key":"Regen Potion"},{"floor":22.0,"key":"Explosive Potion"},{"floor":24.0,"key":"Fire Potion"},{"floor":25.0,"key":"Regen Potion"},{"floor":33.0,"key":"FearPotion"},{"floor":38.0,"key":"Dexterity Potion"},{"floor":39.0,"key":"AttackPotion"},{"floor":48.0,"key":"LiquidBronze"}],"is_trial":false,"path_per_floor":["M","M","?","$","M","R","E","R","T","E","?","R","M","E","R","B",null,"M","M","$","M","M","R","M","E","T","R","?","?","M","$","R","B",null,"M","M","?","M","M","R","?","M","T","M","?","M","$","M","R","B","B"],"character_chosen":"IRONCLAD","items_purchased":["Feel No Pain","True Grit","Anger","Energy Potion","Evolve","Vajra","Shrug It Off","Metallicize","Strength Potion"],"campfire_rested":0,"item_purchase_floors":[4,4,4,4,20,20,31,31,47],"current_hp_per_floor":[74,75,64,64,70,70,57,57,57,48,85,85,85,83,83,63,86,88,98,98,105,87,87,74,73,73,73,73,73,67,67,67,52,98,93,94,94,73,57,57,57,67,67,59,135,135,135,124,124,7,0],"gold":210,"neow_bonus":"THREE_ENEMY_KILL","is_prod":false,"is_daily":false,"chose_seed":false,"campfire_upgraded":8,"win_rate":0,"timestamp":1549678060,"path_taken":["M","M","?","$","M","R","E","R","T","E","?","R","M","E","R","BOSS","M","M","$","?","M","R","M","E","T","R","?","?","M","$","R","BOSS","M","M","?","M","M","R","?","?","T","M","?","M","?","M","R","BOSS","BOSS"],"build_version":"2019-01-23","purchased_purges":1,"victory":false,"max_hp_per_floor":[75,75,75,75,75,75,85,85,85,85,85,85,85,89,89,93,93,97,101,101,105,109,109,109,109,109,109,109,109,113,113,113,113,113,117,117,117,121,121,121,121,125,125,125,135,135,135,135,135,135,135],"card_choices":[{"not_picked":["Body Slam","Ghostly Armor"],"picked":"Reckless Charge","floor":1.0},{"not_picked":["Disarm","Twin Strike"],"picked":"Battle Trance","floor":2.0},{"not_picked":["Sentinel","Flex"],"picked":"Twin Strike","floor":5.0},{"not_picked":["Searing Blow","Headbutt"],"picked":"Cleave","floor":7.0},{"not_picked":["Clothesline","Hemokinesis"],"picked":"Feed","floor":10.0},{"not_picked":["Pommel Strike","Havoc"],"picked":"Shrug It Off","floor":13.0},{"not_picked":["Hemokinesis","Pommel Strike"],"picked":"Shrug It Off","floor":14.0},{"not_picked":["Barricade","Brutality"],"picked":"Juggernaut","floor":16.0},{"not_picked":["Flex","Armaments"],"picked":"Headbutt+1","floor":18.0},{"not_picked":["Sentinel","Cleave"],"picked":"Rage","floor":19.0},{"not_picked":["Dual Wield","Headbutt"],"picked":"Shrug It Off","floor":21.0},{"not_picked":["Shrug It Off","Carnage+1"],"picked":"Corruption+1","floor":22.0},{"not_picked":["Flex","Heavy Blade","Berserk"],"picked":"SKIP","floor":24.0},{"not_picked":["Havoc","Dropkick","Warcry"],"picked":"SKIP","floor":25.0},{"not_picked":["Flex","Rupture"],"picked":"Reckless Charge","floor":30.0},{"not_picked":["Limit Break","Double Tap"],"picked":"Impervious","floor":33.0},{"not_picked":["Burning Pact","Blood for Blood"],"picked":"Sentinel","floor":35.0},{"not_picked":["Armaments","Second Wind"],"picked":"Disarm","floor":36.0},{"not_picked":["Cleave","Uppercut"],"picked":"Feel No Pain+1","floor":38.0},{"not_picked":["Carnage","Rampage+1"],"picked":"Anger+1","floor":39.0},{"not_picked":["Sword Boomerang","Iron Wave"],"picked":"Power Through","floor":42.0},{"not_picked":["Warcry","Headbutt"],"picked":"Disarm","floor":44.0},{"not_picked":["Whirlwind","Headbutt+1","Body Slam"],"picked":"SKIP","floor":46.0},{"not_picked":["Iron Wave","Headbutt+1"],"picked":"Shrug It Off","floor":48.0}],"player_experience":1177084,"relics_obtained":[{"floor":7.0,"key":"Pear"},{"floor":9.0,"key":"Mercury Hourglass"},{"floor":10.0,"key":"War Paint"},{"floor":14.0,"key":"Paper Frog"},{"floor":25.0,"key":"Letter Opener"},{"floor":26.0,"key":"Shuriken"}],"event_choices":[{"damage_healed":0.0,"max_hp_gain":0.0,"max_hp_loss":0.0,"gold_gain":75.0,"event_name":"World of Goop","player_choice":"Gather Gold","floor":3.0,"gold_loss":0.0,"damage_taken":11.0},{"damage_healed":37.0,"max_hp_gain":0.0,"max_hp_loss":0.0,"gold_gain":0.0,"event_name":"Wheel of Change","player_choice":"Full Heal","floor":11.0,"gold_loss":0.0,"damage_taken":0.0},{"damage_healed":0.0,"max_hp_gain":0.0,"max_hp_loss":0.0,"gold_gain":0.0,"event_name":"Forgotten Altar","player_choice":"Smashed Altar","floor":28.0,"gold_loss":0.0,"damage_taken":0.0,"cards_obtained":["Decay"]},{"damage_healed":0.0,"max_hp_gain":0.0,"max_hp_loss":0.0,"gold_gain":0.0,"cards_transformed":["Strike_R","Strike_R"],"event_name":"Drug Dealer","player_choice":"Became Test Subject","floor":29.0,"gold_loss":0.0,"damage_taken":0.0,"cards_obtained":["Spot Weakness","Fiend Fire"]},{"cards_removed":["Sentinel"],"damage_healed":0.0,"max_hp_gain":0.0,"max_hp_loss":0.0,"gold_gain":0.0,"event_name":"Falling","player_choice":"Removed Skill","floor":37.0,"gold_loss":0.0,"damage_taken":0.0},{"damage_healed":0.0,"max_hp_gain":0.0,"max_hp_loss":0.0,"gold_gain":0.0,"event_name":"The Woman in Blue","player_choice":"Bought 1 Potion","floor":41.0,"gold_loss":0.0,"damage_taken":0.0},{"cards_removed":["Feed"],"damage_healed":66.0,"max_hp_gain":10.0,"max_hp_loss":0.0,"gold_gain":0.0,"event_name":"Bonfire Elementals","player_choice":"Offered Rare","floor":45.0,"gold_loss":0.0,"damage_taken":0.0}],"is_beta":false,"boss_relics":[{"not_picked":["Philosopher\u0027s Stone","Mark of Pain"],"picked":"Coffee Dripper"},{"not_picked":["Velvet Choker","Tiny House"],"picked":"Empty Cage"}],"items_purged_floors":[31],"is_endless":false,"potions_floor_spawned":[2,10,13,16,22,24,25,33,36,38,39,48],"killed_by":"Time Eater","ascension_level":20}