{"gold_per_floor":[113,128,148,163,182,182,211,113,139,139,165,9,37,56,56,156,156,169,169,94,114,128,128,159,159,185,214,214,229,274,293,293,396,396,412,412,91,108,108,108,136,136,185,185,195,208,263,280,280,280],"floor_reached":50,"playtime":7207,"items_purged":[],"score":635,"play_id":"9aa63651-9b7e-42ef-a267-f4fe080251fb","local_time":"20190202210646","is_ascension_mode":true,"campfire_choices":[{"data":"Tempest","floor":6,"key":"SMITH"},{"data":"Zap","floor":10,"key":"SMITH"},{"data":"Defragment","floor":15,"key":"SMITH"},{"floor":23,"key":"REST"},{"floor":32,"key":"REST"},{"data":"Buffer","floor":40,"key":"SMITH"},{"data":"Fusion","floor":42,"key":"SMITH"},{"data":"Ghostly","floor":44,"key":"SMITH"},{"data":"Ghostly","floor":49,"key":"SMITH"}],"neow_cost":"NONE","seed_source_timestamp":352630552519400,"circlet_count":0,"master_deck":["Defend_B","Defend_B","Defend_B","Defend_B","Zap+1","Dualcast","Ball Lightning","Tempest+1","Beam Cell","BootSequence","Leap","Leap","Compile Driver","Coolheaded","Defragment+1","Doom and Gloom","BootSequence","Thunder Strike","Fusion+1","Meteor Strike","Double Energy+1","Conserve Battery+1","Go for the Eyes+1","Double Energy+1","Cold Snap","Steam Power+1","Ghostly+1","Ghostly+1","Ghostly","Ghostly","Ghostly","Buffer+1","Redo","Machine Learning","Steam","Go for the Eyes","Consume+1","Undo+1","Skim","Parasite"],"relics":["Cracked Core","Boot","Strawberry","Pen Nib","Bronze Scales","Astrolabe","Oddly Smooth Stone","Potion Belt","Art of War","MutagenicStrength","Regal Pillow","Orrery","Singing Bowl","Pantograph","Centennial Puzzle","Blood Vial"],"potions_floor_usage":[7,7,11,13,18,22,33,41,50,50],"damage_taken":[{"damage":1,"enemies":"Cultist","floor":1,"turns":3},{"damage":1,"enemies":"Jaw Worm","floor":2,"turns":3},{"damage":1,"enemies":"Small Slimes","floor":3,"turns":2},{"damage":14,"enemies":"2 Fungi Beasts","floor":4,"turns":3},{"damage":1,"enemies":"Large Slime","floor":5,"turns":4},{"damage":6,"enemies":"3 Sentries","floor":7,"turns":5},{"damage":3,"enemies":"Lagavulin","floor":11,"turns":5},{"damage":8,"enemies":"3 Sentries","floor":13,"turns":6},{"damage":0,"enemies":"Blue Slaver","floor":14,"turns":2},{"damage":22,"enemies":"Slime Boss","floor":16,"turns":7},{"damage":0,"enemies":"3 Byrds","floor":18,"turns":2},{"damage":5,"enemies":"Chosen","floor":21,"turns":4},{"damage":26,"enemies":"3 Cultists","floor":22,"turns":5},{"damage":52,"enemies":"Gremlin Leader","floor":24,"turns":7},{"damage":0,"enemies":"Book of Stabbing","floor":27,"turns":6},{"damage":14,"enemies":"Snake Plant","floor":29,"turns":4},{"damage":0,"enemies":"Sentry and Sphere","floor":31,"turns":6},{"damage":9,"enemies":"Collector","floor":33,"turns":9},{"damage":1,"enemies":"3 Shapes","floor":35,"turns":6},{"damage":0,"enemies":"3 Darklings","floor":38,"turns":7},{"damage":2,"enemies":"Nemesis","floor":41,"turns":8},{"damage":0,"enemies":"Writhing Mass","floor":45,"turns":9},{"damage":9,"enemies":"Spire Growth","floor":46,"turns":8},{"damage":4,"enemies":"Jaw Worm Horde","floor":48,"turns":5},{"damage":57,"enemies":"Time Eater","floor":50,"turns":14}],"seed_played":"140612992427968225","potions_obtained":[{"floor":3,"key":"GamblersBrew"},{"floor":4,"key":"AttackPotion"},{"floor":5,"key":"Explosive Potion"},{"floor":7,"key":"Poison Potion"},{"floor":13,"key":"Explosive Potion"},{"floor":18,"key":"SpeedPotion"},{"floor":27,"key":"AttackPotion"},{"floor":38,"key":"PowerPotion"},{"floor":46,"key":"EssenceOfSteel"},{"floor":48,"key":"Block Potion"}],"is_trial":false,"path_per_floor":["M","M","M","M","M","R","E","$","T","R","E","$","E","M","R","B",null,"M","?","?","M","M","R","E","?","T","E","?","M","T","M","R","B",null,"M","?","$","M","?","R","E","R","T","R","M","M","T","M","R","B"],"character_chosen":"DEFECT","items_purchased":["Compile Driver","Coolheaded","Doom and Gloom","BootSequence","Singing Bowl","Skim"],"campfire_rested":2,"item_purchase_floors":[8,8,12,12,37,37],"current_hp_per_floor":[81,80,79,65,64,64,58,58,65,65,62,62,54,54,54,32,89,89,72,72,67,41,69,17,17,17,17,17,3,3,3,32,23,47,46,46,46,48,48,48,48,48,48,48,50,43,43,43,43,0],"gold":280,"neow_bonus":"TEN_PERCENT_HP_BONUS","is_prod":false,"is_daily":false,"chose_seed":false,"campfire_upgraded":7,"win_rate":0,"timestamp":1549159606,"path_taken":["M","M","?","?","M","R","E","$","T","R","E","$","E","M","R","BOSS","M","?","?","M","M","R","E","?","T","E","?","M","?","?","R","BOSS","M","?","$","?","?","R","E","R","T","R","M","M","?","?","R","BOSS"],"build_version":"2019-01-23","purchased_purges":0,"victory":false,"max_hp_per_floor":[82,82,82,82,82,82,82,82,89,89,89,89,89,89,89,89,89,89,94,94,94,94,94,94,47,47,47,47,47,47,47,47,47,47,47,47,47,49,49,49,51,51,51,51,53,55,55,57,57,57],"card_choices":[{"not_picked":["FTL","Beam Cell"],"picked":"Ball Lightning","floor":1},{"not_picked":["Consume","White Noise"],"picked":"Tempest","floor":2},{"not_picked":["Streamline","Storm"],"picked":"Beam Cell","floor":3},{"not_picked":["Melter","Sweeping Beam"],"picked":"BootSequence","floor":4},{"not_picked":["Hello World","Compile Driver"],"picked":"Leap","floor":5},{"not_picked":["Steam Power","Turbo"],"picked":"Leap","floor":7},{"not_picked":["Redo","Sweeping Beam"],"picked":"Defragment","floor":11},{"not_picked":["Tempest","Coolheaded"],"picked":"Thunder Strike","floor":13},{"not_picked":["Steam","Conserve Battery"],"picked":"Fusion","floor":14},{"not_picked":["Biased Cognition","Core Surge"],"picked":"Meteor Strike","floor":16},{"not_picked":["FTL","Coolheaded","Barrage"],"picked":"SKIP","floor":18},{"not_picked":["Hologram+1","Cold Snap"],"picked":"Double Energy+1","floor":21},{"not_picked":["Ball Lightning","Turbo"],"picked":"Cold Snap","floor":22},{"not_picked":["Undo","Tempest"],"picked":"Steam Power+1","floor":24},{"not_picked":["Reinforced Body","Turbo"],"picked":"Buffer","floor":27},{"not_picked":["Conserve Battery","Ball Lightning"],"picked":"Redo","floor":29},{"not_picked":["Ball Lightning+1","Hello World+1"],"picked":"Cold Snap","floor":31},{"not_picked":["Thunder Strike","Reboot"],"picked":"Machine Learning","floor":33},{"not_picked":["Hologram","Cold Snap+1"],"picked":"Steam","floor":34},{"not_picked":["Ball Lightning","Cold Snap"],"picked":"Go for the Eyes","floor":34},{"not_picked":["Hologram","Coolheaded+1"],"picked":"Consume+1","floor":34},{"not_picked":["Hologram","Core Surge"],"picked":"Undo+1","floor":35},{"not_picked":["Beam Cell","Cold Snap+1","BootSequence"],"picked":"Singing Bowl","floor":38},{"not_picked":["Lockon+1","BootSequence+1","Glacier"],"picked":"Singing Bowl","floor":41},{"not_picked":["Go for the Eyes+1","Hologram+1","Rebound"],"picked":"Singing Bowl","floor":45},{"not_picked":["Chill","Beam Cell","BootSequence"],"picked":"Singing Bowl","floor":46},{"not_picked":["Force Field","Consume","Ball Lightning+1"],"picked":"Singing Bowl","floor":48}],"player_experience":226235,"relics_obtained":[{"floor":7,"key":"Boot"},{"floor":9,"key":"Strawberry"},{"floor":11,"key":"Pen Nib"},{"floor":13,"key":"Bronze Scales"},{"floor":24,"key":"Oddly Smooth Stone"},{"floor":26,"key":"Potion Belt"},{"floor":27,"key":"Art of War"},{"floor":30,"key":"Regal Pillow"},{"floor":41,"key":"Pantograph"},{"floor":43,"key":"Centennial Puzzle"},{"floor":47,"key":"Blood Vial"}],"event_choices":[{"damage_healed":0,"gold_gain":0,"player_choice":"Shed Blood","damage_taken":22,"max_hp_gain":5,"max_hp_loss":0,"event_name":"Forgotten Altar","floor":19,"gold_loss":0},{"cards_removed":["Strike_B"],"damage_healed":0,"gold_gain":0,"player_choice":"Gave Gold","damage_taken":0,"max_hp_gain":0,"max_hp_loss":0,"event_name":"Beggar","floor":20,"gold_loss":75},{"damage_healed":0,"gold_gain":0,"player_choice":"Became a Ghost","damage_taken":0,"max_hp_gain":0,"max_hp_loss":47,"event_name":"Ghosts","floor":25,"gold_loss":0,"cards_obtained":["Ghostly","Ghostly","Ghostly","Ghostly","Ghostly"]},{"damage_healed":0,"gold_gain":0,"player_choice":"Inject Mutagens","damage_taken":0,"relics_obtained":["MutagenicStrength"],"max_hp_gain":0,"max_hp_loss":0,"event_name":"Drug Dealer","floor":28,"gold_loss":0},{"damage_healed":0,"gold_gain":0,"player_choice":"Ignored","damage_taken":0,"max_hp_gain":0,"max_hp_loss":0,"event_name":"SecretPortal","floor":36,"gold_loss":0},{"cards_removed":["Cold Snap"],"damage_healed":0,"gold_gain":0,"player_choice":"Removed Attack","damage_taken":0,"max_hp_gain":0,"max_hp_loss":0,"event_name":"Falling","floor":39,"gold_loss":0}],"is_beta":false,"boss_relics":[{"not_picked":["Cursed Key","Tiny House"],"picked":"Astrolabe"},{"not_picked":["White Beast Statue","Busted Crown"],"picked":"Orrery"}],"items_purged_floors":[],"is_endless":false,"potions_floor_spawned":[3,4,5,7,13,18,27,38,46,48],"killed_by":"Time Eater","ascension_level":1}