{"path_per_floor":["M","?","$","$","M","E","R","?","T","M","E","M","R","T","R","B",null,"M","?","$","?","M","R","E","M","T","R","M","?","M","M","R","B",null,"M","?","$","?","M"],"character_chosen":"THE_SILENT","items_purchased":["Orichalcum","Deadly Poison","Bane","Unceasing Top"],"gold_per_floor":[116,116,41,41,57,118,118,77,77,88,117,130,130,155,155,260,260,277,277,42,42,59,59,93,103,178,178,190,190,210,229,229,329,329,345,345,31,31,42,42],"floor_reached":40,"campfire_rested":5,"playtime":1783,"current_hp_per_floor":[65,58,58,58,58,22,43,43,43,43,10,10,31,31,52,35,70,51,51,51,51,51,51,30,11,11,32,22,22,24,34,55,19,70,43,43,43,43,42,0],"items_purged":["Strike_G"],"gold":42,"score":497,"play_id":"4e3ca940-71fd-434c-b1bf-21a7d652a356","local_time":"20180511190854","is_prod":false,"is_daily":false,"chose_seed":false,"is_ascension_mode":true,"campfire_upgraded":1,"timestamp":1526058534,"path_taken":["M","?","?","$","?","E","R","?","T","M","E","M","R","?","R","BOSS","M","?","$","?","M","R","E","?","T","R","M","?","M","M","R","BOSS","M","?","$","?","M","E"],"build_version":"2018-05-10","seed_source_timestamp":3663602652905,"purchased_purges":1,"victory":false,"master_deck":["Survivor","Neutralize+1","Setup","Deadly Poison","Dagger Spray","Deadly Poison","Bane","Prepared","Tools of the Trade","Acrobatics","Slice","Noxious Fumes","Deflect","Backflip","Sucker Punch","Sucker Punch+1","Glass Knife","Mind Blast","Deadly Poison+1","Bane","Cloak And Dagger+1","Escape Plan+1","Noxious Fumes+1","Writhe","Deflect+1","Prepared+1","Footwork","Envenom","Bane+1","Backflip+1","Master of Strategy+1","Setup+1"],"max_hp_per_floor":[70,70,70,70,70,70,70,70,70,70,70,70,70,70,70,70,70,70,70,70,70,70,70,70,70,70,70,70,70,70,70,70,70,70,70,70,70,70,70,70],"relics":["Ring of the Snake","Tiny Chest","Whetstone","Pen Nib","Lantern","Pandora\u0027s Box","Orichalcum","Toxic Egg 2","Meat on the Bone","Dream Catcher","Sozu","Unceasing Top"],"card_choices":[{"not_picked":["Prepared","Quick Slash"],"picked":"Deadly Poison","floor":1.0},{"not_picked":["Blade Dance","Underhanded Strike"],"picked":"Dagger Spray","floor":5.0},{"not_picked":["Calculated Gamble","Cloak And Dagger"],"picked":"Deadly Poison","floor":6.0},{"not_picked":["Night Terror","Sucker Punch"],"picked":"Bane","floor":11.0},{"not_picked":["Distraction","Infinite Blades"],"picked":"Prepared","floor":12.0},{"not_picked":["Storm of Steel","Wraith Form v2"],"picked":"Tools of the Trade","floor":16.0},{"not_picked":["Reflex","Poisoned Stab"],"picked":"Sucker Punch","floor":18.0},{"not_picked":["Dagger Spray","Acrobatics"],"picked":"Cloak And Dagger","floor":22.0},{"not_picked":["Quick Slash","Corpse Explosion"],"picked":"Escape Plan","floor":24.0},{"not_picked":["Malaise","Infinite Blades"],"picked":"Noxious Fumes","floor":25.0},{"not_picked":["Eviscerate","Dagger Spray"],"picked":"Deflect","floor":30.0},{"not_picked":["Sucker Punch","Accuracy"],"picked":"Prepared","floor":31.0},{"not_picked":["Acrobatics","Predator"],"picked":"Footwork","floor":32.0},{"not_picked":["Wraith Form v2","Grand Finale"],"picked":"Envenom","floor":33.0},{"not_picked":["Accuracy","Footwork"],"picked":"Bane","floor":35},{"not_picked":["Bandage Up","Flash of Steel"],"picked":"Master of Strategy","floor":38},{"not_picked":["Deadly Poison","Quick Slash"],"picked":"Setup","floor":39}],"player_experience":460613,"potions_floor_usage":[40],"damage_taken":[{"damage":5.0,"enemies":"2 Louse","floor":1.0,"turns":2.0},{"damage":0.0,"enemies":"Jaw Worm","floor":5.0,"turns":5.0},{"damage":36.0,"enemies":"Gremlin Nob","floor":6.0,"turns":5.0},{"damage":0.0,"enemies":"Small Slimes","floor":10.0,"turns":2.0},{"damage":33.0,"enemies":"Lagavulin","floor":11.0,"turns":6.0},{"damage":0.0,"enemies":"Exordium Thugs","floor":12.0,"turns":5.0},{"damage":17.0,"enemies":"The Guardian","floor":16.0,"turns":10.0},{"damage":19.0,"enemies":"Spheric Guardian","floor":18.0,"turns":5.0},{"damage":0.0,"enemies":"3 Byrds","floor":22.0,"turns":4.0},{"damage":21.0,"enemies":"Book of Stabbing","floor":24.0,"turns":4.0},{"damage":19.0,"enemies":"Slaver and Parasite","floor":25.0,"turns":4.0},{"damage":22.0,"enemies":"Snake Plant","floor":28.0,"turns":4.0},{"damage":10.0,"enemies":"Chosen and Byrds","floor":30.0,"turns":5.0},{"damage":2.0,"enemies":"3 Cultists","floor":31.0,"turns":4.0},{"damage":48.0,"enemies":"Automaton","floor":33.0,"turns":8.0},{"damage":39,"enemies":"3 Shapes","floor":35,"turns":5},{"damage":13,"enemies":"3 Darklings","floor":39,"turns":4},{"damage":52,"enemies":"Nemesis","floor":40,"turns":6}],"event_choices":[{"event_name":"Golden Wing","player_choice":"Card Removal","floor":2.0,"damage_taken":0.0},{"event_name":"World of Goop","player_choice":"Left","floor":8.0,"damage_taken":0.0},{"event_name":"Match and Keep!","player_choice":"2 cards matched","floor":19.0,"damage_taken":0.0},{"event_name":"Drug Dealer","player_choice":"Ignored","floor":21.0,"damage_taken":0.0},{"event_name":"The Mausoleum","player_choice":"Yes","floor":29.0,"damage_taken":0.0},{"event_name":"Transmorgrifier","player_choice":"Transform","floor":36,"damage_taken":0},{"event_name":"SensoryStone","player_choice":"Memory 1","floor":38,"damage_taken":0}],"boss_relics":[],"potions_floor_spawned":[6,16,18,24,31,33],"seed_played":"-1783960650799945403","killed_by":"Nemesis","ascension_level":4,"is_trial":false}