{"gold_per_floor":[14,14,14,24,43,71,71,71,116,132,142,230,47,58,58,155,155,173,183,196,112,112],"floor_reached":22,"playtime":1534,"items_purged":[],"score":301,"play_id":"6c56e753-9c4c-4f5b-8215-743754396ae4","local_time":"20190122204907","is_ascension_mode":true,"campfire_choices":[{"floor":7,"key":"REST"},{"floor":15,"key":"REST"}],"neow_cost":"NO_GOLD","seed_source_timestamp":12875031668631404,"circlet_count":0,"master_deck":["AscendersBane","Bash","Battle Trance","Demon Form","Metallicize","Flex","Shrug It Off","Metamorphosis","Metallicize","Limit Break","Carnage","Whirlwind","Carnage","Twin Strike","Rampage","Heavy Blade","Warcry","Bludgeon","Infernal Blade","Havoc","Finesse"],"relics":["Burning Blood","Nunchaku","Anchor","Blue Candle","Boot","Tiny Chest","Pandora\u0027s Box"],"potions_floor_usage":[6,12,22,22],"damage_taken":[{"damage":10,"enemies":"Small Slimes","floor":1,"turns":3},{"damage":0,"enemies":"Jaw Worm","floor":4,"turns":3},{"damage":1,"enemies":"Cultist","floor":5,"turns":3},{"damage":44,"enemies":"3 Sentries","floor":6,"turns":8},{"damage":8,"enemies":"2 Fungi Beasts","floor":10,"turns":4},{"damage":10,"enemies":"Gremlin Gang","floor":11,"turns":6},{"damage":17,"enemies":"Gremlin Nob","floor":12,"turns":4},{"damage":26,"enemies":"Exordium Wildlife","floor":14,"turns":5},{"damage":33,"enemies":"Hexaghost","floor":16,"turns":9},{"damage":22,"enemies":"2 Thieves","floor":18,"turns":4},{"damage":29,"enemies":"3 Byrds","floor":19,"turns":5},{"damage":34,"enemies":"Cultist and Chosen","floor":20,"turns":8},{"damage":14,"enemies":"3 Cultists","floor":22,"turns":3}],"seed_played":"-6822547190647577291","potions_obtained":[{"floor":1,"key":"Weak Potion"},{"floor":6,"key":"FearPotion"},{"floor":12,"key":"FairyPotion"},{"floor":16,"key":"LiquidBronze"},{"floor":20,"key":"PowerPotion"}],"is_trial":false,"path_per_floor":["M","?","?","M","M","E","R","$","T","M","M","?","$","M","R","B",null,"M","M","M","$","M"],"character_chosen":"IRONCLAD","items_purchased":["Metamorphosis","Finesse"],"campfire_rested":2,"item_purchase_floors":[13,21],"current_hp_per_floor":[68,56,56,62,67,29,53,53,53,51,47,36,36,16,40,13,63,47,24,14,14,0],"gold":112,"neow_bonus":"ONE_RARE_RELIC","is_prod":false,"is_daily":false,"chose_seed":false,"campfire_upgraded":0,"win_rate":0,"timestamp":1548186547,"path_taken":["M","?","?","M","M","E","R","$","T","M","M","?","$","M","R","BOSS","M","M","M","$","M"],"build_version":"2019-01-17v2","purchased_purges":0,"victory":false,"max_hp_per_floor":[80,80,80,80,80,80,80,80,80,80,80,80,80,80,80,80,80,80,80,80,80,80],"card_choices":[{"not_picked":["Disarm","Perfected Strike"],"picked":"Battle Trance","floor":1},{"not_picked":["Havoc","Intimidate","Sword Boomerang"],"picked":"SKIP","floor":4},{"not_picked":["Rage","Power Through"],"picked":"Demon Form","floor":5},{"not_picked":["Havoc","Searing Blow"],"picked":"Metallicize","floor":6},{"not_picked":["Disarm","Shockwave","Perfected Strike"],"picked":"SKIP","floor":10},{"not_picked":["Thunderclap","Ghostly Armor"],"picked":"Flex","floor":11},{"not_picked":["Warcry","Havoc"],"picked":"Shrug It Off","floor":12},{"not_picked":["Twin Strike","Clash"],"picked":"Metallicize","floor":14},{"not_picked":["Demon Form","Double Tap"],"picked":"Limit Break","floor":16},{"not_picked":["Uppercut","Evolve"],"picked":"Havoc","floor":18},{"not_picked":["Whirlwind","Sword Boomerang","Warcry"],"picked":"SKIP","floor":19},{"not_picked":["Combust","Clothesline","Heavy Blade"],"picked":"SKIP","floor":20}],"player_experience":296652,"relics_obtained":[{"floor":6,"key":"Blue Candle"},{"floor":9,"key":"Boot"},{"floor":12,"key":"Tiny Chest"}],"event_choices":[{"damage_healed":0,"gold_gain":0,"player_choice":"Success","damage_taken":12,"relics_obtained":["Anchor"],"max_hp_gain":0,"max_hp_loss":0,"event_name":"Scrap Ooze","floor":2,"gold_loss":0},{"damage_healed":0,"gold_gain":0,"player_choice":"Leave","damage_taken":0,"max_hp_gain":0,"max_hp_loss":0,"event_name":"The Cleric","floor":3,"gold_loss":0},{"damage_healed":0,"gold_gain":0,"player_choice":"Searched \u00271\u0027 times","damage_taken":0,"max_hp_gain":0,"max_hp_loss":0,"event_name":"Dead Adventurer","floor":12,"gold_loss":0}],"is_beta":false,"boss_relics":[{"not_picked":["Sozu","Runic Cube"],"picked":"Pandora\u0027s Box"}],"items_purged_floors":[],"is_endless":false,"potions_floor_spawned":[1,6,12,16,20],"killed_by":"3 Cultists","ascension_level":12}