{"gold_per_floor":[119,44,44,68,68,68,109,109,109,127,141,141,172,185,185,310,310],"floor_reached":17,"playtime":376,"items_purged":["Strike_R"],"score":226,"play_id":"f95d8539-7954-4a2e-9493-c5bf863741c4","local_time":"20190206120148","is_ascension_mode":true,"campfire_choices":[{"data":"Perfected Strike","floor":6,"key":"SMITH"},{"data":"Bash","floor":8,"key":"SMITH"},{"data":"Immolate","floor":12,"key":"SMITH"},{"data":"Double Tap","floor":15,"key":"SMITH"}],"neow_cost":"NONE","seed_source_timestamp":182685569231362,"circlet_count":0,"master_deck":["Strike_R","Strike_R","Strike_R","Strike_R","Defend_R","Defend_R","Defend_R","Defend_R","Bash+1","Rage","Perfected Strike+1","Immolate+1","Double Tap+1","Pommel Strike","Evolve","Thunderclap","Wild Strike"],"relics":["Burning Blood","NeowsBlessing","Golden Idol","Gambling Chip","Bag of Marbles","Pantograph","Bottled Lightning","Orrery"],"potions_floor_usage":[13,16],"damage_taken":[{"damage":0,"enemies":"Small Slimes","floor":1,"turns":1},{"damage":0,"enemies":"2 Louse","floor":4,"turns":1},{"damage":0,"enemies":"Lagavulin","floor":7,"turns":1},{"damage":0,"enemies":"Cultist","floor":10,"turns":2},{"damage":10,"enemies":"Looter","floor":11,"turns":2},{"damage":0,"enemies":"Gremlin Nob","floor":13,"turns":2},{"damage":1,"enemies":"Exordium Wildlife","floor":14,"turns":2},{"damage":58,"enemies":"Hexaghost","floor":16,"turns":7}],"seed_played":"4350604332946993646","potions_obtained":[{"floor":1,"key":"AttackPotion"},{"floor":4,"key":"Block Potion"},{"floor":11,"key":"Weak Potion"},{"floor":13,"key":"EssenceOfSteel"}],"is_trial":false,"path_per_floor":["M","$","?","M","?","R","E","R","T","M","M","R","E","M","R","B",null],"character_chosen":"IRONCLAD","items_purchased":[],"campfire_rested":0,"item_purchase_floors":[],"current_hp_per_floor":[80,80,60,66,54,54,60,60,60,66,62,62,68,73,73,28,28],"gold":310,"neow_bonus":"THREE_ENEMY_KILL","is_prod":false,"is_daily":false,"chose_seed":false,"campfire_upgraded":4,"win_rate":0,"timestamp":1549483308,"path_taken":["M","$","?","M","?","R","E","R","T","M","M","R","E","M","R","BOSS"],"build_version":"2019-01-23","purchased_purges":1,"victory":false,"max_hp_per_floor":[80,80,80,80,80,80,80,80,80,80,80,80,80,80,80,80,80],"card_choices":[{"not_picked":["Second Wind","Headbutt"],"picked":"Rage","floor":1},{"not_picked":["Heavy Blade","Armaments"],"picked":"Perfected Strike","floor":4},{"not_picked":["Pommel Strike","Armaments"],"picked":"Immolate","floor":7},{"not_picked":["Warcry","Cleave","Clothesline"],"picked":"SKIP","floor":10},{"not_picked":["Fire Breathing","Clash","Armaments"],"picked":"SKIP","floor":11},{"not_picked":["Clothesline","Cleave"],"picked":"Double Tap","floor":13},{"not_picked":["Brutality","True Grit"],"picked":"Pommel Strike","floor":14},{"not_picked":["Feel No Pain","Cleave"],"picked":"Evolve","floor":17},{"not_picked":["Flex","Sword Boomerang"],"picked":"Thunderclap","floor":17},{"not_picked":["Bloodletting","Shrug It Off"],"picked":"Wild Strike","floor":17}],"player_experience":98121,"relics_obtained":[{"floor":7,"key":"Bag of Marbles"},{"floor":9,"key":"Pantograph"},{"floor":13,"key":"Bottled Lightning"}],"event_choices":[{"damage_healed":0,"gold_gain":0,"player_choice":"Take Damage","damage_taken":20,"relics_obtained":["Golden Idol"],"max_hp_gain":0,"max_hp_loss":0,"event_name":"Golden Idol","floor":3,"gold_loss":0},{"damage_healed":0,"gold_gain":0,"player_choice":"Success","damage_taken":12,"relics_obtained":["Gambling Chip"],"max_hp_gain":0,"max_hp_loss":0,"event_name":"Scrap Ooze","floor":5,"gold_loss":0}],"is_beta":false,"boss_relics":[{"not_picked":["Mark of Pain","Busted Crown"],"picked":"Orrery"}],"items_purged_floors":[2],"is_endless":false,"potions_floor_spawned":[1,4,11,13,14],"ascension_level":1}