{"gold_per_floor":[361,373,383,383,103,129,129,129],"floor_reached":8,"playtime":1355,"items_purged":[],"score":84,"play_id":"592e8348-76e1-4faf-a3d9-e5134022dbd4","local_time":"20181129152633","is_ascension_mode":true,"campfire_choices":[{"floor":7,"key":"REST"}],"neow_cost":"TEN_PERCENT_HP_LOSS","seed_source_timestamp":1014397072513998,"circlet_count":0,"master_deck":["AscendersBane","Defend_G","Defend_G","Defend_G","Defend_G","Defend_G","Strike_G","Strike_G","Strike_G","Strike_G","Strike_G","Survivor","Neutralize","Dagger Throw","Terror+1","Infinite Blades","Prepared","Accuracy"],"relics":["Ring of the Snake","Matryoshka","Snake Skull"],"potions_floor_usage":[6],"damage_taken":[{"damage":11,"enemies":"Cultist","floor":1,"turns":5},{"damage":0,"enemies":"Jaw Worm","floor":2,"turns":4},{"damage":0,"enemies":"Small Slimes","floor":3,"turns":3},{"damage":28,"enemies":"Gremlin Nob","floor":6,"turns":4},{"damage":27,"enemies":"3 Sentries","floor":8,"turns":5}],"seed_played":"-1587473191041333925","potions_obtained":[{"floor":2,"key":"SkillPotion"}],"is_trial":false,"path_per_floor":["M","M","M","?","$","E","R","?"],"character_chosen":"THE_SILENT","items_purchased":["Matryoshka","Prepared"],"campfire_rested":1,"item_purchase_floors":[5,5],"current_hp_per_floor":[52,52,52,52,52,24,42,15],"gold":129,"neow_bonus":"TWO_FIFTY_GOLD","is_prod":false,"is_daily":false,"chose_seed":false,"campfire_upgraded":0,"win_rate":0,"timestamp":1543501593,"path_taken":["M","M","?","?","?","E","R","?"],"build_version":"2018-11-15","purchased_purges":0,"victory":false,"max_hp_per_floor":[63,63,63,63,63,63,63,63],"card_choices":[{"not_picked":["Slice","Deflect"],"picked":"Dagger Throw","floor":1},{"not_picked":["Quick Slash","Cloak And Dagger"],"picked":"Terror","floor":2},{"not_picked":["Deflect","Slice"],"picked":"Infinite Blades","floor":3},{"not_picked":["Blade Dance","Quick Slash"],"picked":"Accuracy","floor":6}],"player_experience":1395545,"relics_obtained":[{"floor":6,"key":"Snake Skull"}],"event_choices":[{"damage_healed":0,"gold_gain":0,"player_choice":"Upgraded","damage_taken":0,"max_hp_gain":0,"max_hp_loss":0,"event_name":"Upgrade Shrine","floor":4,"gold_loss":0,"cards_upgraded":["Terror"]},{"damage_healed":0,"gold_gain":0,"player_choice":"Searched \u00271\u0027 times","damage_taken":0,"max_hp_gain":0,"max_hp_loss":0,"event_name":"Dead Adventurer","floor":8,"gold_loss":0}],"is_beta":false,"boss_relics":[],"items_purged_floors":[],"is_endless":false,"potions_floor_spawned":[2],"killed_by":"3 Sentries","ascension_level":10}