{"gold_per_floor":[115,133,25,36,48,74,89,89,89,107,107,72,100,120,120,197,197,209,209,209,46,61,61,72,72,72,82,82,132,162,181,181,260,260,274,290,304,304,322,322,116,116,116,116,127,159,159,186,186,186,186,186,186,18,45,45],"floor_reached":56,"playtime":3335,"items_purged":["Strike_G"],"score":1903,"play_id":"17134cb8-2eba-479b-b9d3-6b61ea4e57c1","local_time":"20190208165808","is_ascension_mode":true,"campfire_choices":[{"floor":11.0,"key":"REST"},{"data":"Footwork","floor":15.0,"key":"SMITH"},{"data":"Crippling Poison","floor":23.0,"key":"SMITH"},{"data":"Footwork","floor":25.0,"key":"SMITH"},{"floor":32.0,"key":"REST"},{"floor":40.0,"key":"RECALL"},{"floor":44.0,"key":"REST"},{"floor":49.0,"key":"REST"},{"data":"Night Terror","floor":53,"key":"SMITH"}],"neow_cost":"NONE","seed_source_timestamp":11553969305402,"circlet_count":0,"master_deck":["AscendersBane","Defend_G","Defend_G+1","Defend_G","Defend_G","Defend_G","Strike_G","Strike_G","Survivor","Neutralize","Die Die Die","Poisoned Stab","Noxious Fumes","Quick Slash","Noxious Fumes","Backflip","Crippling Poison+1","Catalyst","Footwork+1","Grand Finale","Cloak And Dagger+1","Adrenaline","PiercingWail","Catalyst","Glass Knife","Footwork+1","Backstab","Writhe","Leg Sweep+1","Acrobatics","Night Terror+1","Cloak And Dagger","PiercingWail","Catalyst+1","Well Laid Plans","Backflip","Dodge and Roll","Calculated Gamble"],"special_seed":0,"relics":["Ring of the Serpent","Happy Flower","Question Card","Orichalcum","Busted Crown","Lantern","Gambling Chip","War Paint","Ornamental Fan","Blue Candle","PreservedInsect","Snake Skull","Letter Opener"],"potions_floor_usage":[50],"damage_taken":[{"damage":3.0,"enemies":"Cultist","floor":1.0,"turns":4.0},{"damage":0.0,"enemies":"Small Slimes","floor":2.0,"turns":4.0},{"damage":7.0,"enemies":"2 Louse","floor":4.0,"turns":2.0},{"damage":1.0,"enemies":"Looter","floor":5.0,"turns":4.0},{"damage":18.0,"enemies":"Lagavulin","floor":6.0,"turns":7.0},{"damage":12.0,"enemies":"Large Slime","floor":7.0,"turns":6.0},{"damage":7.0,"enemies":"Blue Slaver","floor":10.0,"turns":4.0},{"damage":24.0,"enemies":"Gremlin Nob","floor":13.0,"turns":4.0},{"damage":6.0,"enemies":"Exordium Wildlife","floor":14.0,"turns":4.0},{"damage":2.0,"enemies":"The Guardian","floor":16.0,"turns":10.0},{"damage":5.0,"enemies":"Shell Parasite","floor":18.0,"turns":5.0},{"damage":0.0,"enemies":"3 Byrds","floor":22.0,"turns":5.0},{"damage":4.0,"enemies":"Centurion and Healer","floor":24.0,"turns":5.0},{"damage":5.0,"enemies":"Cultist and Chosen","floor":27.0,"turns":7.0},{"damage":12.0,"enemies":"Book of Stabbing","floor":30.0,"turns":6.0},{"damage":0.0,"enemies":"Snecko","floor":31.0,"turns":5.0},{"damage":8.0,"enemies":"Champ","floor":33.0,"turns":9.0},{"damage":3.0,"enemies":"3 Darklings","floor":35.0,"turns":5.0},{"damage":4.0,"enemies":"Orb Walker","floor":36.0,"turns":5.0},{"damage":7.0,"enemies":"4 Shapes","floor":37.0,"turns":7.0},{"damage":0.0,"enemies":"3 Darklings","floor":39.0,"turns":7.0},{"damage":13.0,"enemies":"Jaw Worm Horde","floor":45.0,"turns":4.0},{"damage":13.0,"enemies":"Giant Head","floor":46.0,"turns":7.0},{"damage":1.0,"enemies":"Reptomancer","floor":48.0,"turns":6.0},{"damage":12,"enemies":"Time Eater","floor":50,"turns":14},{"damage":28,"enemies":"Donu and Deca","floor":51,"turns":10},{"damage":47,"enemies":"Shield and Spear","floor":55,"turns":10},{"damage":65,"enemies":"The Heart","floor":56,"turns":3}],"seed_played":"4876150104246781166","potions_obtained":[{"floor":1.0,"key":"Block Potion"},{"floor":6.0,"key":"Strength Potion"},{"floor":7.0,"key":"Fire Potion"},{"floor":13.0,"key":"FearPotion"},{"floor":16.0,"key":"Explosive Potion"},{"floor":24.0,"key":"Explosive Potion"},{"floor":37.0,"key":"GamblersBrew"},{"floor":39.0,"key":"Regen Potion"},{"floor":48.0,"key":"SkillPotion"}],"is_trial":false,"path_per_floor":["M","M","$","M","M","E","M","?","T","M","R","?","E","M","R","B",null,"M","?","?","$","M","R","M","R","T","M","?","?","E","M","R","B",null,"M","M","M","?","M","R","$","?","T","R","M","E","T","E","R","B","B",null,"R","$","E","B"],"character_chosen":"THE_SILENT","items_purchased":["Noxious Fumes","Quick Slash","Glass Knife","Footwork","Well Laid Plans","Backflip","Snake Skull"],"campfire_rested":4,"item_purchase_floors":[3,3,21,21,41,41,54],"current_hp_per_floor":[56,56,56,49,48,30,18,18,18,11,30,46,22,16,16,14,53,48,30,30,30,30,30,26,26,26,21,21,21,9,9,30,22,59,56,52,45,45,45,45,45,45,45,66,62,49,49,48,69,57,29,61,61,61,14,0],"gold":45,"neow_bonus":"ONE_RANDOM_RARE_CARD","is_prod":false,"is_daily":false,"chose_seed":false,"campfire_upgraded":4,"win_rate":0,"timestamp":1549663088,"path_taken":["M","M","$","M","M","E","M","?","T","?","R","?","E","M","R","BOSS","M","?","?","$","M","R","M","R","T","M","?","?","E","M","R","BOSS","M","M","M","?","M","R","$","?","T","R","M","E","?","E","R","BOSS","BOSS","R","$","E","BOSS"],"build_version":"2019-01-23","purchased_purges":1,"victory":false,"max_hp_per_floor":[66,66,66,66,66,66,66,66,66,66,66,66,66,66,66,66,66,66,71,71,71,71,71,71,71,71,71,71,71,71,71,71,71,71,71,71,71,71,71,71,71,71,71,71,71,71,71,71,71,71,71,71,71,71,71,71],"card_choices":[{"not_picked":["Setup","Catalyst","Prepared"],"picked":"SKIP","floor":1.0},{"not_picked":["Dagger Throw","Backflip"],"picked":"Poisoned Stab","floor":2.0},{"not_picked":["Tactician","Prepared"],"picked":"Noxious Fumes","floor":4.0},{"not_picked":["Dagger Throw","Deflect"],"picked":"Backflip","floor":5.0},{"not_picked":["Dodge and Roll","Catalyst"],"picked":"Crippling Poison","floor":6.0},{"not_picked":["Quick Slash","Deadly Poison"],"picked":"Catalyst","floor":7.0},{"not_picked":["Infinite Blades","Dagger Spray","Cloak And Dagger"],"picked":"Footwork","floor":10.0},{"not_picked":["Underhanded Strike","Quick Slash","Sucker Punch"],"picked":"Grand Finale","floor":13.0},{"not_picked":["Slice","Acrobatics","Concentrate"],"picked":"Cloak And Dagger","floor":14.0},{"not_picked":["Phantasmal Killer","Corpse Explosion","Bullet Time"],"picked":"Adrenaline","floor":16.0},{"not_picked":["Terror"],"picked":"PiercingWail","floor":18.0},{"not_picked":["Blur"],"picked":"Backstab","floor":22.0},{"not_picked":["Quick Slash","Deadly Poison"],"picked":"SKIP","floor":24.0},{"not_picked":["Glass Knife","Bane+1"],"picked":"SKIP","floor":27.0},{"not_picked":["Slice"],"picked":"Leg Sweep+1","floor":30.0},{"not_picked":["Deadly Poison"],"picked":"Acrobatics","floor":31.0},{"not_picked":["Glass Knife"],"picked":"Night Terror","floor":33.0},{"not_picked":["Dodge and Roll"],"picked":"Cloak And Dagger","floor":35.0},{"not_picked":["Dagger Spray+1","Bane"],"picked":"SKIP","floor":36.0},{"not_picked":["Dagger Spray"],"picked":"PiercingWail","floor":37.0},{"not_picked":["Setup"],"picked":"Catalyst+1","floor":39.0},{"not_picked":["Prepared"],"picked":"Dodge and Roll","floor":45.0},{"not_picked":["Terror"],"picked":"Calculated Gamble","floor":46.0},{"not_picked":["Infinite Blades+1","Blade Dance"],"picked":"SKIP","floor":48.0},{"not_picked":["Underhanded Strike","Flying Knee"],"picked":"SKIP","floor":55}],"player_experience":1167903,"relics_obtained":[{"floor":6.0,"key":"Happy Flower"},{"floor":9.0,"key":"Question Card"},{"floor":13.0,"key":"Orichalcum"},{"floor":26.0,"key":"Lantern"},{"floor":30.0,"key":"War Paint"},{"floor":46.0,"key":"Ornamental Fan"},{"floor":47.0,"key":"Blue Candle"},{"floor":48.0,"key":"PreservedInsect"},{"floor":55,"key":"Letter Opener"}],"event_choices":[{"cards_removed":["Strike_G"],"damage_healed":0.0,"max_hp_gain":0.0,"max_hp_loss":0.0,"gold_gain":0.0,"event_name":"Purifier","player_choice":"Purged","floor":8.0,"gold_loss":0.0,"damage_taken":0.0},{"damage_healed":16.0,"max_hp_gain":0.0,"max_hp_loss":0.0,"gold_gain":0.0,"event_name":"The Cleric","player_choice":"Healed","floor":12.0,"gold_loss":35.0,"damage_taken":0.0},{"damage_healed":0.0,"max_hp_gain":5.0,"max_hp_loss":0.0,"gold_gain":0.0,"event_name":"Forgotten Altar","player_choice":"Shed Blood","floor":19.0,"gold_loss":0.0,"damage_taken":23.0},{"damage_healed":0.0,"max_hp_gain":0.0,"max_hp_loss":0.0,"gold_gain":0.0,"event_name":"The Library","player_choice":"Read","floor":20.0,"gold_loss":0.0,"damage_taken":0.0,"cards_obtained":["Catalyst"]},{"damage_healed":0.0,"max_hp_gain":0.0,"max_hp_loss":0.0,"gold_gain":0.0,"event_name":"The Mausoleum","player_choice":"Opened","floor":28.0,"gold_loss":0.0,"damage_taken":0.0,"relics_obtained":["Gambling Chip"],"cards_obtained":["Writhe"]},{"damage_healed":0.0,"max_hp_gain":0.0,"max_hp_loss":0.0,"gold_gain":50.0,"event_name":"Nest","player_choice":"Stole From Cult","floor":29.0,"gold_loss":0.0,"damage_taken":0.0},{"cards_removed":["Strike_G"],"damage_healed":0.0,"max_hp_gain":0.0,"max_hp_loss":0.0,"gold_gain":0.0,"event_name":"Falling","player_choice":"Removed Attack","floor":38.0,"gold_loss":0.0,"damage_taken":0.0},{"damage_healed":0.0,"max_hp_gain":0.0,"max_hp_loss":0.0,"gold_gain":0.0,"event_name":"SensoryStone","player_choice":"Memory 1","floor":42.0,"gold_loss":0.0,"damage_taken":0.0}],"is_beta":false,"boss_relics":[{"not_picked":["Ectoplasm","WristBlade"],"picked":"Busted Crown"},{"not_picked":["Sozu","Fusion Hammer"],"picked":"Ring of the Serpent"}],"items_purged_floors":[41],"is_endless":false,"potions_floor_spawned":[1,6,7,13,16,24,27,30,37,39,48],"killed_by":"The Heart","ascension_level":20}