{"gold_per_floor":[113,113,213,230,195,195,224,224,224,235,235,269,269,58,58,160,160,170,188,188,200,200,219,46,46,46,46,46,46,46,63,63,63],"floor_reached":33,"playtime":2448,"items_purged":["Strike_R"],"score":301,"play_id":"ce60d7a9-5cc9-473a-94e0-97edc4a1eeb3","local_time":"20190216010935","is_ascension_mode":true,"campfire_choices":[{"data":"Armaments","floor":6,"key":"SMITH"},{"floor":8,"key":"REST"},{"data":"Uppercut","floor":11,"key":"SMITH"},{"data":"Pommel Strike","floor":15,"key":"SMITH"},{"data":"True Grit","floor":25,"key":"SMITH"},{"data":"Inflame","floor":27,"key":"SMITH"},{"data":"Intimidate","floor":29,"key":"SMITH"},{"floor":32,"key":"RECALL"}],"neow_cost":"NONE","seed_source_timestamp":71110554246900,"circlet_count":0,"master_deck":["Strike_R+1","Strike_R+1","Strike_R+1","Defend_R+1","Defend_R+1","Defend_R+1","Defend_R+1","Bash","Armaments+1","Intimidate+1","Clothesline","Uppercut+1","Twin Strike","Pommel Strike+1","Fiend Fire+1","Seeing Red","Flame Barrier","Dropkick+1","Inflame+1","Disarm","True Grit+1","Perfected Strike+1"],"relics":["Burning Blood","Oddly Smooth Stone","Matryoshka","War Paint","Strawberry","Lantern","Sozu","CultistMask","Bag of Preparation","Mercury Hourglass"],"potions_floor_usage":[16,19,33],"damage_taken":[{"damage":2,"enemies":"Small Slimes","floor":1,"turns":5},{"damage":11,"enemies":"Cultist","floor":4,"turns":6},{"damage":40,"enemies":"Lagavulin","floor":7,"turns":10},{"damage":0,"enemies":"Jaw Worm","floor":10,"turns":5},{"damage":22,"enemies":"Gremlin Nob","floor":12,"turns":4},{"damage":35,"enemies":"Hexaghost","floor":16,"turns":10},{"damage":3,"enemies":"Shell Parasite","floor":18,"turns":5},{"damage":23,"enemies":"Spheric Guardian","floor":19,"turns":4},{"damage":3,"enemies":"Cultist and Chosen","floor":21,"turns":6},{"damage":1,"enemies":"Snake Plant","floor":23,"turns":4},{"damage":0,"enemies":"Centurion and Healer","floor":31,"turns":5},{"damage":92,"enemies":"Champ","floor":33,"turns":13}],"seed_played":"-1537230246741179990","potions_obtained":[{"floor":10,"key":"GamblersBrew"},{"floor":12,"key":"AttackPotion"},{"floor":16,"key":"Fire Potion"}],"is_trial":false,"path_per_floor":["M","?","?","M","?","R","E","R","T","M","R","E","?","$","R","B",null,"M","M","?","M","?","M","$","R","T","R","$","R","?","M","R","B"],"character_chosen":"IRONCLAD","items_purchased":["Lantern","Pommel Strike","Disarm","True Grit"],"campfire_rested":1,"item_purchase_floors":[14,14,24,24],"current_hp_per_floor":[80,73,73,68,80,80,46,70,70,76,76,67,67,67,67,38,87,87,70,70,73,73,78,78,78,78,78,78,78,78,84,84,0],"gold":63,"neow_bonus":"RANDOM_COMMON_RELIC","is_prod":false,"is_daily":false,"chose_seed":false,"campfire_upgraded":6,"win_rate":0,"timestamp":1550297375,"path_taken":["M","?","?","?","?","R","E","R","T","M","R","E","?","$","R","BOSS","M","M","?","?","?","?","$","R","T","R","$","R","?","M","R","BOSS"],"build_version":"2019-01-23","purchased_purges":1,"victory":false,"max_hp_per_floor":[80,80,80,80,80,80,80,80,80,80,80,87,87,87,87,87,87,87,87,87,87,87,87,87,87,87,87,87,87,87,87,87,87],"card_choices":[{"not_picked":["Wild Strike","Thunderclap"],"picked":"Armaments","floor":1},{"not_picked":["Warcry","Bloodletting"],"picked":"Intimidate","floor":4},{"not_picked":["Headbutt","Flame Barrier"],"picked":"Clothesline","floor":7},{"not_picked":["Clothesline","Burning Pact"],"picked":"Uppercut","floor":10},{"not_picked":["Flex","Wild Strike"],"picked":"Twin Strike","floor":12},{"not_picked":["Brutality","Exhume"],"picked":"Fiend Fire","floor":16},{"not_picked":["Wild Strike","Hemokinesis+1"],"picked":"Seeing Red","floor":18},{"not_picked":["Ghostly Armor+1","Bloodletting"],"picked":"Flame Barrier","floor":19},{"not_picked":["Sentinel+1","Burning Pact"],"picked":"Dropkick+1","floor":21},{"not_picked":["Heavy Blade","Pommel Strike"],"picked":"Inflame","floor":23},{"not_picked":["Searing Blow","Thunderclap"],"picked":"Perfected Strike+1","floor":31}],"player_experience":169714,"relics_obtained":[{"floor":7,"key":"Matryoshka"},{"floor":9,"key":"War Paint"},{"floor":12,"key":"Strawberry"},{"floor":26,"key":"Bag of Preparation"},{"floor":26,"key":"Mercury Hourglass"}],"event_choices":[{"cards_removed":["Strike_R"],"damage_healed":0,"gold_gain":0,"player_choice":"Card Removal","damage_taken":7,"max_hp_gain":0,"max_hp_loss":0,"event_name":"Golden Wing","floor":2,"gold_loss":0},{"damage_healed":0,"gold_gain":100,"player_choice":"Pray","damage_taken":0,"max_hp_gain":0,"max_hp_loss":0,"event_name":"Golden Shrine","floor":3,"gold_loss":0},{"damage_healed":20,"gold_gain":0,"player_choice":"Healed","damage_taken":0,"max_hp_gain":0,"max_hp_loss":0,"event_name":"The Cleric","floor":5,"gold_loss":35},{"damage_healed":0,"gold_gain":0,"player_choice":"Fled","damage_taken":0,"max_hp_gain":0,"max_hp_loss":0,"event_name":"Scrap Ooze","floor":13,"gold_loss":0},{"damage_healed":0,"gold_gain":0,"player_choice":"Trade","damage_taken":0,"relics_obtained":["CultistMask"],"max_hp_gain":0,"max_hp_loss":0,"event_name":"FaceTrader","floor":20,"gold_loss":0},{"damage_healed":0,"gold_gain":0,"player_choice":"Upgraded","damage_taken":0,"max_hp_gain":0,"max_hp_loss":0,"event_name":"Upgrade Shrine","floor":22,"gold_loss":0,"cards_upgraded":["Fiend Fire"]},{"damage_healed":0,"gold_gain":0,"player_choice":"Simplicity","damage_taken":0,"max_hp_gain":0,"max_hp_loss":0,"event_name":"Back to Basics","floor":30,"gold_loss":0,"cards_upgraded":["Strike_R","Strike_R","Strike_R","Defend_R","Defend_R"]}],"is_beta":false,"boss_relics":[{"not_picked":["Coffee Dripper","Philosopher\u0027s Stone"],"picked":"Sozu"}],"items_purged_floors":[24],"is_endless":false,"potions_floor_spawned":[10,12,16,19,21,31],"killed_by":"Champ","ascension_level":4}