{"gold_per_floor":[110,120,132,9,20,20,55,70,140,159,159,174,202,221,221,321,321,338,353,453,473,473,473,223,234,261,278,78,78,108,123,123,219,219,235,254,254,16,116,116,66,66,66,79,79,99,18,18,18,18],"floor_reached":51,"playtime":7702,"items_purged":["Defend_R","Strike_R"],"score":705,"play_id":"1e62834b-f97f-4108-8ffe-467a2eda7b08","local_time":"20190221175022","is_ascension_mode":false,"campfire_choices":[{"data":"Cleave","floor":6.0,"key":"SMITH"},{"data":"Inflame","floor":11.0,"key":"SMITH"},{"data":"Shrug It Off","floor":15.0,"key":"SMITH"},{"data":"Shrug It Off","floor":23,"key":"SMITH"},{"data":"Clothesline","floor":32,"key":"SMITH"},{"data":"Double Tap","floor":40,"key":"SMITH"},{"data":"Whirlwind","floor":42,"key":"SMITH"},{"data":"Barricade","floor":49,"key":"SMITH"}],"neow_cost":"NONE","seed_source_timestamp":53434686824596,"circlet_count":0,"master_deck":["Strike_R","Strike_R","Defend_R","Bash","Shrug It Off+1","Cleave+1","Shrug It Off+1","Inflame+1","Shrug It Off","Power Through","Disarm","Headbutt","Feed","Clothesline+1","Headbutt","Pommel Strike","Ghostly Armor","Shockwave","Shrug It Off","Double Tap+1","Pommel Strike","Whirlwind+1","Reaper","Flame Barrier+1","Barricade+1","Body Slam","Body Slam+1","Spot Weakness"],"special_seed":0,"relics":["Burning Blood","Shuriken","Sundial","Calipers","Velvet Choker","WingedGreaves","Self Forming Clay","Ancient Tea Set","Vajra","Regal Pillow","Orichalcum","Empty Cage","Bird Faced Urn","Prayer Wheel","Spirit Poop"],"potions_floor_usage":[16,16,20,20,31,33,46,50,50,50],"damage_taken":[{"damage":0.0,"enemies":"Cultist","floor":1.0,"turns":4.0},{"damage":0.0,"enemies":"Small Slimes","floor":2.0,"turns":4.0},{"damage":6.0,"enemies":"Jaw Worm","floor":3.0,"turns":4.0},{"damage":0.0,"enemies":"3 Louse","floor":5.0,"turns":4.0},{"damage":13.0,"enemies":"3 Sentries","floor":7.0,"turns":7.0},{"damage":2.0,"enemies":"Looter","floor":8.0,"turns":3.0},{"damage":26.0,"enemies":"Large Slime","floor":10.0,"turns":7.0},{"damage":0.0,"enemies":"3 Louse","floor":12.0,"turns":3.0},{"damage":16.0,"enemies":"Lagavulin","floor":13.0,"turns":7.0},{"damage":5.0,"enemies":"Red Slaver","floor":14.0,"turns":3.0},{"damage":42,"enemies":"Hexaghost","floor":16,"turns":11},{"damage":15,"enemies":"3 Byrds","floor":18,"turns":6},{"damage":16,"enemies":"2 Thieves","floor":19,"turns":5},{"damage":6,"enemies":"Colosseum Slavers","floor":20,"turns":6},{"damage":18,"enemies":"Colosseum Nobs","floor":20,"turns":5},{"damage":6,"enemies":"Snecko","floor":21,"turns":5},{"damage":13,"enemies":"Sentry and Sphere","floor":25,"turns":5},{"damage":7,"enemies":"Centurion and Healer","floor":27,"turns":8},{"damage":15,"enemies":"Book of Stabbing","floor":30,"turns":7},{"damage":3,"enemies":"Chosen and Byrds","floor":31,"turns":5},{"damage":21,"enemies":"Automaton","floor":33,"turns":12},{"damage":6,"enemies":"Orb Walker","floor":35,"turns":4},{"damage":29,"enemies":"3 Shapes","floor":36,"turns":6},{"damage":0,"enemies":"Mind Bloom Boss Battle","floor":39,"turns":10},{"damage":16,"enemies":"Spire Growth","floor":44,"turns":8},{"damage":13,"enemies":"Writhing Mass","floor":46,"turns":7},{"damage":39,"enemies":"Awakened One","floor":50,"turns":13}],"seed_played":"7965185657316529335","potions_obtained":[{"floor":1.0,"key":"Swift Potion"},{"floor":2.0,"key":"Ancient Potion"},{"floor":7.0,"key":"LiquidBronze"},{"floor":10.0,"key":"FearPotion"},{"floor":14.0,"key":"Regen Potion"},{"floor":18,"key":"Poison Potion"},{"floor":19,"key":"Block Potion"},{"floor":25,"key":"SteroidPotion"},{"floor":27,"key":"LiquidBronze"},{"floor":35,"key":"AttackPotion"},{"floor":39,"key":"PowerPotion"},{"floor":46,"key":"SpeedPotion"}],"is_trial":false,"path_per_floor":["M","M","M","$","M","R","E","M","T","M","R","M","E","M","R","B",null,"M","M","?","M","?","R","$","M","T","M","$","?","E","M","R","B",null,"M","M","?","$","?","R","$","R","T","M","?","M","$","?","R","B",null],"character_chosen":"IRONCLAD","items_purchased":["Inflame","Shrug It Off","Shrug It Off","Ancient Tea Set","Regal Pillow","Pommel Strike","Barricade","Body Slam","Spot Weakness"],"campfire_rested":0,"item_purchase_floors":[4,4,24,24,28,28,38,41,47],"current_hp_per_floor":[80,80,80,80,80,80,73,77,77,57,57,63,53,54,54,33,80,71,64,58,58,58,58,58,54,54,56,56,56,47,53,53,38,98,101,81,81,81,90,90,90,90,90,84,84,82,82,82,82,55],"gold":18,"neow_bonus":"THREE_CARDS","is_prod":false,"is_daily":false,"chose_seed":false,"campfire_upgraded":8,"win_rate":0.0,"timestamp":1550796622,"path_taken":["M","M","M","$","M","R","E","M","T","?","R","M","E","M","R","BOSS","M","M","?","M","?","R","$","M","T","M","$","?","E","M","R","BOSS","M","M","?","$","?","R","$","R","T","M","?","M","$","?","R","BOSS"],"build_version":"2019-01-23","purchased_purges":2,"victory":true,"max_hp_per_floor":[80,80,80,80,80,80,80,80,80,80,80,80,80,80,80,80,80,80,83,89,89,89,89,89,92,92,95,95,95,95,98,98,98,98,101,104,99,99,102,102,102,102,102,102,102,105,105,102,102,102],"card_choices":[{"not_picked":["Headbutt","Pommel Strike"],"picked":"Shrug It Off","floor":0.0},{"not_picked":["Fire Breathing","Corruption"],"picked":"Cleave","floor":1.0},{"not_picked":["Pommel Strike","True Grit"],"picked":"Shrug It Off","floor":2.0},{"not_picked":["Fire Breathing","Infernal Blade","Anger"],"picked":"SKIP","floor":3.0},{"not_picked":["Infernal Blade","Blood for Blood","Heavy Blade"],"picked":"SKIP","floor":5.0},{"not_picked":["Evolve","Cleave"],"picked":"Power Through","floor":7.0},{"not_picked":["True Grit","Perfected Strike"],"picked":"Disarm","floor":8.0},{"not_picked":["Warcry","Armaments"],"picked":"Headbutt","floor":10.0},{"not_picked":["Ghostly Armor","Whirlwind","Clash"],"picked":"SKIP","floor":12.0},{"not_picked":["Infernal Blade","Sever Soul","Ghostly Armor"],"picked":"SKIP","floor":13.0},{"not_picked":["Hemokinesis","Flex","Rampage"],"picked":"SKIP","floor":14.0},{"not_picked":["Berserk","Fiend Fire"],"picked":"Feed","floor":16},{"not_picked":["Shrug It Off","Thunderclap+1"],"picked":"Clothesline","floor":18},{"not_picked":["Shockwave","Bloodletting+1"],"picked":"Headbutt","floor":19},{"not_picked":["Iron Wave+1","Armaments"],"picked":"Pommel Strike","floor":20},{"not_picked":["Body Slam","Armaments","Cleave+1"],"picked":"SKIP","floor":21},{"not_picked":["Heavy Blade","Clothesline","Searing Blow"],"picked":"SKIP","floor":25},{"not_picked":["Clothesline","Reckless Charge"],"picked":"Double Tap","floor":27},{"not_picked":["Thunderclap+1","Headbutt","Bloodletting+1"],"picked":"SKIP","floor":30},{"not_picked":["Seeing Red+1","Pommel Strike"],"picked":"Whirlwind","floor":31},{"not_picked":["Fiend Fire","Barricade"],"picked":"Reaper","floor":33},{"not_picked":["Sword Boomerang+1","Cleave","Headbutt+1"],"picked":"SKIP","floor":35},{"not_picked":["Anger+1","Iron Wave"],"picked":"Flame Barrier+1","floor":36},{"not_picked":["Whirlwind","Power Through+1"],"picked":"Body Slam+1","floor":44},{"not_picked":["Headbutt+1","Twin Strike+1","Corruption+1"],"picked":"SKIP","floor":44},{"not_picked":["Wild Strike+1","Clash+1","Searing Blow"],"picked":"SKIP","floor":46},{"not_picked":["Cleave","Barricade","Pommel Strike"],"picked":"SKIP","floor":46}],"player_experience":73657,"relics_obtained":[{"floor":7.0,"key":"Shuriken"},{"floor":9.0,"key":"Sundial"},{"floor":13.0,"key":"Calipers"},{"floor":20,"key":"WingedGreaves"},{"floor":20,"key":"Self Forming Clay"},{"floor":26,"key":"Vajra"},{"floor":30,"key":"Orichalcum"},{"floor":39,"key":"Bird Faced Urn"},{"floor":43,"key":"Prayer Wheel"}],"event_choices":[{"damage_healed":0,"gold_gain":0,"player_choice":"Fight","damage_taken":0,"max_hp_gain":0,"max_hp_loss":0,"event_name":"Colosseum","floor":20,"gold_loss":0},{"damage_healed":0,"gold_gain":0,"player_choice":"Fought Nobs","damage_taken":0,"max_hp_gain":0,"max_hp_loss":0,"event_name":"Colosseum","floor":20,"gold_loss":0},{"damage_healed":0,"gold_gain":0,"cards_transformed":["Strike_R","Strike_R"],"player_choice":"Became Test Subject","damage_taken":0,"max_hp_gain":0,"max_hp_loss":0,"event_name":"Drug Dealer","floor":22,"gold_loss":0,"cards_obtained":["Ghostly Armor","Shockwave"]},{"damage_healed":0,"gold_gain":0,"player_choice":"Ignored","damage_taken":0,"max_hp_gain":0,"max_hp_loss":0,"event_name":"Ghosts","floor":29,"gold_loss":0},{"damage_healed":0,"gold_gain":0,"player_choice":"Max HP","damage_taken":0,"max_hp_gain":0,"max_hp_loss":5,"event_name":"Winding Halls","floor":37,"gold_loss":0},{"damage_healed":0,"gold_gain":0,"player_choice":"Fight","damage_taken":0,"max_hp_gain":0,"max_hp_loss":0,"event_name":"MindBloom","floor":39,"gold_loss":0},{"damage_healed":0,"gold_gain":0,"player_choice":"Memory 1","damage_taken":0,"max_hp_gain":0,"max_hp_loss":0,"event_name":"SensoryStone","floor":45,"gold_loss":0},{"cards_removed":["Parasite"],"damage_healed":0,"gold_gain":0,"player_choice":"Offered Curse","damage_taken":0,"relics_obtained":["Spirit Poop"],"max_hp_gain":0,"max_hp_loss":0,"event_name":"Bonfire Elementals","floor":48,"gold_loss":0}],"is_beta":false,"boss_relics":[{"not_picked":["Orrery","Cursed Key"],"picked":"Velvet Choker"},{"not_picked":["Lizard Tail","Fusion Hammer"],"picked":"Empty Cage"}],"items_purged_floors":[24,38],"is_endless":false,"potions_floor_spawned":[1,2,7,10,14,18,19,20,25,27,35,39,46],"ascension_level":0}