{"gold_per_floor":[117,192,367,19,39,71,71,117,117,149,160,160,193,211,211,314,364,379,279,296,310,330,330,330],"floor_reached":24,"playtime":5678,"items_purged":["Doubt","Normality"],"score":387,"play_id":"cea76e89-1dd3-43b1-8ceb-5661ce09cfb5","local_time":"20181129112239","is_ascension_mode":true,"campfire_choices":[{"data":"Sucker Punch","floor":7,"key":"SMITH"},{"data":"Poisoned Stab","floor":15,"key":"SMITH"},{"data":"Venomology","floor":23,"key":"SMITH"}],"neow_cost":"NONE","seed_source_timestamp":995413673880765,"circlet_count":0,"master_deck":["AscendersBane","Defend_G","Defend_G","Defend_G","Defend_G","Defend_G","Strike_G","Strike_G","Strike_G","Strike_G","Survivor","Neutralize","Predator+1","Sucker Punch+1","Well Laid Plans","Dagger Spray","Decay","Poisoned Stab+1","Venomology+1","Backflip","Leg Sweep","Burst","PiercingWail+1","Deadly Poison+1"],"relics":["Cursed Key","Darkstone Periapt","The Specimen","Oddly Smooth Stone","Kunai","Meat on the Bone","Singing Bowl","Tiny House"],"potions_floor_usage":[6,6,13,16,20,20,21,21,21,22,24,24],"damage_taken":[{"damage":1,"enemies":"2 Louse","floor":1,"turns":3},{"damage":2,"enemies":"Jaw Worm","floor":5,"turns":3},{"damage":17,"enemies":"Lagavulin","floor":6,"turns":7},{"damage":20,"enemies":"3 Sentries","floor":10,"turns":9},{"damage":0,"enemies":"Small Slimes","floor":11,"turns":2},{"damage":0,"enemies":"Gremlin Nob","floor":13,"turns":4},{"damage":11,"enemies":"Gremlin Gang","floor":14,"turns":4},{"damage":9,"enemies":"The Guardian","floor":16,"turns":14},{"damage":42,"enemies":"Spheric Guardian","floor":18,"turns":8},{"damage":8,"enemies":"Chosen","floor":20,"turns":6},{"damage":12,"enemies":"Snake Plant","floor":21,"turns":6},{"damage":27,"enemies":"3 Cultists","floor":22,"turns":6},{"damage":9,"enemies":"Gremlin Leader","floor":24,"turns":3}],"seed_played":"-7728603068894681335","potions_obtained":[{"floor":1,"key":"Dexterity Potion"},{"floor":5,"key":"Regen Potion"},{"floor":11,"key":"FearPotion"},{"floor":16,"key":"FairyPotion"},{"floor":17,"key":"Fire Potion"}],"is_trial":false,"path_per_floor":["M","?","?","$","M","E","R","T","T","E","M","?","E","M","R","B",null,"M","$","M","M","M","R","E"],"character_chosen":"THE_SILENT","items_purchased":["Darkstone Periapt","Sucker Punch"],"campfire_rested":0,"item_purchase_floors":[4,4],"current_hp_per_floor":[62,51,51,51,49,47,47,53,59,39,51,51,51,52,52,43,79,51,51,55,55,42,42,33],"gold":330,"neow_bonus":"BOSS_RELIC","is_prod":false,"is_daily":false,"chose_seed":false,"campfire_upgraded":3,"win_rate":0,"timestamp":1543486959,"path_taken":["M","?","?","?","M","E","R","?","T","E","M","?","E","M","R","BOSS","M","$","?","M","?","R","E"],"build_version":"2018-11-15","purchased_purges":2,"victory":false,"max_hp_per_floor":[70,70,70,70,70,70,70,76,82,82,82,82,82,82,82,82,89,91,91,91,91,93,93,93],"card_choices":[{"not_picked":["PiercingWail","Flechettes"],"picked":"Predator","floor":1},{"not_picked":["Dodge and Roll","Dagger Spray"],"picked":"Well Laid Plans","floor":5},{"not_picked":["Sucker Punch","Bane"],"picked":"Dagger Spray","floor":6},{"not_picked":["Prepared","Caltrops"],"picked":"Poisoned Stab","floor":10},{"not_picked":["Dagger Spray","Acrobatics","Riddle With Holes"],"picked":"SKIP","floor":11},{"not_picked":["Riddle With Holes","Sucker Punch"],"picked":"Backflip","floor":13},{"not_picked":["Blur","Backflip"],"picked":"Leg Sweep","floor":14},{"not_picked":["Envenom","Doppelganger"],"picked":"Burst","floor":16},{"not_picked":["Underhanded Strike","Cloak And Dagger","Acrobatics"],"picked":"Singing Bowl","floor":17},{"not_picked":["Dagger Spray","Well Laid Plans","Tactician"],"picked":"Singing Bowl","floor":18},{"not_picked":["Cloak And Dagger","Acrobatics"],"picked":"PiercingWail+1","floor":20},{"not_picked":["Dagger Spray","Leg Sweep"],"picked":"Deadly Poison+1","floor":21},{"not_picked":["Prepared","Underhanded Strike+1","Cloak And Dagger"],"picked":"Singing Bowl","floor":22}],"player_experience":1386395,"relics_obtained":[{"floor":6,"key":"The Specimen"},{"floor":8,"key":"Oddly Smooth Stone"},{"floor":9,"key":"Kunai"},{"floor":10,"key":"Meat on the Bone"},{"floor":13,"key":"Singing Bowl"}],"event_choices":[{"damage_healed":0,"gold_gain":75,"player_choice":"Gather Gold","damage_taken":11,"max_hp_gain":0,"max_hp_loss":0,"event_name":"World of Goop","floor":2,"gold_loss":0},{"damage_healed":0,"gold_gain":175,"player_choice":"AGREE","damage_taken":0,"max_hp_gain":0,"max_hp_loss":0,"event_name":"Liars Game","floor":3,"gold_loss":0,"cards_obtained":["Doubt"]},{"damage_healed":0,"gold_gain":0,"cards_transformed":["Strike_G"],"player_choice":"Transformed","damage_taken":0,"max_hp_gain":0,"max_hp_loss":0,"event_name":"Transmorgrifier","floor":12,"gold_loss":0,"cards_obtained":["Venomology"]}],"is_beta":false,"boss_relics":[{"not_picked":["Coffee Dripper","Velvet Choker"],"picked":"Tiny House"}],"items_purged_floors":[4,19],"is_endless":false,"potions_floor_spawned":[1,5,11,16,18],"killed_by":"Gremlin Leader","ascension_level":10}