{"gold_per_floor":[117,117,189,189,201,232,232,259,284,284,299,332,347,357,357,357],"floor_reached":16,"playtime":2388,"items_purged":[],"score":225,"play_id":"d469f884-6e5c-44c4-9360-6cccd845edac","local_time":"20181204161936","is_ascension_mode":true,"campfire_choices":[{"data":"Terror","floor":7,"key":"SMITH"},{"data":"Crippling Poison","floor":10,"key":"SMITH"},{"floor":15,"key":"REST"}],"neow_cost":"NONE","seed_source_timestamp":100200781531726,"circlet_count":0,"master_deck":["AscendersBane","Defend_G","Defend_G","Defend_G","Defend_G","Defend_G","Strike_G","Strike_G","Strike_G","Strike_G","Strike_G","Survivor","Neutralize","Poisoned Stab+1","Terror+1","Bane","Crippling Poison+1","PiercingWail","Poisoned Stab","Backflip","Backstab"],"relics":["Ring of the Snake","NeowsBlessing","Paper Crane","Gremlin Horn","Pen Nib","Bag of Marbles","Oddly Smooth Stone"],"potions_floor_usage":[8,12],"damage_taken":[{"damage":0,"enemies":"Small Slimes","floor":1,"turns":1},{"damage":0,"enemies":"Jaw Worm","floor":5,"turns":1},{"damage":0,"enemies":"Gremlin Nob","floor":6,"turns":1},{"damage":16,"enemies":"3 Sentries","floor":8,"turns":10},{"damage":0,"enemies":"Cultist","floor":11,"turns":2},{"damage":18,"enemies":"Gremlin Nob","floor":12,"turns":4},{"damage":6,"enemies":"Lots of Slimes","floor":13,"turns":3},{"damage":0,"enemies":"Looter","floor":14,"turns":3},{"damage":26,"enemies":"Slime Boss","floor":16,"turns":7}],"seed_played":"865314610099876787","potions_obtained":[{"floor":6,"key":"Block Potion"},{"floor":11,"key":"Dexterity Potion"},{"floor":13,"key":"Weak Potion"},{"floor":14,"key":"EssenceOfSteel"}],"is_trial":false,"path_per_floor":["M","?","T","?","M","E","R","E","T","R","M","E","M","M","R","B"],"character_chosen":"THE_SILENT","items_purchased":[],"campfire_rested":1,"item_purchase_floors":[],"current_hp_per_floor":[63,63,63,63,63,63,63,47,47,47,47,29,23,23,44,18],"gold":357,"neow_bonus":"THREE_ENEMY_KILL","is_prod":false,"is_daily":false,"chose_seed":false,"campfire_upgraded":2,"win_rate":0,"timestamp":1543936776,"path_taken":["M","?","?","?","M","E","R","E","T","R","M","E","M","?","R","BOSS"],"build_version":"2018-11-15","purchased_purges":0,"victory":false,"max_hp_per_floor":[70,70,70,70,70,70,70,70,70,70,70,70,70,70,70,70],"card_choices":[{"not_picked":["Dodge and Roll","Backflip"],"picked":"Poisoned Stab","floor":1},{"not_picked":["Dagger Spray","Riddle With Holes"],"picked":"Terror","floor":5},{"not_picked":["Masterful Stab","Leg Sweep"],"picked":"Bane","floor":6},{"not_picked":["Blur","Backflip"],"picked":"Crippling Poison","floor":8},{"not_picked":["Quick Slash","Dagger Spray"],"picked":"PiercingWail","floor":11},{"not_picked":["Deflect","Well Laid Plans"],"picked":"Poisoned Stab","floor":12},{"not_picked":["Dash","Dagger Throw"],"picked":"Backflip","floor":13},{"not_picked":["Backflip","Riddle With Holes"],"picked":"Backstab","floor":14}],"player_experience":1646239,"relics_obtained":[{"floor":3,"key":"Paper Crane"},{"floor":6,"key":"Gremlin Horn"},{"floor":8,"key":"Pen Nib"},{"floor":9,"key":"Bag of Marbles"},{"floor":12,"key":"Oddly Smooth Stone"}],"event_choices":[{"damage_healed":0,"gold_gain":0,"player_choice":"Grow","damage_taken":0,"max_hp_gain":0,"max_hp_loss":0,"event_name":"Living Wall","floor":2,"gold_loss":0,"cards_upgraded":["Poisoned Stab"]},{"damage_healed":0,"gold_gain":0,"player_choice":"Leave","damage_taken":0,"max_hp_gain":0,"max_hp_loss":0,"event_name":"The Cleric","floor":4,"gold_loss":0}],"is_beta":false,"boss_relics":[],"items_purged_floors":[],"is_endless":false,"potions_floor_spawned":[6,11,13,14],"killed_by":"Slime Boss","ascension_level":11}