{"gold_per_floor":[111,27,27,102,72,72,87,87,137,170,188,202,228,241,241,339,339,358,358,29,128,128,128,48,75,123,136,8,8,8,18,18,113,113,133,151,151,163,163,163,32,32,56,6,6,26,26,26,26,26],"floor_reached":51,"playtime":5579,"items_purged":["Strike_G","Strike_G+1","Pain","Survivor"],"score":937,"play_id":"8177843d-3e0b-43d3-84db-6c41243b0af9","local_time":"20190120011705","is_ascension_mode":true,"campfire_choices":[{"data":"Noxious Fumes","floor":6,"key":"SMITH"},{"floor":8,"key":"REST"},{"floor":15,"key":"REST"},{"data":"After Image","floor":23,"key":"SMITH"},{"data":"Footwork","floor":29,"key":"SMITH"},{"data":"Footwork","floor":32,"key":"SMITH"},{"data":"Dash","floor":40,"key":"SMITH"},{"data":"Discovery","floor":42,"key":"SMITH"},{"data":"Well Laid Plans","floor":45,"key":"SMITH"},{"data":"Noxious Fumes","floor":47,"key":"SMITH"},{"data":"Dodge and Roll","floor":49,"key":"SMITH"}],"neow_cost":"NONE","seed_source_timestamp":507923083695447,"circlet_count":0,"master_deck":["Defend_G+1","Defend_G+1","Defend_G+1","Defend_G+1","Defend_G+1","Strike_G+1","Strike_G+1","Neutralize+1","Dagger Spray+1","Noxious Fumes+1","PiercingWail","Well Laid Plans+1","Caltrops","Bouncing Flask","Dodge and Roll+1","Dash+1","Calculated Gamble","After Image+1","PiercingWail+1","Noxious Fumes+1","Infinite Blades","Blade Dance+1","Backflip+1","Footwork+1","Footwork+1","Glass Knife+1","Backflip","Masterful Stab+1","Discovery+1","Doubt"],"relics":["Ring of the Snake","Ancient Tea Set","Smiling Mask","Ornamental Fan","Coffee Dripper","Paper Crane","Molten Egg 2","Lantern","Busted Crown","WarpedTongs","Strawberry"],"potions_floor_usage":[10,10,16,27,33,33,46,50],"damage_taken":[{"damage":2,"enemies":"Jaw Worm","floor":1,"turns":7},{"damage":0,"enemies":"2 Louse","floor":7,"turns":2},{"damage":6,"enemies":"Gremlin Nob","floor":10,"turns":3},{"damage":0,"enemies":"Cultist","floor":11,"turns":5},{"damage":6,"enemies":"Looter","floor":12,"turns":4},{"damage":8,"enemies":"Lagavulin","floor":13,"turns":6},{"damage":7,"enemies":"3 Louse","floor":14,"turns":3},{"damage":6,"enemies":"The Guardian","floor":16,"turns":8},{"damage":0,"enemies":"Chosen","floor":18,"turns":6},{"damage":4,"enemies":"Gremlin Leader","floor":25,"turns":7},{"damage":0,"enemies":"2 Thieves","floor":27,"turns":4},{"damage":7,"enemies":"Snake Plant","floor":31,"turns":5},{"damage":0,"enemies":"Collector","floor":33,"turns":9},{"damage":0,"enemies":"3 Shapes","floor":35,"turns":8},{"damage":4,"enemies":"3 Darklings","floor":36,"turns":5},{"damage":12,"enemies":"Transient","floor":38,"turns":5},{"damage":5,"enemies":"Spire Growth","floor":46,"turns":5},{"damage":1,"enemies":"Time Eater","floor":50,"turns":13}],"seed_played":"7327449804668755497","potions_obtained":[{"floor":5,"key":"FearPotion"},{"floor":5,"key":"Explosive Potion"},{"floor":10,"key":"Block Potion"},{"floor":12,"key":"Fire Potion"},{"floor":16,"key":"Regen Potion"},{"floor":25,"key":"PowerPotion"},{"floor":31,"key":"Block Potion"},{"floor":38,"key":"SpeedPotion"},{"floor":46,"key":"Dexterity Potion"}],"is_trial":false,"path_per_floor":["M","$","?","?","?","R","M","R","T","E","M","M","E","M","R","B",null,"M","?","$","?","?","R","$","E","T","M","$","R","$","M","R","B",null,"M","M","?","M","?","R","$","R","T","$","R","M","R","?","R","B",null],"character_chosen":"THE_SILENT","items_purchased":["Noxious Fumes","PiercingWail","Paper Crane","Noxious Fumes","Infinite Blades","Footwork","Discovery"],"campfire_rested":2,"item_purchase_floors":[2,2,20,20,24,28,41],"current_hp_per_floor":[61,61,47,36,36,36,36,57,57,51,51,45,37,30,51,45,64,64,51,51,51,51,51,51,47,47,47,47,47,47,40,40,55,70,70,66,66,54,54,54,54,54,61,61,61,56,56,82,82,81],"gold":26,"neow_bonus":"UPGRADE_CARD","is_prod":false,"is_daily":false,"chose_seed":false,"campfire_upgraded":9,"win_rate":0,"timestamp":1547914625,"path_taken":["M","$","?","?","?","R","M","R","T","E","?","M","E","M","R","BOSS","M","?","$","?","?","R","$","E","T","M","$","R","?","M","R","BOSS","M","M","?","?","?","R","$","R","T","$","R","?","R","?","R","BOSS"],"build_version":"2019-01-17v2","purchased_purges":4,"victory":true,"max_hp_per_floor":[70,70,70,70,70,70,70,70,70,70,70,70,70,70,70,70,70,70,75,75,75,75,75,75,75,75,75,75,75,75,75,75,75,75,75,75,75,75,75,75,75,75,82,82,82,82,82,82,82,82],"card_choices":[{"not_picked":["Deflect","Prepared"],"picked":"Dagger Spray","floor":1},{"not_picked":["Endless Agony","Heel Hook"],"picked":"Well Laid Plans","floor":7},{"not_picked":["Well Laid Plans","Poisoned Stab"],"picked":"Caltrops","floor":10},{"not_picked":["Distraction","Dagger Throw"],"picked":"Bouncing Flask","floor":11},{"not_picked":["Masterful Stab","Prepared"],"picked":"Dodge and Roll","floor":12},{"not_picked":["Caltrops","Glass Knife"],"picked":"Dash","floor":13},{"not_picked":["Underhanded Strike","Finisher"],"picked":"Calculated Gamble","floor":14},{"not_picked":["Night Terror","Malaise"],"picked":"After Image","floor":16},{"not_picked":["Dodge and Roll","Slice"],"picked":"PiercingWail+1","floor":18},{"not_picked":["Endless Agony","Concentrate+1"],"picked":"Blade Dance+1","floor":25},{"not_picked":["Eviscerate+1","Blade Dance"],"picked":"Backflip+1","floor":27},{"not_picked":["Predator+1","Terror"],"picked":"Footwork","floor":31},{"not_picked":["Bullet Time","Envenom"],"picked":"Glass Knife+1","floor":33},{"not_picked":[],"picked":"Backflip","floor":35},{"not_picked":["Infinite Blades"],"picked":"SKIP","floor":36},{"not_picked":["Prepared"],"picked":"SKIP","floor":38},{"not_picked":["Underhanded Strike+1"],"picked":"SKIP","floor":46}],"player_experience":396951,"relics_obtained":[{"floor":9,"key":"Ancient Tea Set"},{"floor":10,"key":"Smiling Mask"},{"floor":13,"key":"Ornamental Fan"},{"floor":25,"key":"Molten Egg 2"},{"floor":26,"key":"Lantern"},{"floor":43,"key":"Strawberry"}],"event_choices":[{"damage_healed":0,"gold_gain":0,"player_choice":"Entered Light","damage_taken":14,"max_hp_gain":0,"max_hp_loss":0,"event_name":"Shining Light","floor":3,"gold_loss":0,"cards_upgraded":["Defend_G","Dagger Spray"]},{"damage_healed":0,"gold_gain":75,"player_choice":"Gather Gold","damage_taken":11,"max_hp_gain":0,"max_hp_loss":0,"event_name":"World of Goop","floor":4,"gold_loss":0},{"damage_healed":0,"gold_gain":0,"player_choice":"Bought 2 Potions","damage_taken":0,"max_hp_gain":0,"max_hp_loss":0,"event_name":"The Woman in Blue","floor":5,"gold_loss":0},{"damage_healed":0,"gold_gain":0,"player_choice":"Shed Blood","damage_taken":18,"max_hp_gain":5,"max_hp_loss":0,"event_name":"Forgotten Altar","floor":19,"gold_loss":0},{"damage_healed":0,"gold_gain":99,"player_choice":"Stole From Cult","damage_taken":0,"max_hp_gain":0,"max_hp_loss":0,"event_name":"Nest","floor":21,"gold_loss":0},{"damage_healed":0,"gold_gain":0,"player_choice":"Simplicity","damage_taken":0,"max_hp_gain":0,"max_hp_loss":0,"event_name":"Back to Basics","floor":22,"gold_loss":0,"cards_upgraded":["Defend_G","Defend_G","Defend_G","Defend_G","Strike_G","Strike_G","Strike_G","Strike_G"]},{"damage_healed":0,"gold_gain":0,"player_choice":"Rummage","damage_taken":0,"relics_obtained":["WarpedTongs"],"max_hp_gain":0,"max_hp_loss":0,"event_name":"Accursed Blacksmith","floor":37,"gold_loss":0,"cards_obtained":["Pain"]},{"damage_healed":0,"gold_gain":0,"cards_transformed":["Strike_G"],"player_choice":"Transformed","damage_taken":0,"max_hp_gain":0,"max_hp_loss":0,"event_name":"Transmorgrifier","floor":39,"gold_loss":0,"cards_obtained":["Masterful Stab"]},{"damage_healed":26,"gold_gain":0,"player_choice":"Heal","damage_taken":0,"max_hp_gain":0,"max_hp_loss":0,"event_name":"MindBloom","floor":48,"gold_loss":0,"cards_obtained":["Doubt"]}],"is_beta":false,"boss_relics":[{"not_picked":["White Beast Statue","Cursed Key"],"picked":"Coffee Dripper"},{"not_picked":["Ring of the Serpent","Tiny House"],"picked":"Busted Crown"}],"items_purged_floors":[20,28,41,44],"is_endless":false,"potions_floor_spawned":[10,12,16,25,31,38,46],"ascension_level":8}