{"gold_per_floor":[112,130,130,140,190,190,201,201,201,236,236,255,255,266,266,341,341,359,106,156,53,53,53,53],"floor_reached":24,"playtime":792,"items_purged":[],"score":369,"play_id":"9c6ed626-86ba-43e3-9676-f9fbec3787d6","local_time":"20190214192845","is_ascension_mode":true,"campfire_choices":[{"data":"Power Through","floor":6,"key":"SMITH"},{"floor":8,"key":"REST"},{"floor":11,"key":"REST"},{"floor":13,"key":"REST"},{"floor":15,"key":"REST"},{"floor":23,"key":"REST"}],"neow_cost":"TEN_PERCENT_HP_LOSS","seed_source_timestamp":14858151274112797,"circlet_count":0,"master_deck":["AscendersBane","Strike_R","Strike_R","Strike_R","Strike_R","Strike_R","Defend_R","Defend_R","Defend_R","Defend_R","Bash","Demon Form","Feel No Pain","Power Through+1","Second Wind","Iron Wave","Barricade","Evolve","Finesse"],"relics":["Burning Blood","Kunai","Singing Bowl","Fusion Hammer","Oddly Smooth Stone"],"potions_floor_usage":[4,24,24],"damage_taken":[{"damage":6,"enemies":"2 Louse","floor":1,"turns":4},{"damage":12,"enemies":"Cultist","floor":2,"turns":4},{"damage":10,"enemies":"Small Slimes","floor":4,"turns":4},{"damage":13,"enemies":"2 Fungi Beasts","floor":7,"turns":4},{"damage":27,"enemies":"Gremlin Nob","floor":10,"turns":6},{"damage":33,"enemies":"Lots of Slimes","floor":12,"turns":7},{"damage":15,"enemies":"Large Slime","floor":14,"turns":6},{"damage":40,"enemies":"Slime Boss","floor":16,"turns":11},{"damage":35,"enemies":"Spheric Guardian","floor":18,"turns":8},{"damage":78,"enemies":"Book of Stabbing","floor":24,"turns":8}],"seed_played":"1888168264167980519","potions_obtained":[{"floor":2,"key":"AttackPotion"},{"floor":14,"key":"Strength Potion"},{"floor":16,"key":"SteroidPotion"},{"floor":22,"key":"Regen Potion"},{"floor":22,"key":"Weak Potion"}],"is_trial":false,"path_per_floor":["M","M","?","M","?","R","M","R","T","E","R","M","R","M","R","B",null,"M","$","?","$","?","R","E"],"character_chosen":"IRONCLAD","items_purchased":["Evolve","Oddly Smooth Stone","Finesse"],"campfire_rested":5,"item_purchase_floors":[19,19,21],"current_hp_per_floor":[68,62,62,58,52,52,45,65,65,46,67,40,61,54,72,38,64,37,37,37,37,37,59,0],"gold":53,"neow_bonus":"THREE_RARE_CARDS","is_prod":false,"is_daily":false,"chose_seed":false,"campfire_upgraded":1,"win_rate":0,"timestamp":1550168925,"path_taken":["M","M","?","M","?","R","?","R","T","E","R","M","R","M","R","BOSS","M","$","?","$","?","R","E"],"build_version":"2019-01-23","purchased_purges":0,"victory":false,"max_hp_per_floor":[68,68,68,68,68,68,68,68,68,70,70,70,70,72,72,72,72,74,74,74,74,74,74,74],"card_choices":[{"not_picked":["Juggernaut","Impervious"],"picked":"Demon Form","floor":0},{"not_picked":["Heavy Blade","Clash"],"picked":"Feel No Pain","floor":1},{"not_picked":["Clash","Barricade"],"picked":"Power Through","floor":2},{"not_picked":["Sword Boomerang","Flex","Sever Soul"],"picked":"SKIP","floor":4},{"not_picked":["Heavy Blade","Pommel Strike"],"picked":"Second Wind","floor":7},{"not_picked":["Disarm","Infernal Blade","Seeing Red"],"picked":"Singing Bowl","floor":10},{"not_picked":["Sword Boomerang","Perfected Strike"],"picked":"Iron Wave","floor":12},{"not_picked":["Feel No Pain","True Grit","Cleave"],"picked":"Singing Bowl","floor":14},{"not_picked":["Brutality","Double Tap"],"picked":"Barricade","floor":16},{"not_picked":["Body Slam","Sever Soul+1","Combust"],"picked":"Singing Bowl","floor":18}],"player_experience":398833,"relics_obtained":[{"floor":9,"key":"Kunai"},{"floor":10,"key":"Singing Bowl"}],"event_choices":[{"damage_healed":0,"gold_gain":0,"player_choice":"Ignored","damage_taken":0,"max_hp_gain":0,"max_hp_loss":0,"event_name":"Golden Idol","floor":3,"gold_loss":0},{"damage_healed":0,"gold_gain":50,"player_choice":"Touch","damage_taken":6,"max_hp_gain":0,"max_hp_loss":0,"event_name":"FaceTrader","floor":5,"gold_loss":0},{"damage_healed":0,"gold_gain":50,"player_choice":"Stole From Cult","damage_taken":0,"max_hp_gain":0,"max_hp_loss":0,"event_name":"Nest","floor":20,"gold_loss":0},{"damage_healed":0,"gold_gain":0,"player_choice":"Got Potions","damage_taken":0,"max_hp_gain":0,"max_hp_loss":0,"event_name":"Lab","floor":22,"gold_loss":0}],"is_beta":false,"boss_relics":[{"not_picked":["Orrery","Astrolabe"],"picked":"Fusion Hammer"}],"items_purged_floors":[],"is_endless":false,"potions_floor_spawned":[2,14,16,18],"killed_by":"Book of Stabbing","ascension_level":18}