{"gold_per_floor":[114,39,39,39,57,88,88,123,123,7,7,20,33,45,45,118,118,132,143,143,157,157,183,183,29,53,53,68,68,95,114,114,191,241,251,189,209,222,20,20,48,48,48,48,0,0,0,100,100,100],"floor_reached":51,"playtime":5206,"items_purged":["Strike_R","Bash"],"score":1208,"play_id":"7c1d0a76-a1cd-47ec-aa2d-58a9c14a197d","local_time":"20190221131627","is_ascension_mode":true,"campfire_choices":[{"data":"Thunderclap","floor":7.0,"key":"SMITH"},{"data":"True Grit","floor":15.0,"key":"SMITH"},{"floor":24.0,"key":"REST"},{"data":"Demon Form","floor":27.0,"key":"SMITH"},{"data":"Dual Wield","floor":32.0,"key":"SMITH"},{"data":"Limit Break","floor":40.0,"key":"SMITH"},{"data":"Whirlwind","floor":42.0,"key":"SMITH"},{"data":"Pummel","floor":46.0,"key":"SMITH"},{"data":"Shrug It Off","floor":49.0,"key":"SMITH"}],"neow_cost":"NONE","seed_source_timestamp":236743827531464,"circlet_count":0,"master_deck":["AscendersBane","Strike_R+1","Strike_R+1","Strike_R+1","Defend_R+1","Defend_R+1","Defend_R+1","Thunderclap+1","Metallicize","Power Through+1","Evolve","True Grit+1","Reaper","Shockwave+1","Shrug It Off+1","Reckless Charge","Demon Form+1","Pommel Strike","Flame Barrier+1","Dual Wield+1","Whirlwind+1","Carnage","Pummel+1","Metallicize","Limit Break+1","Offering+1","Anger","Madness","Madness"],"special_seed":0,"relics":["Burning Blood","NeowsBlessing","Kunai","Bag of Preparation","Matryoshka","Ornamental Fan","MawBank","Mark of Pain","Singing Bowl","Happy Flower","The Courier","Boot","Bottled Tornado","Tiny House","Art of War","War Paint","Sundial","Red Mask","Pocketwatch"],"potions_floor_usage":[50],"damage_taken":[{"damage":0.0,"enemies":"Small Slimes","floor":1.0,"turns":1.0},{"damage":0.0,"enemies":"Cultist","floor":5.0,"turns":1.0},{"damage":0.0,"enemies":"Gremlin Nob","floor":6.0,"turns":1.0},{"damage":25.0,"enemies":"3 Sentries","floor":8.0,"turns":9.0},{"damage":2.0,"enemies":"Jaw Worm","floor":12.0,"turns":5.0},{"damage":24.0,"enemies":"Gremlin Gang","floor":13.0,"turns":4.0},{"damage":6.0,"enemies":"Blue Slaver","floor":14.0,"turns":6.0},{"damage":47.0,"enemies":"Slime Boss","floor":16.0,"turns":19.0},{"damage":11.0,"enemies":"Spheric Guardian","floor":18.0,"turns":7.0},{"damage":34.0,"enemies":"3 Byrds","floor":19.0,"turns":6.0},{"damage":11.0,"enemies":"Shelled Parasite and Fungi","floor":21.0,"turns":6.0},{"damage":7.0,"enemies":"Gremlin Leader","floor":23.0,"turns":7.0},{"damage":14.0,"enemies":"Snecko","floor":28.0,"turns":4.0},{"damage":29.0,"enemies":"Slavers","floor":30.0,"turns":6.0},{"damage":10.0,"enemies":"Snake Plant","floor":31.0,"turns":3.0},{"damage":28.0,"enemies":"Champ","floor":33.0,"turns":8.0},{"damage":13.0,"enemies":"Orb Walker","floor":35.0,"turns":4.0},{"damage":33.0,"enemies":"3 Shapes","floor":37.0,"turns":6.0},{"damage":8.0,"enemies":"Maw","floor":38.0,"turns":7.0},{"damage":43.0,"enemies":"Giant Head","floor":41.0,"turns":7.0},{"damage":0.0,"enemies":"Mind Bloom Boss Battle","floor":48.0,"turns":4.0},{"damage":104,"enemies":"Time Eater","floor":50,"turns":7}],"seed_played":"-6379792499958994035","potions_obtained":[{"floor":5.0,"key":"Swift Potion"},{"floor":8.0,"key":"PowerPotion"},{"floor":14.0,"key":"Block Potion"},{"floor":18.0,"key":"Energy Potion"},{"floor":19.0,"key":"Swift Potion"},{"floor":21.0,"key":"PowerPotion"},{"floor":28.0,"key":"Poison Potion"},{"floor":34.0,"key":"FearPotion"},{"floor":41.0,"key":"Strength Potion"}],"is_trial":false,"path_per_floor":["M","$","?","?","M","E","R","E","T","$","?","M","M","M","R","B",null,"M","M","?","M","?","E","R","$","T","R","M","?","E","M","R","B",null,"M","$","M","M","$","R","E","R","T","?","?","R","$","?","R","B",null],"character_chosen":"IRONCLAD","items_purchased":["Evolve","True Grit","Happy Flower","Offering","Art of War"],"campfire_rested":1,"item_purchase_floors":[10,10,25,36,39],"current_hp_per_floor":[74,74,59,59,65,71,71,52,52,52,52,58,57,63,63,30,64,59,40,40,35,21,47,71,71,71,71,70,70,70,66,66,44,78,86,86,88,86,86,86,86,86,86,74,74,74,74,95,95,10],"gold":100,"neow_bonus":"THREE_ENEMY_KILL","is_prod":false,"is_daily":false,"chose_seed":false,"campfire_upgraded":8,"win_rate":0,"timestamp":1550776587,"path_taken":["M","$","?","?","?","E","R","E","T","$","?","M","M","M","R","BOSS","M","M","?","?","?","E","R","?","T","R","?","?","E","M","R","BOSS","M","$","M","M","$","R","E","R","T","?","?","R","$","?","R","BOSS"],"build_version":"2019-01-23","purchased_purges":2,"victory":true,"max_hp_per_floor":[75,75,75,75,75,75,75,75,75,75,75,75,75,75,75,75,75,75,75,75,75,80,80,80,80,80,80,80,80,80,80,80,80,87,89,89,91,91,91,91,93,93,93,93,93,93,93,95,95,95],"card_choices":[{"not_picked":["Flex","Hemokinesis"],"picked":"Headbutt","floor":1.0},{"not_picked":["Flex","Anger"],"picked":"Thunderclap","floor":5.0},{"not_picked":["Body Slam","Rupture"],"picked":"Metallicize","floor":6.0},{"not_picked":["Body Slam","Iron Wave"],"picked":"Power Through","floor":8.0},{"not_picked":["Warcry","Armaments"],"picked":"Shockwave","floor":12.0},{"not_picked":["Perfected Strike","Sword Boomerang"],"picked":"Shrug It Off","floor":13.0},{"not_picked":["Thunderclap","Berserk"],"picked":"Reckless Charge","floor":14.0},{"not_picked":["Berserk","Dark Embrace"],"picked":"Demon Form","floor":16.0},{"not_picked":["Combust","Cleave"],"picked":"Pommel Strike","floor":18.0},{"not_picked":["True Grit","Body Slam"],"picked":"Flame Barrier+1","floor":19.0},{"not_picked":["Shrug It Off","Pommel Strike+1"],"picked":"Dual Wield","floor":21.0},{"not_picked":["Intimidate","Rage"],"picked":"Whirlwind","floor":23.0},{"not_picked":["Havoc","Rampage"],"picked":"Carnage","floor":28.0},{"not_picked":["Hemokinesis+1","Reaper"],"picked":"Pummel","floor":30.0},{"not_picked":["Bloodletting","Power Through"],"picked":"Metallicize","floor":31.0},{"not_picked":["Dark Embrace","Immolate"],"picked":"Limit Break","floor":33.0},{"not_picked":["Iron Wave","Armaments","Hemokinesis"],"picked":"Singing Bowl","floor":34.0},{"not_picked":["Dual Wield","Hemokinesis","True Grit"],"picked":"Singing Bowl","floor":35.0},{"not_picked":["Twin Strike","Bloodletting","Havoc+1"],"picked":"Singing Bowl","floor":37.0},{"not_picked":["Pommel Strike","Clash"],"picked":"Anger","floor":38.0},{"not_picked":["Spot Weakness+1","Cleave","Thunderclap"],"picked":"Singing Bowl","floor":41.0},{"not_picked":["Havoc","Dropkick","Carnage"],"picked":"Singing Bowl","floor":48.0}],"player_experience":463763,"relics_obtained":[{"floor":6.0,"key":"Bag of Preparation"},{"floor":8.0,"key":"Matryoshka"},{"floor":9.0,"key":"Ornamental Fan"},{"floor":9.0,"key":"MawBank"},{"floor":23.0,"key":"Singing Bowl"},{"floor":26.0,"key":"The Courier"},{"floor":26.0,"key":"Boot"},{"floor":30.0,"key":"Bottled Tornado"},{"floor":41.0,"key":"War Paint"},{"floor":43.0,"key":"Sundial"},{"floor":48.0,"key":"Pocketwatch"}],"event_choices":[{"damage_healed":0.0,"max_hp_gain":0.0,"max_hp_loss":0.0,"gold_gain":0.0,"event_name":"Shining Light","player_choice":"Entered Light","floor":3.0,"gold_loss":0.0,"damage_taken":15.0,"cards_upgraded":["Headbutt","Strike_R"]},{"cards_removed":["Headbutt"],"damage_healed":0.0,"max_hp_gain":0.0,"max_hp_loss":0.0,"gold_gain":0.0,"event_name":"WeMeetAgain","player_choice":"Gave Card","floor":4.0,"gold_loss":0.0,"damage_taken":0.0,"relics_obtained":["Kunai"]},{"damage_healed":0.0,"max_hp_gain":0.0,"max_hp_loss":0.0,"gold_gain":0.0,"cards_transformed":["Strike_R"],"event_name":"Transmorgrifier","player_choice":"Transformed","floor":11.0,"gold_loss":0.0,"damage_taken":0.0,"cards_obtained":["Reaper"]},{"cards_removed":["Defend_R"],"damage_healed":0.0,"max_hp_gain":0.0,"max_hp_loss":0.0,"gold_gain":0.0,"event_name":"Bonfire Elementals","player_choice":"Offered Basic","floor":20.0,"gold_loss":0.0,"damage_taken":0.0},{"damage_healed":0.0,"max_hp_gain":5.0,"max_hp_loss":0.0,"gold_gain":0.0,"event_name":"Forgotten Altar","player_choice":"Shed Blood","floor":22.0,"gold_loss":0.0,"damage_taken":19.0},{"damage_healed":0.0,"max_hp_gain":0.0,"max_hp_loss":0.0,"gold_gain":0.0,"event_name":"Back to Basics","player_choice":"Simplicity","floor":29.0,"gold_loss":0.0,"damage_taken":0.0,"cards_upgraded":["Strike_R","Strike_R","Defend_R","Defend_R","Defend_R"]},{"damage_healed":0.0,"max_hp_gain":0.0,"max_hp_loss":0.0,"gold_gain":0.0,"event_name":"Winding Halls","player_choice":"Embrace Madness","floor":44.0,"gold_loss":0.0,"damage_taken":12.0,"cards_obtained":["Madness","Madness"]},{"damage_healed":0.0,"max_hp_gain":0.0,"max_hp_loss":0.0,"gold_gain":0.0,"event_name":"Tomb of Lord Red Mask","player_choice":"Paid","floor":45.0,"gold_loss":48.0,"damage_taken":0.0,"relics_obtained":["Red Mask"]},{"damage_healed":0.0,"max_hp_gain":0.0,"max_hp_loss":0.0,"gold_gain":0.0,"event_name":"MindBloom","player_choice":"Fight","floor":48.0,"gold_loss":0.0,"damage_taken":0.0}],"is_beta":false,"boss_relics":[{"not_picked":["Fusion Hammer","Velvet Choker"],"picked":"Mark of Pain"},{"not_picked":["Cursed Key","Lizard Tail"],"picked":"Tiny House"}],"items_purged_floors":[2,39],"is_endless":false,"potions_floor_spawned":[5,8,14,18,19,21,28,41],"ascension_level":14}