{"gold_per_floor":[110,110,126,126,0,32,107,107],"floor_reached":8,"playtime":2888,"items_purged":[],"score":86,"play_id":"0f1c4638-f408-4c70-9e58-1a55c4820a9d","local_time":"20190202235247","is_ascension_mode":true,"campfire_choices":[],"neow_cost":"NONE","seed_source_timestamp":641413708814728,"circlet_count":0,"master_deck":["AscendersBane","Strike_B","Strike_B","Strike_B","Strike_B","Defend_B","Defend_B","Defend_B","Defend_B","Zap+1","Dualcast","White Noise","Ball Lightning","Regret","Biased Cognition"],"relics":["Cracked Core","Gremlin Horn","Ancient Tea Set","Juzu Bracelet"],"potions_floor_usage":[8],"damage_taken":[{"damage":0,"enemies":"Small Slimes","floor":1,"turns":3},{"damage":3,"enemies":"Jaw Worm","floor":3,"turns":4},{"damage":35,"enemies":"3 Sentries","floor":6,"turns":6},{"damage":19,"enemies":"Lagavulin","floor":8,"turns":4}],"seed_played":"3274409807227989565","potions_obtained":[{"floor":6,"key":"SkillPotion"}],"is_trial":false,"path_per_floor":["M","?","M","?","?","E","?","E"],"character_chosen":"DEFECT","items_purchased":[],"campfire_rested":0,"item_purchase_floors":[],"current_hp_per_floor":[68,68,65,65,65,30,19,0],"gold":107,"neow_bonus":"UPGRADE_CARD","is_prod":false,"is_daily":false,"chose_seed":false,"campfire_upgraded":0,"win_rate":0,"timestamp":1549147967,"path_taken":["M","?","M","?","?","E","?","E"],"build_version":"2019-01-23","purchased_purges":0,"victory":false,"max_hp_per_floor":[75,75,75,75,75,75,75,75],"card_choices":[{"not_picked":["Streamline","Redo"],"picked":"White Noise","floor":1},{"not_picked":["Rebound","Turbo"],"picked":"Ball Lightning","floor":3},{"not_picked":["Reprogram","Gash"],"picked":"Biased Cognition","floor":6}],"player_experience":2115225,"relics_obtained":[{"floor":6,"key":"Juzu Bracelet"}],"event_choices":[{"damage_healed":0,"gold_gain":0,"player_choice":"Ignored","damage_taken":0,"max_hp_gain":0,"max_hp_loss":0,"event_name":"Golden Wing","floor":2,"gold_loss":0},{"damage_healed":0,"gold_gain":0,"player_choice":"Box","damage_taken":0,"relics_obtained":["Gremlin Horn"],"max_hp_gain":0,"max_hp_loss":0,"event_name":"Big Fish","floor":4,"gold_loss":0,"cards_obtained":["Regret"]},{"damage_healed":0,"gold_gain":0,"player_choice":"Paid Gold","damage_taken":0,"relics_obtained":["Ancient Tea Set"],"max_hp_gain":0,"max_hp_loss":0,"event_name":"WeMeetAgain","floor":5,"gold_loss":126},{"damage_healed":0,"gold_gain":75,"player_choice":"Gather Gold","damage_taken":11,"max_hp_gain":0,"max_hp_loss":0,"event_name":"World of Goop","floor":7,"gold_loss":0}],"is_beta":false,"boss_relics":[],"items_purged_floors":[],"is_endless":false,"potions_floor_spawned":[6],"killed_by":"Lagavulin","ascension_level":12}