{"path_per_floor":["M","?","M","M","$","E","R","M","T","M","M","E","M"],"character_chosen":"IRONCLAD","items_purchased":["Shrug It Off","Carnage"],"gold_per_floor":[112,72,85,102,8,66,66,82,82,98,111,137,154,154],"floor_reached":14,"campfire_rested":0,"playtime":552,"current_hp_per_floor":[80,80,80,80,80,70,70,34,34,35,41,10,10,0],"items_purged":[],"gold":154,"score":104,"play_id":"b3fc603e-42ff-47c9-ac59-2a3a4ec613ed","local_time":"20180401153813","is_prod":false,"is_daily":false,"is_ascension_mode":false,"campfire_upgraded":1,"timestamp":1522589893,"path_taken":["M","?","M","M","$","E","R","M","T","M","M","E","M","M"],"build_version":"2018-03-29v2","purchased_purges":0,"victory":false,"master_deck":["Strike_R","Strike_R","Strike_R","Strike_R","Strike_R","Defend_R","Defend_R","Defend_R","Defend_R","Bash","Headbutt","Demon Form+1","Rage","Shrug It Off","Carnage","Dropkick","Pommel Strike","Berserk","Armaments","Headbutt","Headbutt"],"max_hp_per_floor":[80,80,80,80,80,80,80,80,80,80,80,80,80,80],"relics":["Burning Blood","NeowsBlessing","Tiny Chest","Du-Vu Doll","Art of War"],"card_choices":[{"not_picked":["Flex","Seeing Red"],"picked":"Headbutt","floor":1.0},{"not_picked":["Clash","Armaments"],"picked":"Demon Form","floor":3.0},{"not_picked":["Anger","Perfected Strike"],"picked":"Rage","floor":4.0},{"not_picked":["Metallicize","Twin Strike"],"picked":"Dropkick","floor":6.0},{"not_picked":["Body Slam","Corruption"],"picked":"Pommel Strike","floor":8.0},{"not_picked":["Whirlwind","True Grit"],"picked":"Berserk","floor":10.0},{"not_picked":["Disarm","Body Slam"],"picked":"Armaments","floor":11.0},{"not_picked":["Sword Boomerang","Dual Wield"],"picked":"Headbutt","floor":12.0},{"not_picked":["Reckless Charge","Clothesline"],"picked":"Headbutt","floor":13.0}],"player_experience":113630,"potions_floor_usage":[],"damage_taken":[{"damage":0.0,"enemies":"Jaw Worm","floor":1.0,"turns":1.0},{"damage":0.0,"enemies":"Cultist","floor":3.0,"turns":1.0},{"damage":0.0,"enemies":"2 Louse","floor":4.0,"turns":1.0},{"damage":16.0,"enemies":"Gremlin Nob","floor":6.0,"turns":4.0},{"damage":42.0,"enemies":"Gremlin Gang","floor":8.0,"turns":5.0},{"damage":5.0,"enemies":"2 Fungi Beasts","floor":10.0,"turns":3.0},{"damage":0.0,"enemies":"3 Louse","floor":11.0,"turns":3.0},{"damage":37.0,"enemies":"Lagavulin","floor":12.0,"turns":8.0},{"damage":6.0,"enemies":"Looter","floor":13.0,"turns":3.0},{"damage":10,"enemies":"Exordium Wildlife","floor":14,"turns":1}],"event_choices":[{"event_name":"The Woman in Blue","player_choice":"Bought 3 Potions","floor":2.0,"damage_taken":0.0}],"boss_relics":[],"potions_floor_spawned":[3,6,11],"seed_played":"4884679295697222999","killed_by":"Exordium Wildlife","ascension_level":0,"is_trial":false}