{"gold_per_floor":[118,268,281,281,15,49,49,84,108,108,0,33,48,48],"floor_reached":14,"playtime":339,"items_purged":[],"score":249,"play_id":"3841860a-dd04-4794-a014-acf8e0a4858a","local_time":"20190217142234","is_ascension_mode":true,"campfire_choices":[{"data":"Rage","floor":7,"key":"SMITH"},{"floor":10,"key":"REST"}],"neow_cost":"NONE","seed_source_timestamp":15099433970882150,"circlet_count":0,"master_deck":["AscendersBane","Strike_R","Strike_R","Strike_R","Strike_R","Strike_R","Defend_R","Defend_R+1","Defend_R+1","Defend_R","Bash","Dropkick","Burning Pact","Sadistic Nature","Fire Breathing","Rage+1","Warcry","Trip","Evolve"],"relics":["Burning Blood","NeowsBlessing","War Paint","Du-Vu Doll","Oddly Smooth Stone","Mercury Hourglass"],"potions_floor_usage":[12],"damage_taken":[{"damage":0,"enemies":"2 Louse","floor":1,"turns":1},{"damage":0,"enemies":"Small Slimes","floor":3,"turns":2},{"damage":0,"enemies":"3 Sentries","floor":6,"turns":1},{"damage":54,"enemies":"Gremlin Nob","floor":8,"turns":5},{"damage":20,"enemies":"Lagavulin","floor":12,"turns":5},{"damage":6,"enemies":"Jaw Worm","floor":13,"turns":3},{"damage":40,"enemies":"Gremlin Gang","floor":14,"turns":3}],"seed_played":"3721538301415021405","potions_obtained":[{"floor":1,"key":"Explosive Potion"},{"floor":12,"key":"Fire Potion"},{"floor":13,"key":"FearPotion"}],"is_trial":false,"path_per_floor":["M","?","M","?","$","E","R","E","T","R","$","E","M","M"],"character_chosen":"IRONCLAD","items_purchased":["Sadistic Nature","Fire Breathing","Trip"],"campfire_rested":1,"item_purchase_floors":[5,5,11],"current_hp_per_floor":[74,74,75,75,75,75,75,27,27,49,49,35,35,0],"gold":48,"neow_bonus":"THREE_ENEMY_KILL","is_prod":false,"is_daily":false,"chose_seed":false,"campfire_upgraded":1,"win_rate":0,"timestamp":1550409754,"path_taken":["M","?","M","?","$","E","R","E","T","R","?","E","M","M"],"build_version":"2019-01-23","purchased_purges":0,"victory":false,"max_hp_per_floor":[75,75,75,75,75,75,75,75,75,75,75,75,75,75],"card_choices":[{"not_picked":["Dual Wield","Body Slam"],"picked":"Dropkick","floor":1},{"not_picked":["Anger","Heavy Blade"],"picked":"Burning Pact","floor":3},{"not_picked":["Dual Wield","Reckless Charge"],"picked":"Rage","floor":6},{"not_picked":["Pommel Strike","Flex"],"picked":"Warcry","floor":8},{"not_picked":["Hemokinesis","Shockwave","Wild Strike"],"picked":"SKIP","floor":12},{"not_picked":["Armaments","Havoc"],"picked":"Evolve","floor":13}],"player_experience":404638,"relics_obtained":[{"floor":6,"key":"War Paint"},{"floor":8,"key":"Du-Vu Doll"},{"floor":9,"key":"Oddly Smooth Stone"},{"floor":12,"key":"Mercury Hourglass"}],"event_choices":[{"damage_healed":0,"gold_gain":150,"player_choice":"AGREE","damage_taken":0,"max_hp_gain":0,"max_hp_loss":0,"event_name":"Liars Game","floor":2,"gold_loss":0,"cards_obtained":["Doubt"]},{"cards_removed":["Doubt"],"damage_healed":0,"gold_gain":0,"player_choice":"Forget","damage_taken":0,"max_hp_gain":0,"max_hp_loss":0,"event_name":"Living Wall","floor":4,"gold_loss":0}],"is_beta":false,"boss_relics":[],"items_purged_floors":[],"is_endless":false,"potions_floor_spawned":[1,12,13],"killed_by":"Gremlin Gang","ascension_level":18}