{"gold_per_floor":[118,118,68,79,79,117,117,151,178,196,196,196,216,291,291,420,420,435,435,435,1,24,24,44,143,190,190,190],"floor_reached":28,"playtime":4991,"items_purged":[],"score":386,"play_id":"d8092a22-e42c-4e41-b341-7a573bf08e17","local_time":"20181220125327","is_ascension_mode":true,"campfire_choices":[{"data":"Bouncing Flask","floor":7,"key":"SMITH"},{"data":"Deadly Poison","floor":11,"key":"SMITH"},{"data":"Crippling Poison","floor":15,"key":"SMITH"},{"floor":23,"key":"REST"}],"neow_cost":"NONE","seed_source_timestamp":548392882160152,"circlet_count":0,"master_deck":["AscendersBane","Defend_G","Defend_G","Defend_G","Defend_G","Defend_G","Strike_G+1","Strike_G","Strike_G+1","Strike_G","Strike_G","Survivor","Neutralize","Bouncing Flask+1","PiercingWail","Dagger Spray","Deadly Poison+1","Poisoned Stab+1","Crippling Poison+1","Bullet Time","Bane","Necronomicurse","Noxious Fumes","Apotheosis","Deadly Poison+1","Caltrops"],"relics":["Ring of the Serpent","NeowsBlessing","Boot","Golden Idol","Du-Vu Doll","Whetstone","PreservedInsect","Necronomicon","Pantograph","Juzu Bracelet"],"potions_floor_usage":[8,22,28],"damage_taken":[{"damage":0,"enemies":"2 Louse","floor":1,"turns":2},{"damage":0,"enemies":"Small Slimes","floor":4,"turns":1},{"damage":0,"enemies":"3 Sentries","floor":6,"turns":2},{"damage":7,"enemies":"Lagavulin","floor":8,"turns":6},{"damage":6,"enemies":"Jaw Worm","floor":10,"turns":2},{"damage":0,"enemies":"3 Louse","floor":13,"turns":4},{"damage":5,"enemies":"The Guardian","floor":16,"turns":7},{"damage":0,"enemies":"Spheric Guardian","floor":18,"turns":3},{"damage":25,"enemies":"Shell Parasite","floor":22,"turns":5},{"damage":24,"enemies":"Snake Plant","floor":24,"turns":3},{"damage":0,"enemies":"Book of Stabbing","floor":28,"turns":3}],"seed_played":"5921935747314653915","potions_obtained":[{"floor":1,"key":"Dexterity Potion"},{"floor":6,"key":"Block Potion"},{"floor":16,"key":"Dexterity Potion"},{"floor":22,"key":"Strength Potion"},{"floor":24,"key":"GhostInAJar"}],"is_trial":false,"path_per_floor":["M","?","?","M","?","E","R","E","T","M","R","?","M","?","R","B",null,"M","?","?","$","M","R","M","?","T","$","E"],"character_chosen":"THE_SILENT","items_purchased":["Apotheosis","Pantograph"],"campfire_rested":1,"item_purchase_floors":[21,21],"current_hp_per_floor":[63,63,63,63,63,63,63,56,56,50,50,50,50,39,39,34,57,57,41,41,41,16,35,11,11,11,11,11],"gold":190,"neow_bonus":"THREE_ENEMY_KILL","is_prod":false,"is_daily":false,"chose_seed":false,"campfire_upgraded":3,"win_rate":0,"timestamp":1545306807,"path_taken":["M","?","?","M","?","E","R","E","T","M","R","?","?","?","R","BOSS","M","?","?","$","M","R","M","?","T","?","E"],"build_version":"2018-12-13","purchased_purges":0,"victory":false,"max_hp_per_floor":[70,70,70,70,65,65,65,65,65,65,65,65,65,65,65,65,65,65,65,65,65,65,65,65,65,65,65,65],"card_choices":[{"not_picked":["Backstab","Footwork"],"picked":"Bouncing Flask","floor":1},{"not_picked":["Underhanded Strike","Concentrate"],"picked":"PiercingWail","floor":4},{"not_picked":["Eviscerate","Bouncing Flask"],"picked":"Dagger Spray","floor":6},{"not_picked":["Quick Slash","Dash"],"picked":"Deadly Poison","floor":8},{"not_picked":["Blade Dance","Dagger Spray"],"picked":"Poisoned Stab","floor":10},{"not_picked":["Dodge and Roll","Outmaneuver"],"picked":"Crippling Poison","floor":13},{"not_picked":["Glass Knife","Malaise"],"picked":"Bullet Time","floor":16},{"not_picked":["Terror","Prepared"],"picked":"Bane","floor":18},{"not_picked":["Accuracy","Slice"],"picked":"Deadly Poison+1","floor":22},{"not_picked":["Blade Dance","Concentrate"],"picked":"Caltrops","floor":24}],"player_experience":1899587,"relics_obtained":[{"floor":6,"key":"Du-Vu Doll"},{"floor":8,"key":"Whetstone"},{"floor":9,"key":"PreservedInsect"},{"floor":19,"key":"Necronomicon"},{"floor":26,"key":"Juzu Bracelet"}],"event_choices":[{"damage_healed":0,"gold_gain":0,"player_choice":"Box","damage_taken":0,"relics_obtained":["Boot"],"max_hp_gain":0,"max_hp_loss":0,"event_name":"Big Fish","floor":2,"gold_loss":0,"cards_obtained":["Regret"]},{"cards_removed":["Regret"],"damage_healed":0,"gold_gain":0,"player_choice":"Card Removal","damage_taken":0,"max_hp_gain":0,"max_hp_loss":0,"event_name":"The Cleric","floor":3,"gold_loss":50},{"damage_healed":0,"gold_gain":0,"player_choice":"Lose Max HP","damage_taken":0,"relics_obtained":["Golden Idol"],"max_hp_gain":0,"max_hp_loss":5,"event_name":"Golden Idol","floor":5,"gold_loss":0},{"damage_healed":0,"gold_gain":0,"player_choice":"Grow","damage_taken":0,"max_hp_gain":0,"max_hp_loss":0,"event_name":"Living Wall","floor":12,"gold_loss":0,"cards_upgraded":["Poisoned Stab"]},{"damage_healed":0,"gold_gain":75,"player_choice":"Gather Gold","damage_taken":11,"max_hp_gain":0,"max_hp_loss":0,"event_name":"World of Goop","floor":14,"gold_loss":0},{"damage_healed":0,"gold_gain":0,"player_choice":"Obtained Book","damage_taken":16,"max_hp_gain":0,"max_hp_loss":0,"event_name":"Cursed Tome","floor":19,"gold_loss":0},{"damage_healed":0,"gold_gain":0,"player_choice":"Read","damage_taken":0,"max_hp_gain":0,"max_hp_loss":0,"event_name":"The Library","floor":20,"gold_loss":0,"cards_obtained":["Noxious Fumes"]},{"damage_healed":0,"gold_gain":99,"player_choice":"Stole From Cult","damage_taken":0,"max_hp_gain":0,"max_hp_loss":0,"event_name":"Nest","floor":25,"gold_loss":0}],"is_beta":false,"boss_relics":[{"not_picked":["Fusion Hammer","Tiny House"],"picked":"Ring of the Serpent"}],"items_purged_floors":[],"is_endless":false,"potions_floor_spawned":[1,6,16,22,24],"killed_by":"Book of Stabbing","ascension_level":11}