{"path_per_floor":["M","?","$","$","?","E","R","M","T","M","R","M","M","?","R"],"character_chosen":"DEFECT","items_purchased":["Ball Lightning"],"gold_per_floor":[115,115,14,14,14,45,45,58,58,71,71,84,104,104,104,104],"floor_reached":16,"campfire_rested":0,"playtime":595,"item_purchase_floors":[],"current_hp_per_floor":[68,65,65,65,65,48,48,45,45,41,41,31,31,31,31,0],"items_purged":["Normality"],"gold":104,"score":120,"play_id":"e8c9dfa6-d8f7-4c8f-9f4c-e0f16095e185","local_time":"20180616170757","is_prod":false,"is_daily":false,"chose_seed":false,"is_ascension_mode":true,"campfire_upgraded":0,"win_rate":0,"timestamp":1529161677,"campfire_choices":[{"floor":7.0,"key":"DIG"},{"floor":11.0,"key":"DIG"},{"floor":15.0,"key":"DIG"}],"path_taken":["M","?","?","$","?","E","R","M","T","M","R","M","M","?","R","BOSS"],"build_version":"2018-06-14v2","seed_source_timestamp":256776875059119,"purchased_purges":1,"victory":false,"master_deck":["Strike_B","Strike_B","Strike_B","Defend_B","Defend_B","Defend_B","Defend_B","Zap","Dualcast","Steam","Ball Lightning","Regret","Defragment","FTL","Chill","Reprogram","Self Repair","Biased Cognition"],"max_hp_per_floor":[75,75,75,75,75,75,75,75,75,75,75,75,75,75,75,75],"special_seed":0,"relics":["Cracked Core","Peace Pipe","Bag of Preparation","Shovel","Centennial Puzzle","Pen Nib","Bronze Scales","Boot","Singing Bowl"],"card_choices":[{"not_picked":["Coolheaded","Redo"],"picked":"Steam","floor":1.0},{"not_picked":["Ball Lightning","Redo"],"picked":"Defragment","floor":6.0},{"not_picked":["Force Field","Melter"],"picked":"FTL","floor":8.0},{"not_picked":["Ball Lightning","Undo"],"picked":"Chill","floor":10.0},{"not_picked":["Rebound","Ball Lightning"],"picked":"Reprogram","floor":12.0},{"not_picked":["Steam Power","Genetic Algorithm"],"picked":"Self Repair","floor":13.0}],"player_experience":697864,"potions_floor_usage":[16,16,16],"damage_taken":[{"damage":7.0,"enemies":"Small Slimes","floor":1.0,"turns":4.0},{"damage":17.0,"enemies":"3 Sentries","floor":6.0,"turns":6.0},{"damage":3.0,"enemies":"Cultist","floor":8.0,"turns":3.0},{"damage":4.0,"enemies":"2 Louse","floor":10.0,"turns":2.0},{"damage":10.0,"enemies":"Blue Slaver","floor":12.0,"turns":2.0},{"damage":0.0,"enemies":"3 Louse","floor":13.0,"turns":3.0},{"damage":33,"enemies":"The Guardian","floor":16,"turns":8}],"relics_obtained":[{"floor":6.0,"key":"Centennial Puzzle"},{"floor":7.0,"key":"Pen Nib"},{"floor":9.0,"key":"Bronze Scales"},{"floor":11.0,"key":"Boot"},{"floor":15.0,"key":"Singing Bowl"}],"event_choices":[{"event_name":"Scrap Ooze","player_choice":"success","floor":2.0,"damage_taken":3.0},{"event_name":"Big Fish","player_choice":"Box","floor":5.0,"damage_taken":0.0},{"event_name":"Transmorgrifier","player_choice":"Transform","floor":14.0,"damage_taken":0.0}],"boss_relics":[],"items_purged_floors":[],"is_endless":false,"potions_floor_spawned":[8,10,13],"seed_played":"-8339980285213017188","killed_by":"The Guardian","ascension_level":4,"potions_obtained":[{"floor":8.0,"key":"FearPotion"},{"floor":10.0,"key":"Strength Potion"},{"floor":13.0,"key":"Energy Potion"}],"is_trial":false}