{"gold_per_floor":[114,2,12,29,29,63,82,82,82,82,114,114],"floor_reached":12,"playtime":1263,"items_purged":["Strike_G"],"score":88,"play_id":"33d9aa6c-e496-4e08-8534-1b49a2a63fa0","local_time":"20190220074737","is_ascension_mode":false,"campfire_choices":[{"floor":10,"key":"REST"}],"neow_cost":"NONE","seed_source_timestamp":49255168310006,"circlet_count":0,"master_deck":["Defend_G","Defend_G","Defend_G","Defend_G","Defend_G","Strike_G","Strike_G","Strike_G","Survivor","Neutralize","Dash","PiercingWail","Backstab","PiercingWail","Caltrops","Endless Agony","Predator","Masterful Stab","Shame"],"relics":["Ring of the Snake","Ancient Tea Set","Pantograph","Torii"],"potions_floor_usage":[6,11],"damage_taken":[{"damage":0,"enemies":"Small Slimes","floor":1,"turns":4},{"damage":0,"enemies":"2 Louse","floor":3,"turns":4},{"damage":2,"enemies":"Cultist","floor":4,"turns":4},{"damage":28,"enemies":"Lagavulin","floor":6,"turns":11},{"damage":0,"enemies":"3 Louse","floor":7,"turns":4},{"damage":16,"enemies":"3 Sentries","floor":11,"turns":10}],"seed_played":"-8993524491096985230","potions_obtained":[{"floor":3,"key":"Explosive Potion"},{"floor":6,"key":"PowerPotion"},{"floor":7,"key":"SpeedPotion"}],"is_trial":false,"path_per_floor":["M","$","M","M","?","E","M","?","T","R","E","?"],"character_chosen":"THE_SILENT","items_purchased":["Backstab"],"campfire_rested":1,"item_purchase_floors":[2],"current_hp_per_floor":[70,70,70,68,73,45,45,38,38,60,44,44],"gold":114,"neow_bonus":"THREE_CARDS","is_prod":false,"is_daily":false,"chose_seed":false,"campfire_upgraded":0,"win_rate":0.0,"timestamp":1550674057,"path_taken":["M","$","M","M","?","E","M","?","T","R","E","?"],"build_version":"2019-01-23","purchased_purges":1,"victory":false,"max_hp_per_floor":[70,70,70,70,75,75,75,75,75,75,75,75],"card_choices":[{"not_picked":["Dagger Spray","Prepared"],"picked":"Dash","floor":0},{"not_picked":["Underhanded Strike","Deadly Poison"],"picked":"PiercingWail","floor":1},{"not_picked":["Blade Dance","Dagger Spray"],"picked":"PiercingWail","floor":3},{"not_picked":["Backstab","Endless Agony"],"picked":"Caltrops","floor":4},{"not_picked":["Escape Plan","PiercingWail"],"picked":"Endless Agony","floor":6},{"not_picked":["Eviscerate","Reflex"],"picked":"Predator","floor":7},{"not_picked":["Finisher","Dagger Throw","Underhanded Strike"],"picked":"SKIP","floor":11}],"player_experience":19469,"relics_obtained":[{"floor":6,"key":"Ancient Tea Set"},{"floor":9,"key":"Pantograph"},{"floor":11,"key":"Torii"}],"event_choices":[{"damage_healed":0,"gold_gain":0,"player_choice":"Donut","damage_taken":0,"max_hp_gain":5,"max_hp_loss":0,"event_name":"Big Fish","floor":5,"gold_loss":0},{"cards_removed":["Strike_G"],"damage_healed":0,"gold_gain":0,"player_choice":"Card Removal","damage_taken":7,"max_hp_gain":0,"max_hp_loss":0,"event_name":"Golden Wing","floor":8,"gold_loss":0}],"is_beta":false,"boss_relics":[],"items_purged_floors":[2],"is_endless":false,"potions_floor_spawned":[3,6,7],"ascension_level":0}