{"gold_per_floor":[112,90,105,105,55,55,111,123,123,149,6,25,41,70,70,70],"floor_reached":16,"playtime":553,"items_purged":[],"score":160,"play_id":"928d81ac-fe62-4b76-8543-78b04b98db76","local_time":"20190208183605","is_ascension_mode":true,"campfire_choices":[{"data":"Bash","floor":6,"key":"SMITH"},{"floor":15,"key":"REST"}],"neow_cost":"NONE","seed_source_timestamp":378969347382710,"circlet_count":0,"master_deck":["Strike_R","Strike_R","Strike_R","Strike_R","Strike_R","Defend_R","Defend_R","Defend_R","Bash+1","Cleave","Clothesline","Thunderclap","Perfected Strike","Uppercut","Clothesline","Twin Strike","Perfected Strike"],"relics":["Burning Blood","NeowsBlessing","Ornamental Fan","Tiny Chest","Bottled Lightning","Ginger","Happy Flower","Omamori"],"potions_floor_usage":[13,16,16],"damage_taken":[{"damage":0,"enemies":"Small Slimes","floor":1,"turns":1},{"damage":0,"enemies":"2 Louse","floor":3,"turns":1},{"damage":0,"enemies":"Gremlin Nob","floor":7,"turns":1},{"damage":9,"enemies":"Jaw Worm","floor":8,"turns":3},{"damage":45,"enemies":"3 Sentries","floor":10,"turns":8},{"damage":16,"enemies":"Lots of Slimes","floor":12,"turns":2},{"damage":2,"enemies":"Looter","floor":13,"turns":2},{"damage":27,"enemies":"Lagavulin","floor":14,"turns":4},{"damage":38,"enemies":"The Guardian","floor":16,"turns":7}],"seed_played":"-794033632851933265","potions_obtained":[{"floor":7,"key":"Swift Potion"},{"floor":10,"key":"GamblersBrew"},{"floor":12,"key":"SkillPotion"},{"floor":13,"key":"Strength Potion"},{"floor":14,"key":"Weak Potion"}],"is_trial":false,"path_per_floor":["M","?","M","?","?","R","E","M","T","E","$","M","M","E","R","B"],"character_chosen":"IRONCLAD","items_purchased":["Happy Flower"],"campfire_rested":1,"item_purchase_floors":[11],"current_hp_per_floor":[80,80,80,77,77,77,80,77,77,38,38,28,32,11,35,0],"gold":70,"neow_bonus":"THREE_ENEMY_KILL","is_prod":false,"is_daily":false,"chose_seed":false,"campfire_upgraded":1,"win_rate":0,"timestamp":1549679765,"path_taken":["M","?","M","?","?","R","E","?","T","E","$","M","M","E","R","BOSS"],"build_version":"2019-01-23","purchased_purges":0,"victory":false,"max_hp_per_floor":[80,80,80,80,80,80,80,80,80,80,80,80,80,80,80,80],"card_choices":[{"not_picked":["Power Through","Clothesline"],"picked":"Cleave","floor":1},{"not_picked":["Shrug It Off","Warcry"],"picked":"Clothesline","floor":3},{"not_picked":["Fire Breathing","Spot Weakness"],"picked":"Thunderclap","floor":7},{"not_picked":["Cleave","True Grit"],"picked":"Perfected Strike","floor":8},{"not_picked":["Body Slam","Sentinel"],"picked":"Uppercut","floor":10},{"not_picked":["Thunderclap","Armaments"],"picked":"Clothesline","floor":12},{"not_picked":["Headbutt","Warcry"],"picked":"Twin Strike","floor":13},{"not_picked":["Sword Boomerang","Inflame"],"picked":"Perfected Strike","floor":14}],"player_experience":134624,"relics_obtained":[{"floor":7,"key":"Tiny Chest"},{"floor":9,"key":"Bottled Lightning"},{"floor":10,"key":"Ginger"},{"floor":14,"key":"Omamori"}],"event_choices":[{"damage_healed":0,"gold_gain":0,"player_choice":"Left Gold","damage_taken":0,"max_hp_gain":0,"max_hp_loss":0,"event_name":"World of Goop","floor":2,"gold_loss":22},{"damage_healed":0,"gold_gain":0,"player_choice":"Success","damage_taken":3,"relics_obtained":["Ornamental Fan"],"max_hp_gain":0,"max_hp_loss":0,"event_name":"Scrap Ooze","floor":4,"gold_loss":0},{"cards_removed":["Defend_R"],"damage_healed":0,"gold_gain":0,"player_choice":"Card Removal","damage_taken":0,"max_hp_gain":0,"max_hp_loss":0,"event_name":"The Cleric","floor":5,"gold_loss":50}],"is_beta":false,"boss_relics":[],"items_purged_floors":[],"is_endless":false,"potions_floor_spawned":[7,10,12,13,14],"killed_by":"The Guardian","ascension_level":2}