{"gold_per_floor":[114,129,204,218,232,262,262,115,115,130,147,147,4,4,4,4],"floor_reached":16,"playtime":362,"items_purged":[],"score":148,"play_id":"147a31fe-7395-4935-801d-0cb0fdff89aa","local_time":"20180922183814","is_ascension_mode":true,"campfire_choices":[{"floor":7.0,"key":"REST"},{"floor":12.0,"key":"REST"},{"floor":15.0,"key":"REST"}],"neow_cost":"NONE","seed_source_timestamp":0,"circlet_count":0,"master_deck":["Defend_G","Defend_G","Defend_G","Defend_G","Defend_G","Strike_G","Strike_G","Strike_G","Strike_G","Strike_G","Survivor","Neutralize","Dagger Spray","Flying Knee","Backflip","Cloak And Dagger+1","Cloak And Dagger+1","Cloak And Dagger+1"],"special_seed":0,"relics":["Ring of the Snake","NeowsBlessing","Toxic Egg 2","Omamori","Pantograph","Oddly Smooth Stone"],"potions_floor_usage":[],"damage_taken":[{"damage":0.0,"enemies":"Jaw Worm","floor":1.0,"turns":1.0},{"damage":0.0,"enemies":"Small Slimes","floor":2.0,"turns":1.0},{"damage":0.0,"enemies":"2 Louse","floor":4.0,"turns":1.0},{"damage":15.0,"enemies":"Exordium Thugs","floor":5.0,"turns":6.0},{"damage":35.0,"enemies":"Gremlin Nob","floor":6.0,"turns":4.0},{"damage":4.0,"enemies":"3 Louse","floor":10.0,"turns":4.0},{"damage":1.0,"enemies":"2 Fungi Beasts","floor":11.0,"turns":4.0},{"damage":0,"enemies":"The Guardian","floor":16,"turns":1}],"seed_played":"7992867057222407848","potions_obtained":[{"floor":2.0,"key":"LiquidBronze"},{"floor":5.0,"key":"SkillPotion"},{"floor":11.0,"key":"SmokeBomb"}],"is_trial":false,"path_per_floor":["M","M","?","M","M","E","R","$","T","M","M","R","$","?","R"],"character_chosen":"THE_SILENT","items_purchased":["Omamori","Oddly Smooth Stone"],"campfire_rested":3,"item_purchase_floors":[8,13],"current_hp_per_floor":[63,63,52,52,37,2,23,23,23,19,18,39,39,39,60,70],"gold":4,"neow_bonus":"THREE_ENEMY_KILL","is_prod":false,"is_daily":false,"chose_seed":false,"campfire_upgraded":0,"win_rate":0,"timestamp":1537634294,"path_taken":["M","M","?","M","M","E","R","$","T","M","M","R","?","?","R","BOSS"],"build_version":"2018-09-20","purchased_purges":0,"victory":false,"max_hp_per_floor":[70,70,70,70,70,70,70,70,70,70,70,70,70,70,70,70],"card_choices":[{"not_picked":["Dodge and Roll","Prepared"],"picked":"Dagger Spray","floor":1.0},{"not_picked":["Blade Dance","Quick Slash"],"picked":"Flying Knee","floor":4.0},{"not_picked":["Crippling Poison","Deadly Poison"],"picked":"Backflip","floor":5.0},{"not_picked":["Accuracy","Bane"],"picked":"Cloak And Dagger","floor":6.0},{"not_picked":["Poisoned Stab","Bouncing Flask+1"],"picked":"Cloak And Dagger+1","floor":10.0},{"not_picked":["Underhanded Strike","Deadly Poison+1"],"picked":"Cloak And Dagger+1","floor":11.0}],"player_experience":1001895,"relics_obtained":[{"floor":6.0,"key":"Toxic Egg 2"},{"floor":9.0,"key":"Pantograph"}],"event_choices":[{"event_name":"World of Goop","player_choice":"Gather Gold","floor":3.0,"damage_taken":0.0},{"event_name":"The Cleric","player_choice":"Leave","floor":14.0,"damage_taken":0.0}],"is_beta":false,"boss_relics":[],"items_purged_floors":[],"is_endless":false,"potions_floor_spawned":[2,5,11],"killed_by":"The Guardian","ascension_level":9}