{"gold_per_floor":[115,128,128,144,144,172,172,183,183,108,126,140,151,168,168,168],"floor_reached":16,"playtime":6569,"items_purged":["Zap"],"score":106,"play_id":"e161d91e-779b-4f79-9205-6ba29037cf97","local_time":"20190201135432","is_ascension_mode":false,"campfire_choices":[{"floor":7.0,"key":"REST"},{"data":"Barrage","floor":15,"key":"SMITH"}],"neow_cost":"NONE","seed_source_timestamp":0,"circlet_count":0,"master_deck":["Strike_B","Strike_B","Strike_B","Strike_B","Defend_B","Defend_B","Defend_B","Defend_B","Dualcast","Cold Snap","Glacier","Genetic Algorithm","Barrage","Glacier","Barrage+1","Multi-Cast"],"special_seed":0,"relics":["Black Star","Dream Catcher","Unceasing Top","Meat on the Bone","Ancient Tea Set"],"potions_floor_usage":[13,13,16],"damage_taken":[{"damage":13.0,"enemies":"Cultist","floor":1.0,"turns":5.0},{"damage":3.0,"enemies":"2 Louse","floor":2.0,"turns":4.0},{"damage":0.0,"enemies":"Small Slimes","floor":4.0,"turns":7.0},{"damage":13.0,"enemies":"3 Sentries","floor":6.0,"turns":14.0},{"damage":19,"enemies":"Gremlin Gang","floor":8,"turns":9},{"damage":8,"enemies":"Lots of Slimes","floor":11,"turns":6},{"damage":0,"enemies":"Looter","floor":12,"turns":5},{"damage":1,"enemies":"Exordium Thugs","floor":13,"turns":4},{"damage":0,"enemies":"2 Fungi Beasts","floor":14,"turns":5},{"damage":50,"enemies":"The Guardian","floor":16,"turns":11}],"seed_played":"789473457062873305","potions_obtained":[{"floor":1.0,"key":"SteroidPotion"},{"floor":4.0,"key":"Explosive Potion"},{"floor":6.0,"key":"Explosive Potion"},{"floor":11,"key":"PowerPotion"}],"is_trial":false,"path_per_floor":["M","M","?","M","?","E","R","M","T","$","M","M","M","M","R","B"],"character_chosen":"DEFECT","items_purchased":[],"campfire_rested":1,"item_purchase_floors":[],"current_hp_per_floor":[62,59,47,47,72,59,75,56,56,56,48,48,47,47,47,0],"gold":168,"neow_bonus":"BOSS_RELIC","is_prod":false,"is_daily":false,"chose_seed":false,"campfire_upgraded":1,"win_rate":0.0,"timestamp":1549058072,"path_taken":["M","?","?","M","?","E","R","M","T","$","M","M","M","M","R","BOSS"],"build_version":"2019-01-23","purchased_purges":1,"victory":false,"max_hp_per_floor":[75,75,75,75,75,75,75,75,75,75,75,75,75,75,75,75],"card_choices":[{"not_picked":["Consume","Tempest"],"picked":"Cold Snap","floor":1.0},{"not_picked":["Gash","Turbo"],"picked":"Glacier","floor":2.0},{"not_picked":["Go for the Eyes","Scrape"],"picked":"Genetic Algorithm","floor":4.0},{"not_picked":["Conserve Battery","Stack"],"picked":"Barrage","floor":6.0},{"not_picked":["Aggregate","Hologram"],"picked":"Glacier","floor":8},{"not_picked":["Stack","Streamline"],"picked":"Barrage","floor":11},{"not_picked":["Hologram","Steam Power"],"picked":"Multi-Cast","floor":12},{"not_picked":["Conserve Battery","Steam","Force Field"],"picked":"SKIP","floor":13},{"not_picked":["Rebound","Reboot","Sweeping Beam"],"picked":"SKIP","floor":14}],"player_experience":12998,"relics_obtained":[{"floor":6.0,"key":"Unceasing Top"},{"floor":6.0,"key":"Meat on the Bone"},{"floor":9,"key":"Ancient Tea Set"}],"event_choices":[{"damage_healed":0.0,"max_hp_gain":0.0,"max_hp_loss":0.0,"gold_gain":0.0,"event_name":"Scrap Ooze","player_choice":"Success","floor":3.0,"gold_loss":0.0,"damage_taken":12.0,"relics_obtained":["Dream Catcher"]},{"damage_healed":25.0,"max_hp_gain":0.0,"max_hp_loss":0.0,"gold_gain":0.0,"event_name":"Big Fish","player_choice":"Banana","floor":5.0,"gold_loss":0.0,"damage_taken":0.0}],"is_beta":false,"boss_relics":[],"items_purged_floors":[10],"is_endless":false,"potions_floor_spawned":[1,4,6,11],"killed_by":"The Guardian","ascension_level":0}