{"path_per_floor":["M","M","M","?","M","E","?","M","T","E"],"character_chosen":"THE_SILENT","items_purchased":[],"gold_per_floor":[116,126,139,314,324,353,353,373,373,406,406],"floor_reached":11,"campfire_rested":0,"playtime":765,"item_purchase_floors":[],"current_hp_per_floor":[63,61,61,61,43,36,36,32,32,6,0],"items_purged":[],"gold":406,"score":111,"play_id":"ee7a708b-6895-4e1d-821a-ee82fbf45f7f","local_time":"20180610200323","is_prod":false,"is_daily":false,"chose_seed":false,"is_ascension_mode":true,"campfire_upgraded":0,"win_rate":0,"timestamp":1528653803,"campfire_choices":[],"path_taken":["M","M","M","?","M","E","?","M","T","E","M"],"build_version":"2018-06-07v3","seed_source_timestamp":661695885039613,"purchased_purges":0,"victory":false,"master_deck":["Defend_G","Defend_G","Defend_G","Defend_G","Defend_G","Strike_G","Strike_G","Strike_G","Strike_G","Strike_G","Survivor","Neutralize","Unload","Sucker Punch","Dagger Spray","Endless Agony","Doubt","Backstab","Burst","Escape Plan","Flying Knee"],"max_hp_per_floor":[70,70,70,70,70,70,65,65,65,65,65],"relics":["Ring of the Snake","Singing Bowl","Golden Idol","Lantern","Juzu Bracelet"],"card_choices":[{"not_picked":["Acrobatics","Reflex"],"picked":"Sucker Punch","floor":1},{"not_picked":["Masterful Stab","Crippling Poison"],"picked":"Dagger Spray","floor":2},{"not_picked":["Slice","Poisoned Stab"],"picked":"Endless Agony","floor":3},{"not_picked":["Riddle With Holes","Dagger Spray"],"picked":"Backstab","floor":5},{"not_picked":["PiercingWail","Poisoned Stab"],"picked":"Burst","floor":6},{"not_picked":["Concentrate","Flechettes"],"picked":"Escape Plan","floor":8},{"not_picked":["Quick Slash","Choke"],"picked":"Flying Knee","floor":10}],"player_experience":619264,"potions_floor_usage":[10,10],"damage_taken":[{"damage":0,"enemies":"Jaw Worm","floor":1,"turns":4},{"damage":2,"enemies":"Small Slimes","floor":2,"turns":5},{"damage":0,"enemies":"2 Louse","floor":3,"turns":2},{"damage":18,"enemies":"Exordium Thugs","floor":5,"turns":5},{"damage":7,"enemies":"3 Sentries","floor":6,"turns":7},{"damage":4,"enemies":"Blue Slaver","floor":8,"turns":4},{"damage":40,"enemies":"Lagavulin","floor":10,"turns":7},{"damage":13,"enemies":"Large Slime","floor":11,"turns":1}],"relics_obtained":[{"floor":6,"key":"Singing Bowl"},{"floor":9,"key":"Lantern"},{"floor":10,"key":"Juzu Bracelet"}],"event_choices":[{"event_name":"Liars Game","player_choice":"agreed","floor":4,"damage_taken":0},{"event_name":"Golden Idol","player_choice":"Lose Max HP","floor":7,"damage_taken":0}],"boss_relics":[],"items_purged_floors":[],"potions_floor_spawned":[3,5,6,8],"seed_played":"-4045100257685199729","killed_by":"Large Slime","ascension_level":6,"potions_obtained":[{"floor":3,"key":"FairyPotion"},{"floor":5,"key":"SpeedPotion"},{"floor":6,"key":"Fire Potion"}],"is_trial":false}