{"gold_per_floor":[111,127,127,205,217,247,247,279,279,306,306,337,337,337,337,337],"floor_reached":16,"playtime":453,"items_purged":[],"score":195,"play_id":"d1a6ba49-b270-4a6e-a29a-c30d13f9d936","local_time":"20181026200041","is_ascension_mode":true,"campfire_choices":[{"data":"Flex","floor":7,"key":"SMITH"},{"floor":15,"key":"REST"}],"neow_cost":"TEN_PERCENT_HP_LOSS","seed_source_timestamp":69090055253763,"circlet_count":0,"master_deck":["Strike_R+1","Strike_R","Strike_R+1","Strike_R","Defend_R","Defend_R+1","Defend_R","Defend_R","Bash","AscendersBane","Flex+1","Iron Wave","Twin Strike","Offering","Rage","Infernal Blade","Feed+1","Parasite"],"relics":["Burning Blood","Ice Cream","Tiny Chest","Dodecahedron","Bag of Preparation","Orichalcum","Calipers","Whetstone"],"potions_floor_usage":[8,10,10],"damage_taken":[{"damage":12,"enemies":"Cultist","floor":1,"turns":6},{"damage":0,"enemies":"2 Louse","floor":2,"turns":3},{"damage":2,"enemies":"Jaw Worm","floor":5,"turns":3},{"damage":34,"enemies":"Gremlin Nob","floor":6,"turns":4},{"damage":21,"enemies":"Lagavulin","floor":8,"turns":5},{"damage":12,"enemies":"3 Sentries","floor":10,"turns":4},{"damage":13,"enemies":"Lagavulin","floor":12,"turns":6},{"damage":51,"enemies":"Hexaghost","floor":16,"turns":9}],"seed_played":"-8924331718755117324","potions_obtained":[{"floor":2,"key":"LiquidBronze"},{"floor":6,"key":"BloodPotion"},{"floor":8,"key":"SkillPotion"},{"floor":12,"key":"Weak Potion"}],"is_trial":false,"path_per_floor":["M","M","?","T","M","E","R","E","T","E","?","E","?","?","R"],"character_chosen":"IRONCLAD","items_purchased":[],"campfire_rested":1,"item_purchase_floors":[],"current_hp_per_floor":[66,72,72,72,72,44,44,36,36,30,30,23,9,27,48,0],"gold":337,"neow_bonus":"ONE_RARE_RELIC","is_prod":false,"is_daily":false,"chose_seed":false,"campfire_upgraded":1,"win_rate":0,"timestamp":1540576841,"path_taken":["M","?","?","?","?","E","R","E","T","E","?","E","?","?","R","BOSS"],"build_version":"2018-10-25v2","purchased_purges":0,"victory":false,"max_hp_per_floor":[72,72,72,72,72,72,72,72,72,72,72,72,72,72,72,72],"card_choices":[{"not_picked":["Shrug It Off","Cleave"],"picked":"Flex","floor":1},{"not_picked":["Sword Boomerang","Heavy Blade"],"picked":"Iron Wave","floor":2},{"not_picked":["Feel No Pain","Perfected Strike"],"picked":"Twin Strike","floor":5},{"not_picked":["Wild Strike","Pummel"],"picked":"Offering","floor":6},{"not_picked":["Iron Wave","Clash"],"picked":"Rage","floor":8},{"not_picked":["Heavy Blade","Dropkick"],"picked":"Infernal Blade","floor":10},{"not_picked":["Clash","Cleave"],"picked":"Feed","floor":12}],"player_experience":1112767,"relics_obtained":[{"floor":4,"key":"Tiny Chest"},{"floor":6,"key":"Dodecahedron"},{"floor":8,"key":"Bag of Preparation"},{"floor":9,"key":"Orichalcum"},{"floor":10,"key":"Calipers"},{"floor":12,"key":"Whetstone"}],"event_choices":[{"damage_healed":0,"gold_gain":0,"player_choice":"Leave","damage_taken":0,"max_hp_gain":0,"max_hp_loss":0,"event_name":"The Cleric","floor":3,"gold_loss":0},{"cards_removed":["Strike_R"],"damage_healed":0,"gold_gain":0,"player_choice":"Purged","damage_taken":0,"max_hp_gain":0,"max_hp_loss":0,"event_name":"Purifier","floor":11,"gold_loss":0},{"damage_healed":0,"gold_gain":0,"player_choice":"Entered Light","damage_taken":14,"max_hp_gain":0,"max_hp_loss":0,"event_name":"Shining Light","floor":13,"gold_loss":0,"cards_upgraded":["Feed","Defend_R"]},{"damage_healed":18,"gold_gain":0,"player_choice":"Healed and dodged fight","damage_taken":0,"max_hp_gain":0,"max_hp_loss":0,"event_name":"Mushrooms","floor":14,"gold_loss":0,"cards_obtained":["Parasite"]}],"is_beta":false,"boss_relics":[],"items_purged_floors":[],"is_endless":false,"potions_floor_spawned":[2,6,8,12],"killed_by":"Hexaghost","ascension_level":11}