{"path_per_floor":["M","?","?","?","M","E","M","E","T","R","E","M","E","M","R","B",null,"M","M","$","M","?","R","M","R","T","?","R","?","M","M","R"],"character_chosen":"IRONCLAD","items_purchased":["Battle Trance","Regal Pillow"],"gold_per_floor":[115,115,115,115,127,160,176,207,231,231,264,283,313,325,325,420,450,463,476,212,231,156,156,174,174,174,174,174,124,140,151,151,151],"floor_reached":33,"campfire_rested":1,"playtime":1186,"item_purchase_floors":[20,20],"current_hp_per_floor":[80,80,80,64,70,76,79,80,80,80,53,61,59,55,55,18,70,66,59,59,54,54,54,37,77,77,77,77,77,72,65,65,0],"items_purged":["Regret"],"gold":151,"score":378,"play_id":"d2acb70e-fa5d-4c35-b19c-bcb58b50f00d","local_time":"20180525102909","is_prod":false,"is_daily":false,"chose_seed":false,"is_ascension_mode":true,"campfire_upgraded":5,"win_rate":0,"timestamp":1527236949,"campfire_choices":[{"data":"Whirlwind","floor":10,"key":"SMITH"},{"data":"Rupture","floor":15,"key":"SMITH"},{"data":"Flame Barrier","floor":23,"key":"SMITH"},{"floor":25,"key":"REST"},{"data":"Shrug It Off","floor":28,"key":"SMITH"},{"data":"Armaments","floor":32,"key":"SMITH"}],"path_taken":["M","?","?","?","M","E","M","E","T","R","E","M","E","M","R","BOSS","M","M","$","M","?","R","M","R","T","?","R","?","M","M","R","BOSS"],"build_version":"2018-05-24","seed_source_timestamp":86577909409799,"purchased_purges":1,"victory":false,"master_deck":["Strike_R","Strike_R+1","Strike_R","Strike_R","Defend_R","Defend_R+1","Defend_R","Defend_R","Bash+1","Clash","Dropkick","Brutality","Whirlwind+1","Hemokinesis","Shrug It Off+1","Dropkick","Warcry+1","Rupture+1","Offering","Armaments+1","Flame Barrier+1","Heavy Blade","Battle Trance","Uppercut","Perfected Strike+1","Offering","Evolve+1"],"max_hp_per_floor":[80,80,80,80,80,80,80,80,80,80,80,80,80,80,80,80,85,85,85,85,85,85,85,85,85,85,85,85,85,85,85,85,85],"relics":["NeowsBlessing","Pen Nib","Bronze Scales","Mummified Hand","Blood Vial","Bag of Marbles","Anchor","Tiny House","Regal Pillow","Bottled Tornado","Nloth\u0027s Gift"],"card_choices":[{"not_picked":["Intimidate","Evolve"],"picked":"Clash","floor":1},{"not_picked":["Uppercut","Twin Strike"],"picked":"Dropkick","floor":5},{"not_picked":["Clothesline","Anger"],"picked":"Brutality","floor":6},{"not_picked":["Blood for Blood","Anger"],"picked":"Whirlwind","floor":7},{"not_picked":["Wild Strike","Sever Soul"],"picked":"Hemokinesis","floor":8},{"not_picked":["Clothesline","Anger"],"picked":"Shrug It Off","floor":11},{"not_picked":["True Grit","Sword Boomerang"],"picked":"Dropkick","floor":12},{"not_picked":["Body Slam","Wild Strike"],"picked":"Warcry","floor":13},{"not_picked":["Second Wind","Combust"],"picked":"Rupture","floor":14},{"not_picked":["Demon Form","Fiend Fire"],"picked":"Offering","floor":16},{"not_picked":["Fire Breathing","Clash"],"picked":"Armaments","floor":17},{"not_picked":["Clothesline","Rage"],"picked":"Flame Barrier","floor":18},{"not_picked":["Thunderclap","Pommel Strike"],"picked":"Heavy Blade","floor":19},{"not_picked":["Corruption","Cleave"],"picked":"Uppercut","floor":21},{"not_picked":["Shrug It Off","Headbutt"],"picked":"Perfected Strike+1","floor":24},{"not_picked":["Flex","Rupture+1"],"picked":"Offering","floor":30},{"not_picked":["Headbutt","Infernal Blade"],"picked":"Evolve+1","floor":31}],"player_experience":511350,"potions_floor_usage":[8,16,16,33],"damage_taken":[{"damage":0,"enemies":"2 Louse","floor":1,"turns":1},{"damage":0,"enemies":"Cultist","floor":5,"turns":1},{"damage":0,"enemies":"Lagavulin","floor":6,"turns":1},{"damage":3,"enemies":"Small Slimes","floor":7,"turns":3},{"damage":5,"enemies":"3 Sentries","floor":8,"turns":2},{"damage":33,"enemies":"Lagavulin","floor":11,"turns":4},{"damage":0,"enemies":"Exordium Wildlife","floor":12,"turns":1},{"damage":10,"enemies":"3 Sentries","floor":13,"turns":4},{"damage":12,"enemies":"Large Slime","floor":14,"turns":5},{"damage":45,"enemies":"The Guardian","floor":16,"turns":10},{"damage":12,"enemies":"3 Byrds","floor":18,"turns":4},{"damage":15,"enemies":"Chosen","floor":19,"turns":4},{"damage":13,"enemies":"Snake Plant","floor":21,"turns":2},{"damage":25,"enemies":"Slaver and Parasite","floor":24,"turns":3},{"damage":7,"enemies":"Snecko","floor":30,"turns":3},{"damage":9,"enemies":"Chosen and Byrds","floor":31,"turns":4},{"damage":76,"enemies":"Champ","floor":33,"turns":6}],"relics_obtained":[{"floor":6,"key":"Bronze Scales"},{"floor":8,"key":"Mummified Hand"},{"floor":9,"key":"Blood Vial"},{"floor":11,"key":"Bag of Marbles"},{"floor":13,"key":"Anchor"},{"floor":26,"key":"Bottled Tornado"}],"event_choices":[{"event_name":"Upgrade Shrine","player_choice":"Upgraded","floor":2,"damage_taken":0},{"event_name":"Big Fish","player_choice":"Box","floor":3,"damage_taken":0},{"event_name":"Shining Light","player_choice":"Entered Light","floor":4,"damage_taken":0},{"event_name":"Beggar","player_choice":"Gave Gold","floor":22,"damage_taken":0},{"event_name":"N\u0027loth","player_choice":"Traded a Burning Blood","floor":27,"damage_taken":0},{"event_name":"The Joust","player_choice":"Bet on Murderer","floor":29,"damage_taken":0}],"boss_relics":[{"not_picked":["Astrolabe","Cursed Key"],"picked":"Tiny House"}],"items_purged_floors":[20],"potions_floor_spawned":[1,5,8,12,13,18,24,30],"seed_played":"-1792222079887015233","killed_by":"Champ","ascension_level":5,"potions_obtained":[{"floor":1,"key":"LiquidBronze"},{"floor":5,"key":"Explosive Potion"},{"floor":8,"key":"Swift Potion"},{"floor":12,"key":"SneckoOil"},{"floor":13,"key":"Swift Potion"},{"floor":17,"key":"FearPotion"},{"floor":18,"key":"PowerPotion"}],"is_trial":false}