{"gold_per_floor":[113,123,123,48,61,61,86,97,97,108,120,147,11,24,24,129,129,142,57,457,470,267,267,117,145,145,175,185,204,230,242,242,344,344,362,412,422,422,522,522,557,202,202,214,119,119,119,135,135,135],"floor_reached":51,"playtime":5292,"items_purged":["Strike_R","Defend_R","Defend_R","Defend_R"],"score":1262,"play_id":"2db292a4-65d6-480e-bbac-82956f7bcb2c","local_time":"20190124203304","is_ascension_mode":true,"campfire_choices":[{"data":"Iron Wave","floor":6,"key":"SMITH"},{"data":"Rage","floor":15,"key":"SMITH"},{"floor":23,"key":"REST"},{"data":"Rage","floor":32,"key":"SMITH"},{"data":"Burning Pact","floor":40,"key":"SMITH"},{"data":"Dropkick","floor":46,"key":"SMITH"},{"data":"Rampage","floor":49,"key":"SMITH"}],"neow_cost":"PERCENT_DAMAGE","seed_source_timestamp":13043094086188460,"circlet_count":0,"master_deck":["AscendersBane","Strike_R","Strike_R","Strike_R","Bash","Iron Wave+1","Rampage+1","Shrug It Off","Dropkick+1","Burning Pact+1","Rage+1","Fire Breathing+1","Rage+1","Feed","Metallicize+1","Juggernaut+1","Dark Shackles","Panacea"],"relics":["Burning Blood","Bag of Preparation","Frozen Egg 2","Pen Nib","Busted Crown","Magic Flower","Old Coin","Ornamental Fan","Mummified Hand","Pear","Art of War","Dream Catcher","Runic Pyramid","Nunchaku","Ice Cream","Oddly Smooth Stone","Lantern","Blue Candle"],"potions_floor_usage":[16,20,20,33,33,39,50],"damage_taken":[{"damage":0,"enemies":"Small Slimes","floor":1,"turns":3},{"damage":5,"enemies":"Cultist","floor":2,"turns":4},{"damage":0,"enemies":"Jaw Worm","floor":5,"turns":3},{"damage":31,"enemies":"3 Sentries","floor":7,"turns":10},{"damage":0,"enemies":"2 Fungi Beasts","floor":8,"turns":3},{"damage":9,"enemies":"Exordium Wildlife","floor":10,"turns":7},{"damage":13,"enemies":"Blue Slaver","floor":11,"turns":3},{"damage":0,"enemies":"3 Louse","floor":14,"turns":4},{"damage":47,"enemies":"Slime Boss","floor":16,"turns":12},{"damage":26,"enemies":"3 Byrds","floor":18,"turns":5},{"damage":7,"enemies":"Colosseum Slavers","floor":20,"turns":3},{"damage":22,"enemies":"Colosseum Nobs","floor":20,"turns":5},{"damage":8,"enemies":"Chosen","floor":21,"turns":4},{"damage":3,"enemies":"Gremlin Leader","floor":25,"turns":11},{"damage":27,"enemies":"Book of Stabbing","floor":27,"turns":6},{"damage":16,"enemies":"Snake Plant","floor":28,"turns":5},{"damage":1,"enemies":"Centurion and Healer","floor":29,"turns":4},{"damage":7,"enemies":"Snecko","floor":31,"turns":4},{"damage":43,"enemies":"Automaton","floor":33,"turns":11},{"damage":12,"enemies":"3 Darklings","floor":35,"turns":7},{"damage":42,"enemies":"2 Orb Walkers","floor":36,"turns":6},{"damage":0,"enemies":"Orb Walker","floor":37,"turns":4},{"damage":6,"enemies":"Mind Bloom Boss Battle","floor":39,"turns":6},{"damage":0,"enemies":"Reptomancer","floor":41,"turns":8},{"damage":0,"enemies":"Writhing Mass","floor":44,"turns":4},{"damage":0,"enemies":"Transient","floor":48,"turns":5},{"damage":0,"enemies":"Awakened One","floor":50,"turns":9}],"seed_played":"-1668972638143431309","potions_obtained":[{"floor":7,"key":"BloodPotion"},{"floor":10,"key":"Energy Potion"},{"floor":16,"key":"SteroidPotion"},{"floor":27,"key":"SkillPotion"},{"floor":29,"key":"EssenceOfSteel"},{"floor":36,"key":"SkillPotion"},{"floor":37,"key":"SteroidPotion"},{"floor":48,"key":"Explosive Potion"}],"is_trial":false,"path_per_floor":["M","M","?","$","M","R","E","M","T","M","M","T","$","M","R","B",null,"M","?","?","M","$","R","$","E","T","E","M","M","T","M","R","B",null,"M","?","M","?","?","R","E","$","T","M","$","R","?","M","R","B",null],"character_chosen":"IRONCLAD","items_purchased":["Fire Breathing+1","Metallicize+1","Juggernaut+1","Lantern","AttackPotion","Dark Shackles"],"campfire_rested":1,"item_purchase_floors":[13,22,42,42,42,45],"current_hp_per_floor":[57,58,58,58,64,64,39,45,45,42,35,35,35,41,41,8,62,42,42,36,42,42,67,67,73,83,65,63,76,76,83,83,54,95,92,59,73,73,81,81,90,90,90,99,99,99,99,108,108,117],"gold":135,"neow_bonus":"REMOVE_TWO","is_prod":false,"is_daily":false,"chose_seed":false,"campfire_upgraded":6,"win_rate":0,"timestamp":1548358384,"path_taken":["M","M","?","$","?","R","E","M","T","M","M","?","$","?","R","BOSS","M","?","?","M","$","R","?","E","T","E","M","M","?","M","R","BOSS","M","?","M","?","?","R","E","$","T","M","$","R","?","M","R","BOSS"],"build_version":"2019-01-23","purchased_purges":4,"victory":true,"max_hp_per_floor":[80,80,80,80,80,80,80,80,80,80,80,80,80,80,80,80,80,80,80,83,86,86,86,86,86,96,96,99,102,102,105,105,108,108,108,108,111,111,114,114,114,114,114,114,114,114,114,114,114,117],"card_choices":[{"not_picked":["Body Slam","Rupture"],"picked":"Iron Wave","floor":1},{"not_picked":["Heavy Blade","Disarm"],"picked":"Rampage","floor":2},{"not_picked":["Reckless Charge","Clothesline","Limit Break"],"picked":"SKIP","floor":5},{"not_picked":["Armaments","Flex"],"picked":"Shrug It Off","floor":7},{"not_picked":["Heavy Blade","Flex"],"picked":"Dropkick","floor":8},{"not_picked":["Sword Boomerang","Entrench"],"picked":"Burning Pact","floor":10},{"not_picked":["Rampage","Feel No Pain+1"],"picked":"Rage","floor":11},{"not_picked":["Perfected Strike","Sever Soul"],"picked":"Rage","floor":14},{"not_picked":["Exhume","Reaper"],"picked":"Feed","floor":16},{"not_picked":["Perfected Strike"],"picked":"SKIP","floor":18},{"not_picked":["Headbutt"],"picked":"SKIP","floor":21},{"not_picked":["Reckless Charge"],"picked":"SKIP","floor":25},{"not_picked":["Ghostly Armor"],"picked":"SKIP","floor":27},{"not_picked":["True Grit"],"picked":"SKIP","floor":28},{"not_picked":["Pommel Strike"],"picked":"SKIP","floor":29},{"not_picked":["Body Slam"],"picked":"SKIP","floor":31},{"not_picked":["Wild Strike"],"picked":"SKIP","floor":35},{"not_picked":["Headbutt"],"picked":"SKIP","floor":37},{"not_picked":["Cleave"],"picked":"SKIP","floor":41},{"not_picked":["Iron Wave"],"picked":"SKIP","floor":44},{"not_picked":["Clothesline"],"picked":"SKIP","floor":48}],"player_experience":311023,"relics_obtained":[{"floor":7,"key":"Bag of Preparation"},{"floor":9,"key":"Frozen Egg 2"},{"floor":12,"key":"Pen Nib"},{"floor":20,"key":"Old Coin"},{"floor":20,"key":"Ornamental Fan"},{"floor":25,"key":"Mummified Hand"},{"floor":26,"key":"Pear"},{"floor":27,"key":"Art of War"},{"floor":30,"key":"Dream Catcher"},{"floor":36,"key":"Nunchaku"},{"floor":39,"key":"Ice Cream"},{"floor":41,"key":"Oddly Smooth Stone"},{"floor":43,"key":"Blue Candle"}],"event_choices":[{"damage_healed":0,"gold_gain":0,"player_choice":"Bought 0 Potions","damage_taken":0,"max_hp_gain":0,"max_hp_loss":0,"event_name":"The Woman in Blue","floor":3,"gold_loss":0},{"damage_healed":0,"gold_gain":0,"player_choice":"Obtained Relic","damage_taken":0,"relics_obtained":["Magic Flower"],"max_hp_gain":0,"max_hp_loss":0,"event_name":"Addict","floor":19,"gold_loss":85},{"damage_healed":0,"gold_gain":0,"player_choice":"Fight","damage_taken":0,"max_hp_gain":0,"max_hp_loss":0,"event_name":"Colosseum","floor":20,"gold_loss":0},{"damage_healed":0,"gold_gain":0,"player_choice":"Fought Nobs","damage_taken":0,"max_hp_gain":0,"max_hp_loss":0,"event_name":"Colosseum","floor":20,"gold_loss":0},{"damage_healed":0,"gold_gain":0,"player_choice":"Fight","damage_taken":0,"max_hp_gain":0,"max_hp_loss":0,"event_name":"Mysterious Sphere","floor":36,"gold_loss":0},{"damage_healed":0,"gold_gain":0,"player_choice":"Ignored","damage_taken":0,"max_hp_gain":0,"max_hp_loss":0,"event_name":"Tomb of Lord Red Mask","floor":38,"gold_loss":0},{"damage_healed":0,"gold_gain":0,"player_choice":"Fight","damage_taken":0,"max_hp_gain":0,"max_hp_loss":0,"event_name":"MindBloom","floor":39,"gold_loss":0},{"damage_healed":0,"gold_gain":0,"player_choice":"1 cards matched","damage_taken":0,"max_hp_gain":0,"max_hp_loss":0,"event_name":"Match and Keep!","floor":47,"gold_loss":0,"cards_obtained":["Panacea"]}],"is_beta":false,"boss_relics":[{"not_picked":["Black Star","Philosopher\u0027s Stone"],"picked":"Busted Crown"},{"not_picked":["Lizard Tail","Pandora\u0027s Box"],"picked":"Runic Pyramid"}],"items_purged_floors":[4,13,22,24],"is_endless":false,"potions_floor_spawned":[7,10,11,16,20,27,29,31,36,37,44,48],"ascension_level":12}