{"gold_per_floor":[215,215,231,247,247,275,275,304,304,304,324,339,339,265,265,265],"floor_reached":16,"playtime":506,"items_purged":[],"score":165,"play_id":"667c4495-4a77-4492-be22-2bfd94c787c3","local_time":"20181023102704","is_ascension_mode":true,"campfire_choices":[{"data":"Footwork","floor":7,"key":"SMITH"},{"floor":10,"key":"REST"},{"data":"Deadly Poison","floor":13,"key":"SMITH"},{"data":"Poisoned Stab","floor":15,"key":"SMITH"}],"neow_cost":"NONE","seed_source_timestamp":1058892636998101,"circlet_count":0,"master_deck":["Defend_G","Defend_G","Defend_G","Defend_G","Defend_G","Strike_G","Strike_G","Strike_G","Strike_G","Survivor","Neutralize","AscendersBane","Deadly Poison+1","Bane","Footwork+1","Poisoned Stab+1","Distraction","Bane","Deadly Poison"],"relics":["Ring of the Snake","Bronze Scales","Kunai","Snake Skull","Matryoshka"],"potions_floor_usage":[6,6],"damage_taken":[{"damage":0,"enemies":"2 Louse","floor":1,"turns":5},{"damage":2,"enemies":"Cultist","floor":3,"turns":4},{"damage":0,"enemies":"Jaw Worm","floor":4,"turns":4},{"damage":6,"enemies":"3 Sentries","floor":6,"turns":10},{"damage":13,"enemies":"Lagavulin","floor":8,"turns":7},{"damage":1,"enemies":"Blue Slaver","floor":11,"turns":3},{"damage":12,"enemies":"Gremlin Gang","floor":12,"turns":4},{"damage":36,"enemies":"Slime Boss","floor":16,"turns":8}],"seed_played":"-3049666137705499966","potions_obtained":[{"floor":3,"key":"Poison Potion"},{"floor":4,"key":"LiquidBronze"},{"floor":12,"key":"Ancient Potion"}],"is_trial":false,"path_per_floor":["M","?","M","M","?","E","R","E","T","R","M","M","R","$","R"],"character_chosen":"THE_SILENT","items_purchased":["GhostInAJar"],"campfire_rested":1,"item_purchase_floors":[14],"current_hp_per_floor":[63,63,61,61,54,48,48,35,35,56,55,43,43,43,43,7],"gold":265,"neow_bonus":"HUNDRED_GOLD","is_prod":false,"is_daily":false,"chose_seed":false,"campfire_upgraded":3,"win_rate":0,"timestamp":1540283224,"path_taken":["M","?","M","?","?","E","R","E","T","R","?","M","R","?","R","BOSS"],"build_version":"2018-10-18","purchased_purges":0,"victory":false,"max_hp_per_floor":[70,70,70,70,70,70,70,70,70,70,70,70,70,70,70,70],"card_choices":[{"not_picked":["Finisher","Bane"],"picked":"Deadly Poison","floor":1},{"not_picked":["PiercingWail","Underhanded Strike"],"picked":"Bane","floor":3},{"not_picked":["Cloak And Dagger","Quick Slash"],"picked":"Footwork","floor":4},{"not_picked":["PiercingWail","Prepared"],"picked":"Poisoned Stab","floor":6},{"not_picked":["Acrobatics","Envenom"],"picked":"Distraction","floor":8},{"not_picked":["Calculated Gamble","Blade Dance"],"picked":"Bane","floor":11},{"not_picked":["Blade Dance","Dodge and Roll"],"picked":"Deadly Poison","floor":12}],"player_experience":1102536,"relics_obtained":[{"floor":6,"key":"Kunai"},{"floor":8,"key":"Snake Skull"},{"floor":9,"key":"Matryoshka"}],"event_choices":[{"cards_removed":["Strike_G"],"damage_healed":0,"gold_gain":0,"player_choice":"Offered Basic","damage_taken":0,"max_hp_gain":0,"max_hp_loss":0,"event_name":"Bonfire Elementals","floor":2,"gold_loss":0},{"damage_healed":0,"gold_gain":0,"player_choice":"Success","damage_taken":7,"relics_obtained":["Bronze Scales"],"max_hp_gain":0,"max_hp_loss":0,"event_name":"Scrap Ooze","floor":5,"gold_loss":0}],"is_beta":false,"boss_relics":[],"items_purged_floors":[],"is_endless":false,"potions_floor_spawned":[3,4,12],"killed_by":"Slime Boss","ascension_level":10}