{"gold_per_floor":[12,32,32,45,220,220,220,220,245,245,245,268,268,304,304,427,427,443,443,443,456,456],"floor_reached":22,"playtime":568,"items_purged":[],"score":273,"play_id":"ab9f81ca-254b-4853-8a01-13f4287f5b38","local_time":"20181104142424","is_ascension_mode":true,"campfire_choices":[{"data":"Adrenaline","floor":6,"key":"SMITH"},{"data":"Riddle With Holes","floor":8,"key":"SMITH"},{"data":"Sucker Punch","floor":11,"key":"SMITH"},{"floor":15,"key":"REST"}],"neow_cost":"NO_GOLD","seed_source_timestamp":829982259525970,"circlet_count":0,"master_deck":["AscendersBane","Defend_G","Defend_G","Defend_G+1","Defend_G+1","Defend_G","Strike_G","Strike_G","Strike_G","Strike_G+1","Survivor","Neutralize+1","Adrenaline+1","Riddle With Holes+1","Sucker Punch+1","Quick Slash","Flying Knee","Unload","Die Die Die","Parasite","Decay","Footwork","Flying Knee+1"],"special_seed":0,"relics":["Ring of the Snake","Golden Idol","War Paint","Oddly Smooth Stone","Calling Bell","Bag of Marbles","Molten Egg 2","Nunchaku","Bottled Tornado"],"potions_floor_usage":[4,14,14],"damage_taken":[{"damage":2.0,"enemies":"Jaw Worm","floor":1.0,"turns":5.0},{"damage":1.0,"enemies":"Small Slimes","floor":2.0,"turns":3.0},{"damage":0,"enemies":"2 Louse","floor":4,"turns":1},{"damage":3,"enemies":"Exordium Wildlife","floor":12,"turns":5},{"damage":6,"enemies":"Gremlin Nob","floor":14,"turns":3},{"damage":34,"enemies":"Hexaghost","floor":16,"turns":15},{"damage":13,"enemies":"3 Byrds","floor":18,"turns":5},{"damage":24,"enemies":"2 Thieves","floor":21,"turns":4},{"damage":0,"enemies":"Snake Plant","floor":22,"turns":1}],"seed_played":"-3903258480649348883","potions_obtained":[{"floor":1.0,"key":"Explosive Potion"},{"floor":2.0,"key":"PowerPotion"},{"floor":4,"key":"PowerPotion"},{"floor":21,"key":"FearPotion"}],"is_trial":false,"path_per_floor":["M","M","?","M","?","R","?","R","T","?","R","M","?","E","R","B",null,"M","T","?","M","M"],"character_chosen":"THE_SILENT","items_purchased":[],"campfire_rested":1,"item_purchase_floors":[],"current_hp_per_floor":[61,60,60,60,60,60,47,47,47,40,40,37,37,31,50,16,53,40,40,40,16,16],"gold":456,"neow_bonus":"THREE_RARE_CARDS","is_prod":false,"is_daily":false,"chose_seed":false,"campfire_upgraded":3,"win_rate":0,"timestamp":1541337864,"path_taken":["M","M","?","M","?","R","?","R","T","?","R","?","?","E","R","BOSS","M","?","?","?","M"],"build_version":"2018-11-01","purchased_purges":0,"victory":false,"max_hp_per_floor":[70,70,65,65,65,65,65,65,65,65,65,65,65,65,65,65,65,65,65,65,65,65],"card_choices":[{"not_picked":["Wraith Form v2","Bullet Time"],"picked":"Adrenaline","floor":0.0},{"not_picked":["Slice","Setup"],"picked":"Riddle With Holes","floor":1.0},{"not_picked":["Prepared","Bane"],"picked":"Sucker Punch","floor":2.0},{"not_picked":["Prepared","Slice"],"picked":"Quick Slash","floor":4},{"not_picked":["Caltrops","Catalyst"],"picked":"Flying Knee","floor":12},{"not_picked":["Bouncing Flask","Quick Slash"],"picked":"Unload","floor":14},{"not_picked":["Wraith Form v2","After Image"],"picked":"Die Die Die","floor":16},{"not_picked":["Prepared","Choke+1"],"picked":"Footwork","floor":18},{"not_picked":["Poisoned Stab+1","Underhanded Strike+1"],"picked":"Flying Knee+1","floor":21}],"player_experience":1121125,"relics_obtained":[{"floor":9,"key":"War Paint"},{"floor":14,"key":"Oddly Smooth Stone"},{"floor":17,"key":"Bag of Marbles"},{"floor":17,"key":"Molten Egg 2"},{"floor":17,"key":"Nunchaku"},{"floor":19,"key":"Bottled Tornado"}],"event_choices":[{"damage_healed":0.0,"max_hp_gain":0.0,"max_hp_loss":5.0,"gold_gain":0.0,"event_name":"Golden Idol","player_choice":"Lose Max HP","floor":3.0,"gold_loss":0.0,"damage_taken":0.0,"relics_obtained":["Golden Idol"]},{"damage_healed":0,"gold_gain":175,"player_choice":"AGREE","damage_taken":0,"max_hp_gain":0,"max_hp_loss":0,"event_name":"Liars Game","floor":5,"gold_loss":0,"cards_obtained":["Doubt"]},{"damage_healed":0,"gold_gain":0,"player_choice":"Entered Light","damage_taken":13,"max_hp_gain":0,"max_hp_loss":0,"event_name":"Shining Light","floor":7,"gold_loss":0,"cards_upgraded":["Strike_G","Neutralize"]},{"cards_removed":["Doubt"],"damage_healed":0,"gold_gain":0,"player_choice":"Card Removal","damage_taken":7,"max_hp_gain":0,"max_hp_loss":0,"event_name":"Golden Wing","floor":10,"gold_loss":0},{"cards_removed":["Strike_G"],"damage_healed":0,"gold_gain":0,"player_choice":"Purged","damage_taken":0,"max_hp_gain":0,"max_hp_loss":0,"event_name":"Purifier","floor":13,"gold_loss":0},{"cards_removed":["Pain"],"damage_healed":0,"gold_gain":0,"player_choice":"Purged","damage_taken":0,"max_hp_gain":0,"max_hp_loss":0,"event_name":"Purifier","floor":20,"gold_loss":0}],"is_beta":false,"boss_relics":[{"not_picked":["Runic Pyramid","Pandora\u0027s Box"],"picked":"Calling Bell"}],"items_purged_floors":[],"is_endless":false,"potions_floor_spawned":[1,2,4,21],"killed_by":"Snake Plant","ascension_level":10}