{"gold_per_floor":[109,122,141,161,436,436,488,488],"floor_reached":8,"playtime":306,"items_purged":[],"score":96,"play_id":"5874810c-5268-4ece-ac68-863700469d0f","local_time":"20181029000938","is_ascension_mode":true,"campfire_choices":[{"data":"Neutralize","floor":6,"key":"SMITH"}],"neow_cost":"NONE","seed_source_timestamp":657982986593152,"circlet_count":0,"master_deck":["Defend_G","Defend_G","Defend_G","Defend_G","Defend_G","Strike_G","Strike_G","Strike_G","Strike_G","Strike_G","Survivor","Neutralize+1","AscendersBane","Tools of the Trade","Slice","Terror","Tactician","Regret"],"relics":["Ring of the Snake","Smiling Mask"],"potions_floor_usage":[8,8],"damage_taken":[{"damage":6,"enemies":"Cultist","floor":1,"turns":5},{"damage":3,"enemies":"Jaw Worm","floor":2,"turns":4},{"damage":6,"enemies":"2 Louse","floor":3,"turns":4},{"damage":10,"enemies":"Exordium Wildlife","floor":4,"turns":6},{"damage":27,"enemies":"Gremlin Nob","floor":8,"turns":4}],"seed_played":"-4730325554687219902","potions_obtained":[{"floor":0,"key":"Fire Potion"},{"floor":0,"key":"LiquidBronze"}],"is_trial":false,"path_per_floor":["M","M","M","M","?","R","T"],"character_chosen":"THE_SILENT","items_purchased":[],"campfire_rested":0,"item_purchase_floors":[],"current_hp_per_floor":[53,50,44,34,34,34,34,7],"gold":488,"neow_bonus":"THREE_SMALL_POTIONS","is_prod":false,"is_daily":false,"chose_seed":false,"campfire_upgraded":1,"win_rate":0,"timestamp":1540786178,"path_taken":["M","?","M","M","?","R","?","?"],"build_version":"2018-10-25v2","purchased_purges":0,"victory":false,"max_hp_per_floor":[66,66,66,66,66,66,66,66],"card_choices":[{"not_picked":["Flying Knee","Blade Dance"],"picked":"Tools of the Trade","floor":1},{"not_picked":["Reflex","Concentrate"],"picked":"Slice","floor":2},{"not_picked":["Accuracy","Dodge and Roll"],"picked":"Terror","floor":3},{"not_picked":["Deadly Poison","Accuracy"],"picked":"Tactician","floor":4}],"player_experience":1098360,"relics_obtained":[{"floor":7,"key":"Smiling Mask"}],"event_choices":[{"damage_healed":0,"gold_gain":275,"player_choice":"Desecrate","damage_taken":0,"max_hp_gain":0,"max_hp_loss":0,"event_name":"Golden Shrine","floor":5,"gold_loss":0,"cards_obtained":["Regret"]},{"damage_healed":0,"gold_gain":0,"player_choice":"Searched \u00272\u0027 times","damage_taken":0,"max_hp_gain":0,"max_hp_loss":0,"event_name":"Dead Adventurer","floor":8,"gold_loss":0}],"is_beta":false,"boss_relics":[],"items_purged_floors":[],"is_endless":false,"potions_floor_spawned":[3],"killed_by":"Gremlin Nob","ascension_level":20}