{"path_per_floor":["M","M","M","M","M","E","$","M","T","M","R","E","M","?","R","B",null,"M","?","?","M","?","R","E","?","T","$"],"character_chosen":"IRONCLAD","items_purchased":["Metallicize","Good Instincts","Dexterity Potion","Fire Potion"],"gold_per_floor":[119,134,144,160,173,199,23,39,39,54,54,85,103,103,103,208,208,225,225,225,244,169,169,200,123,123,22,22],"floor_reached":28,"campfire_rested":2,"playtime":1098,"item_purchase_floors":[7,7,27,27],"current_hp_per_floor":[96,96,96,95,79,35,35,39,39,34,62,55,53,85,85,54,86,66,66,66,19,19,47,18,18,18,18,13],"items_purged":[],"gold":22,"score":338,"play_id":"a9e2e420-d161-4b77-8439-7aa8211cdcca","local_time":"20180525100035","is_prod":false,"is_daily":false,"chose_seed":false,"is_ascension_mode":true,"campfire_upgraded":1,"win_rate":0,"timestamp":1527235235,"campfire_choices":[{"floor":11,"key":"REST"},{"data":"Barricade","floor":15,"key":"SMITH"},{"floor":23,"key":"REST"}],"path_taken":["M","M","M","M","M","E","$","M","T","M","R","E","M","?","R","BOSS","M","?","?","M","?","R","E","?","T","$","M"],"build_version":"2018-05-24","seed_source_timestamp":84935769097035,"purchased_purges":0,"victory":false,"master_deck":["Strike_R+1","Strike_R+1","Strike_R+1","Strike_R+1","Strike_R+1","Defend_R+1","Defend_R+1","Defend_R+1","Defend_R+1","Bash","Clash","Armaments","Barricade+1","Clothesline","Cleave","Intimidate","Metallicize","Good Instincts","Perfected Strike","Warcry","Body Slam","Wild Strike","Demon Form","Inflame+1","Shockwave+1","Battle Trance","J.A.X."],"max_hp_per_floor":[96,96,96,96,96,96,96,96,96,96,96,96,96,96,96,96,96,96,96,96,96,96,96,96,96,96,96,96],"relics":["Burning Blood","Art of War","Omamori","Juzu Bracelet","Snecko Eye","Lantern","Pantograph"],"card_choices":[{"not_picked":["Havoc","Fire Breathing"],"picked":"Clash","floor":1.0},{"not_picked":["Heavy Blade","Warcry"],"picked":"Armaments","floor":2.0},{"not_picked":["Clothesline","Headbutt"],"picked":"Barricade","floor":3.0},{"not_picked":["Havoc","Twin Strike"],"picked":"Clothesline","floor":4.0},{"not_picked":["Havoc","Exhume"],"picked":"Cleave","floor":5.0},{"not_picked":["Reckless Charge","Anger"],"picked":"Intimidate","floor":6.0},{"not_picked":["Armaments","Infernal Blade"],"picked":"Perfected Strike","floor":8},{"not_picked":["Clothesline","Twin Strike"],"picked":"Warcry","floor":10},{"not_picked":["Dual Wield","Thunderclap"],"picked":"Body Slam","floor":12},{"not_picked":["Evolve","Shockwave"],"picked":"Wild Strike","floor":13},{"not_picked":["Fiend Fire","Dark Embrace"],"picked":"Demon Form","floor":16},{"not_picked":["Iron Wave","Shrug It Off"],"picked":"Inflame+1","floor":18},{"not_picked":["Headbutt","Sever Soul"],"picked":"Shockwave+1","floor":21},{"not_picked":["Thunderclap","Warcry"],"picked":"Battle Trance","floor":24}],"player_experience":509754,"potions_floor_usage":[12,16,18,28,28],"damage_taken":[{"damage":5.0,"enemies":"Jaw Worm","floor":1.0,"turns":6.0},{"damage":6.0,"enemies":"2 Louse","floor":2.0,"turns":4.0},{"damage":0.0,"enemies":"Small Slimes","floor":3.0,"turns":3.0},{"damage":7.0,"enemies":"Exordium Wildlife","floor":4.0,"turns":6.0},{"damage":22.0,"enemies":"3 Louse","floor":5.0,"turns":4.0},{"damage":50.0,"enemies":"Lagavulin","floor":6.0,"turns":7.0},{"damage":2,"enemies":"Blue Slaver","floor":8,"turns":7},{"damage":11,"enemies":"Looter","floor":10,"turns":3},{"damage":13,"enemies":"Gremlin Nob","floor":12,"turns":4},{"damage":8,"enemies":"Exordium Wildlife","floor":13,"turns":3},{"damage":37,"enemies":"Slime Boss","floor":16,"turns":12},{"damage":26,"enemies":"Shell Parasite","floor":18,"turns":5},{"damage":53,"enemies":"3 Byrds","floor":21,"turns":7},{"damage":35,"enemies":"Slavers","floor":24,"turns":5},{"damage":14,"enemies":"Centurion and Healer","floor":28,"turns":2}],"relics_obtained":[{"floor":6.0,"key":"Art of War"},{"floor":9,"key":"Omamori"},{"floor":12,"key":"Juzu Bracelet"},{"floor":24,"key":"Lantern"},{"floor":26,"key":"Pantograph"}],"event_choices":[{"event_name":"Big Fish","player_choice":"Banana","floor":14,"damage_taken":0},{"event_name":"Back to Basics","player_choice":"Simplicity","floor":19,"damage_taken":0},{"event_name":"Ghosts","player_choice":"Ignored","floor":20,"damage_taken":0},{"event_name":"Beggar","player_choice":"Gave Gold","floor":22,"damage_taken":0},{"event_name":"Drug Dealer","player_choice":"Got JAXXED","floor":25,"damage_taken":0}],"boss_relics":[{"not_picked":["Velvet Choker","Runic Pyramid"],"picked":"Snecko Eye"}],"items_purged_floors":[],"potions_floor_spawned":[1,2,10,13,16,24],"seed_played":"1880722024363968606","killed_by":"Centurion and Healer","ascension_level":5,"potions_obtained":[{"floor":1.0,"key":"EssenceOfSteel"},{"floor":2.0,"key":"Poison Potion"},{"floor":10,"key":"Weak Potion"},{"floor":13,"key":"AttackPotion"},{"floor":16,"key":"AttackPotion"},{"floor":24,"key":"BloodPotion"}],"is_trial":false}