{"gold_per_floor":[359,359,359,359,70,70,94,118,118,118,136,136,154,177,177,303,303,276,276,290,141,156,156,175,175,227,241,291,312,325,88,88,88],"floor_reached":33,"playtime":5190,"items_purged":[],"score":378,"play_id":"68036478-08f2-4c9a-b19c-3692d5f7ff10","local_time":"20190221015145","is_ascension_mode":true,"campfire_choices":[{"data":"Footwork","floor":6,"key":"SMITH"},{"data":"Neutralize","floor":12,"key":"SMITH"},{"floor":15,"key":"REST"},{"data":"Footwork","floor":23,"key":"SMITH"},{"data":"After Image","floor":25,"key":"SMITH"},{"data":"Dodge and Roll","floor":32,"key":"SMITH"}],"neow_cost":"TEN_PERCENT_HP_LOSS","seed_source_timestamp":502893109891300,"circlet_count":0,"master_deck":["Defend_G","Defend_G","Defend_G","Defend_G","Defend_G","Strike_G","Strike_G","Strike_G","Strike_G","Survivor","Neutralize+1","Dodge and Roll","Footwork+1","Dagger Spray","Footwork+1","Well Laid Plans","Dodge and Roll+1","Quick Slash","After Image+1","Deadly Poison+1","Prepared","Dodge and Roll+1","Backflip","Dash","Acrobatics","Dash"],"relics":["Ring of the Snake","The Specimen","Golden Idol","Darkstone Periapt","Dodecahedron","Coffee Dripper","Oddly Smooth Stone","Bronze Scales","Lee\u0027s Waffle"],"potions_floor_usage":[16,33],"damage_taken":[{"damage":6,"enemies":"Jaw Worm","floor":1,"turns":5},{"damage":0,"enemies":"Small Slimes","floor":7,"turns":6},{"damage":0,"enemies":"2 Louse","floor":8,"turns":3},{"damage":4,"enemies":"Exordium Thugs","floor":11,"turns":8},{"damage":0,"enemies":"2 Fungi Beasts","floor":13,"turns":5},{"damage":10,"enemies":"Lots of Slimes","floor":14,"turns":6},{"damage":0,"enemies":"The Guardian","floor":16,"turns":24},{"damage":10,"enemies":"2 Thieves","floor":18,"turns":5},{"damage":0,"enemies":"Spheric Guardian","floor":20,"turns":8},{"damage":0,"enemies":"Shelled Parasite and Fungi","floor":22,"turns":8},{"damage":7,"enemies":"Snecko","floor":24,"turns":8},{"damage":0,"enemies":"Centurion and Healer","floor":27,"turns":10},{"damage":6,"enemies":"Cultist and Chosen","floor":29,"turns":8},{"damage":5,"enemies":"Snake Plant","floor":30,"turns":5},{"damage":71,"enemies":"Champ","floor":33,"turns":19}],"seed_played":"-3249247295284528853","potions_obtained":[{"floor":1,"key":"Dexterity Potion"},{"floor":8,"key":"EssenceOfSteel"},{"floor":16,"key":"Block Potion"},{"floor":18,"key":"Explosive Potion"},{"floor":22,"key":"Fire Potion"}],"is_trial":false,"path_per_floor":["M","?","?","?","$","R","M","M","T","$","M","R","M","M","R","B",null,"M","?","M","$","M","R","M","R","T","M","?","M","M","$","R","B"],"character_chosen":"THE_SILENT","items_purchased":["Footwork","Darkstone Periapt","Oddly Smooth Stone","Lee\u0027s Waffle","Dash"],"campfire_rested":1,"item_purchase_floors":[5,5,21,31,31],"current_hp_per_floor":[57,50,50,50,50,50,50,50,50,50,46,46,46,36,53,53,57,47,47,47,47,47,47,40,40,40,40,40,34,29,65,65,0],"gold":88,"neow_bonus":"TWO_FIFTY_GOLD","is_prod":false,"is_daily":false,"chose_seed":false,"campfire_upgraded":5,"win_rate":0,"timestamp":1550731905,"path_taken":["M","?","?","?","$","R","M","M","T","$","M","R","?","M","R","BOSS","M","?","M","$","M","R","?","R","T","M","?","M","?","$","R","BOSS"],"build_version":"2019-01-23","purchased_purges":0,"victory":false,"max_hp_per_floor":[63,63,58,58,58,58,58,58,58,58,58,58,58,58,58,58,58,58,58,58,58,58,58,58,58,58,58,58,58,58,65,65,65],"card_choices":[{"not_picked":["Endless Agony","Deadly Poison"],"picked":"Dodge and Roll","floor":1},{"not_picked":["Choke","Deflect"],"picked":"Dagger Spray","floor":7},{"not_picked":["Dodge and Roll","Expertise"],"picked":"Footwork","floor":8},{"not_picked":["Backflip","Concentrate"],"picked":"Well Laid Plans","floor":11},{"not_picked":["PiercingWail","Prepared"],"picked":"Dodge and Roll","floor":13},{"not_picked":["Tactician","Deflect"],"picked":"Quick Slash","floor":14},{"not_picked":["Phantasmal Killer","Unload"],"picked":"After Image","floor":16},{"not_picked":["Bane","Dagger Spray"],"picked":"Deadly Poison+1","floor":18},{"not_picked":["Dodge and Roll","Distraction"],"picked":"Prepared","floor":20},{"not_picked":["Storm of Steel","All Out Attack","Dodge and Roll"],"picked":"SKIP","floor":22},{"not_picked":["Slice","PiercingWail"],"picked":"Dodge and Roll+1","floor":24},{"not_picked":["Expertise+1","Distraction+1"],"picked":"Backflip","floor":27},{"not_picked":["Backflip","Calculated Gamble"],"picked":"Dash","floor":29},{"not_picked":["Endless Agony","Backflip"],"picked":"Acrobatics","floor":30}],"player_experience":293610,"relics_obtained":[{"floor":9,"key":"Dodecahedron"},{"floor":26,"key":"Bronze Scales"}],"event_choices":[{"damage_healed":0,"gold_gain":0,"player_choice":"Success","damage_taken":7,"relics_obtained":["The Specimen"],"max_hp_gain":0,"max_hp_loss":0,"event_name":"Scrap Ooze","floor":2,"gold_loss":0},{"damage_healed":0,"gold_gain":0,"player_choice":"Lose Max HP","damage_taken":0,"relics_obtained":["Golden Idol"],"max_hp_gain":0,"max_hp_loss":5,"event_name":"Golden Idol","floor":3,"gold_loss":0},{"cards_removed":["Strike_G"],"damage_healed":0,"gold_gain":0,"player_choice":"Purged","damage_taken":0,"max_hp_gain":0,"max_hp_loss":0,"event_name":"Purifier","floor":4,"gold_loss":0},{"damage_healed":0,"gold_gain":0,"player_choice":"Bought 0 Potions","damage_taken":0,"max_hp_gain":0,"max_hp_loss":0,"event_name":"The Woman in Blue","floor":19,"gold_loss":0},{"damage_healed":0,"gold_gain":100,"player_choice":"Bet on Murderer","damage_taken":0,"max_hp_gain":0,"max_hp_loss":0,"event_name":"The Joust","floor":28,"gold_loss":50}],"is_beta":false,"boss_relics":[{"not_picked":["Black Star","Orrery"],"picked":"Coffee Dripper"}],"items_purged_floors":[],"is_endless":false,"potions_floor_spawned":[1,8,16,18,22,27],"killed_by":"Champ","ascension_level":6}