{"gold_per_floor":[116,163,177,177,177,177,207,226,226,226],"floor_reached":10,"playtime":1397,"items_purged":[],"score":137,"play_id":"6f7f8e45-8542-4a92-a173-dd78c5f6a627","local_time":"20181202123713","is_ascension_mode":true,"campfire_choices":[{"data":"Noxious Fumes","floor":6,"key":"SMITH"}],"neow_cost":"NONE","seed_source_timestamp":1263396311500852,"circlet_count":0,"master_deck":["AscendersBane","Defend_G","Defend_G","Defend_G","Defend_G","Defend_G","Strike_G","Strike_G","Strike_G","Strike_G","Strike_G","Survivor","Neutralize","Flying Knee","Noxious Fumes+1","Setup","Neutralize","Tools of the Trade","A Thousand Cuts"],"relics":["Ring of the Snake","NeowsBlessing","Snake Skull","Dream Catcher","Bag of Preparation","Mango"],"potions_floor_usage":[],"damage_taken":[{"damage":0,"enemies":"Cultist","floor":1,"turns":1},{"damage":0,"enemies":"2 Louse","floor":3,"turns":1},{"damage":0,"enemies":"Lagavulin","floor":7,"turns":2},{"damage":7,"enemies":"Jaw Worm","floor":8,"turns":4},{"damage":0,"enemies":"3 Louse","floor":10,"turns":1}],"seed_played":"3353041495473588923","potions_obtained":[{"floor":7,"key":"Regen Potion"},{"floor":8,"key":"LiquidBronze"}],"is_trial":false,"path_per_floor":["M","T","M","?","?","R","E","M","T","M"],"character_chosen":"THE_SILENT","items_purchased":[],"campfire_rested":0,"item_purchase_floors":[],"current_hp_per_floor":[63,63,63,45,45,45,45,38,52,52],"gold":226,"neow_bonus":"THREE_ENEMY_KILL","is_prod":false,"is_daily":false,"chose_seed":false,"campfire_upgraded":1,"win_rate":0,"timestamp":1543750633,"path_taken":["M","?","M","?","?","R","E","M","T","?"],"build_version":"2018-11-15","purchased_purges":0,"victory":false,"max_hp_per_floor":[70,70,70,70,70,70,70,70,84,84],"card_choices":[{"not_picked":["Concentrate","Masterful Stab"],"picked":"Flying Knee","floor":1},{"not_picked":["Dagger Spray","Dodge and Roll"],"picked":"Noxious Fumes","floor":3},{"not_picked":["Dagger Spray","Dagger Throw"],"picked":"A Thousand Cuts","floor":7},{"not_picked":["Dagger Throw","Acrobatics","Flechettes"],"picked":"SKIP","floor":8}],"player_experience":1529157,"relics_obtained":[{"floor":2,"key":"Snake Skull"},{"floor":7,"key":"Bag of Preparation"},{"floor":9,"key":"Mango"}],"event_choices":[{"damage_healed":0,"gold_gain":0,"player_choice":"Success","damage_taken":18,"relics_obtained":["Dream Catcher"],"max_hp_gain":0,"max_hp_loss":0,"event_name":"Scrap Ooze","floor":4,"gold_loss":0},{"damage_healed":0,"gold_gain":0,"player_choice":"3 cards matched","damage_taken":0,"max_hp_gain":0,"max_hp_loss":0,"event_name":"Match and Keep!","floor":5,"gold_loss":0,"cards_obtained":["Setup","Neutralize","Tools of the Trade"]}],"is_beta":false,"boss_relics":[],"items_purged_floors":[],"is_endless":false,"potions_floor_spawned":[7,8],"killed_by":"3 Louse","ascension_level":10}