{"path_per_floor":["M","?","M","$","?","E","M","?","T","E","R","M","M","M","R","B",null,"M","M","?","?","$","E","R","M","T","M","M","M","R","E","R"],"character_chosen":"THE_SILENT","items_purchased":["Infinite Blades","Strength Potion","Cloak And Dagger","Apotheosis","Unceasing Top","GhostInAJar"],"gold_per_floor":[109,109,126,41,216,248,266,266,266,295,295,309,319,331,331,431,431,444,463,713,713,69,101,101,112,112,125,143,154,154,179,179,179],"floor_reached":33,"campfire_rested":3,"playtime":1649,"item_purchase_floors":[4,4,22,22,22,22],"current_hp_per_floor":[63,63,63,63,63,63,61,61,61,50,50,50,50,50,50,12,56,47,47,47,31,31,27,48,48,48,47,42,41,62,62,77,76],"items_purged":["Regret"],"gold":179,"score":446,"play_id":"565ccd1a-3619-4e7b-9e39-ff5c3e09ba3c","local_time":"20180528194809","is_prod":false,"is_daily":false,"chose_seed":false,"is_ascension_mode":true,"campfire_upgraded":2,"win_rate":0,"timestamp":1527529689,"campfire_choices":[{"data":"Footwork","floor":11,"key":"SMITH"},{"data":"Terror","floor":15,"key":"SMITH"},{"floor":24,"key":"REST"},{"floor":30,"key":"REST"},{"floor":32,"key":"REST"}],"path_taken":["M","?","?","$","?","E","?","?","T","E","R","M","M","M","R","BOSS","M","?","?","?","$","E","R","M","T","M","?","M","R","E","R","BOSS"],"build_version":"2018-05-24","seed_source_timestamp":378866471475565,"purchased_purges":1,"victory":false,"master_deck":["Defend_G","Defend_G","Defend_G","Defend_G","Defend_G","Strike_G","Strike_G","Strike_G","Strike_G","Strike_G","Survivor","Neutralize","Dagger Throw","Dodge and Roll","Infinite Blades","Doubt","Escape Plan","Cloak And Dagger","Footwork+1","All Out Attack","Backstab","Terror+1","After Image","Skewer","Cloak And Dagger","Cloak And Dagger","Apotheosis","Cloak And Dagger+1","Deflect","Infinite Blades","Dagger Spray","Escape Plan"],"max_hp_per_floor":[70,70,70,70,70,70,70,70,70,70,70,70,70,70,70,70,70,70,70,70,70,70,70,70,70,70,70,70,70,70,77,77,77],"relics":["Ring of the Snake","NeowsBlessing","Dodecahedron","Bag of Marbles","Thread and Needle","Smiling Mask","Runic Pyramid","Enchiridion","Unceasing Top","Oddly Smooth Stone","Blue Candle","Strawberry"],"card_choices":[{"not_picked":["Masterful Stab","Outmaneuver"],"picked":"Dagger Throw","floor":1},{"not_picked":["Flechettes","Flying Knee"],"picked":"Dodge and Roll","floor":3},{"not_picked":["Poisoned Stab","Dash"],"picked":"Escape Plan","floor":6},{"not_picked":["Backflip","All Out Attack"],"picked":"Cloak And Dagger","floor":7},{"not_picked":["Accuracy","Dash"],"picked":"Footwork","floor":10},{"not_picked":["Quick Slash","Terror"],"picked":"All Out Attack","floor":12},{"not_picked":["Acrobatics","Underhanded Strike"],"picked":"Backstab","floor":13},{"not_picked":["Underhanded Strike","Acrobatics"],"picked":"Terror","floor":14},{"not_picked":["A Thousand Cuts","Wraith Form v2"],"picked":"After Image","floor":16},{"not_picked":["Eviscerate+1","Slice"],"picked":"Skewer","floor":18},{"not_picked":["Quick Slash+1","Acrobatics"],"picked":"Cloak And Dagger","floor":19},{"not_picked":["Flying Knee","Heel Hook"],"picked":"Cloak And Dagger+1","floor":23},{"not_picked":["Acrobatics","Masterful Stab"],"picked":"Deflect","floor":25},{"not_picked":["Tools of the Trade","Endless Agony"],"picked":"Infinite Blades","floor":27},{"not_picked":["Backflip","Bane"],"picked":"Dagger Spray","floor":28},{"not_picked":["Heel Hook+1","Underhanded Strike+1"],"picked":"Escape Plan","floor":29},{"not_picked":["Poisoned Stab","Underhanded Strike+1","Prepared"],"picked":"SKIP","floor":31}],"player_experience":526330,"potions_floor_usage":[10,10,12,19,23,23,33],"damage_taken":[{"damage":0,"enemies":"Small Slimes","floor":1,"turns":1},{"damage":0,"enemies":"2 Louse","floor":3,"turns":1},{"damage":0,"enemies":"3 Sentries","floor":6,"turns":1},{"damage":2,"enemies":"Jaw Worm","floor":7,"turns":4},{"damage":11,"enemies":"Lagavulin","floor":10,"turns":5},{"damage":0,"enemies":"Gremlin Gang","floor":12,"turns":1},{"damage":0,"enemies":"Blue Slaver","floor":13,"turns":4},{"damage":0,"enemies":"Exordium Thugs","floor":14,"turns":4},{"damage":38,"enemies":"Hexaghost","floor":16,"turns":13},{"damage":9,"enemies":"Spheric Guardian","floor":18,"turns":10},{"damage":0,"enemies":"Shell Parasite","floor":19,"turns":7},{"damage":4,"enemies":"Slavers","floor":23,"turns":7},{"damage":0,"enemies":"Centurion and Healer","floor":25,"turns":7},{"damage":1,"enemies":"Snecko","floor":27,"turns":5},{"damage":5,"enemies":"Snake Plant","floor":28,"turns":5},{"damage":1,"enemies":"Centurion and Healer","floor":29,"turns":8},{"damage":7,"enemies":"Book of Stabbing","floor":31,"turns":8},{"damage":1,"enemies":"Automaton","floor":33,"turns":12}],"relics_obtained":[{"floor":6,"key":"Bag of Marbles"},{"floor":9,"key":"Thread and Needle"},{"floor":10,"key":"Smiling Mask"},{"floor":21,"key":"Enchiridion"},{"floor":23,"key":"Oddly Smooth Stone"},{"floor":26,"key":"Blue Candle"},{"floor":31,"key":"Strawberry"}],"event_choices":[{"event_name":"Big Fish","player_choice":"Box","floor":2,"damage_taken":0},{"event_name":"Liars Game","player_choice":"agreed","floor":5,"damage_taken":0},{"event_name":"Purifier","player_choice":"One Purge","floor":8,"damage_taken":0},{"event_name":"Golden Shrine","player_choice":"Desecrate","floor":20,"damage_taken":0},{"event_name":"Cursed Tome","player_choice":"Obtained Book","floor":21,"damage_taken":0}],"boss_relics":[{"not_picked":["Pandora\u0027s Box","White Beast Statue"],"picked":"Runic Pyramid"}],"items_purged_floors":[22],"potions_floor_spawned":[1,6,12,13,19,28,29,31],"seed_played":"1928932868949079235","killed_by":"Automaton","ascension_level":6,"potions_obtained":[{"floor":1,"key":"Explosive Potion"},{"floor":6,"key":"Energy Potion"},{"floor":12,"key":"EssenceOfSteel"},{"floor":13,"key":"Energy Potion"},{"floor":19,"key":"Energy Potion"},{"floor":28,"key":"PowerPotion"},{"floor":29,"key":"Energy Potion"}],"is_trial":false}