{"gold_per_floor":[109,109,120,138,149,180,180,205,205,205,263,297,19,31,31,103,103,117,117,117,67,67,67,85,35,115,143,154,154,2,31,31,106,106,123,51,67,67,67,67,101,116,140,140,154,170,224,55,55,55,55,55,55,13,48,48],"floor_reached":57,"playtime":2201,"items_purged":["Strike_R","Strike_R","Strike_R","Strike_R","Strike_R","Anger"],"score":2932,"play_id":"20651cfd-d82e-4fb9-88b6-b73043468aa9","local_time":"20181215151410","is_ascension_mode":true,"campfire_choices":[{"data":"Whirlwind","floor":10.0,"key":"SMITH"},{"floor":15.0,"key":"REST"},{"floor":23.0,"key":"REST"},{"floor":29.0,"key":"REST"},{"data":"Double Tap","floor":32.0,"key":"SMITH"},{"floor":40.0,"key":"REST"},{"floor":44.0,"key":"RECALL"},{"floor":49.0,"key":"REST"},{"data":"Fiend Fire","floor":53,"key":"SMITH"}],"neow_cost":"NONE","seed_source_timestamp":489693555840596,"circlet_count":0,"master_deck":["AscendersBane","Defend_R","Defend_R","Defend_R","Defend_R","Bash+1","Clothesline","Fiend Fire+1","Whirlwind+1","Shrug It Off","Sword Boomerang","Iron Wave","Whirlwind","Disarm","Spot Weakness","Double Tap+1","Impervious","Havoc+1","Necronomicurse","Shrug It Off","Offering","Feed","Offering","Disarm","Demon Form","Battle Trance","Pommel Strike+1","Shrug It Off","Fiend Fire","Feel No Pain","Corruption","Fiend Fire"],"special_seed":0,"relics":["Burning Blood","Strawberry","Smiling Mask","Gambling Chip","Dead Branch","Membership Card","Runic Dome","Necronomicon","Paper Frog","Art of War","Ornamental Fan","Philosopher\u0027s Stone","Kunai","Torii","Boot","Bird Faced Urn","Regal Pillow","Bronze Scales"],"potions_floor_usage":[],"damage_taken":[{"damage":4.0,"enemies":"Small Slimes","floor":1.0,"turns":3.0},{"damage":0.0,"enemies":"Cultist","floor":3.0,"turns":2.0},{"damage":0.0,"enemies":"2 Louse","floor":4.0,"turns":2.0},{"damage":4.0,"enemies":"Looter","floor":5.0,"turns":3.0},{"damage":20.0,"enemies":"3 Sentries","floor":6.0,"turns":6.0},{"damage":39.0,"enemies":"Lagavulin","floor":8.0,"turns":7.0},{"damage":15.0,"enemies":"3 Sentries","floor":11.0,"turns":4.0},{"damage":20.0,"enemies":"3 Sentries","floor":12.0,"turns":3.0},{"damage":0.0,"enemies":"Large Slime","floor":14.0,"turns":3.0},{"damage":2.0,"enemies":"Hexaghost","floor":16.0,"turns":7.0},{"damage":20.0,"enemies":"Shell Parasite","floor":18.0,"turns":5.0},{"damage":17.0,"enemies":"Colosseum Slavers","floor":19.0,"turns":2.0},{"damage":0.0,"enemies":"3 Byrds","floor":24.0,"turns":1.0},{"damage":44.0,"enemies":"Book of Stabbing","floor":27.0,"turns":4.0},{"damage":6.0,"enemies":"Shelled Parasite and Fungi","floor":28.0,"turns":1.0},{"damage":6.0,"enemies":"Gremlin Leader","floor":31.0,"turns":3.0},{"damage":13.0,"enemies":"Champ","floor":33.0,"turns":4.0},{"damage":40.0,"enemies":"3 Shapes","floor":35.0,"turns":1.0},{"damage":6.0,"enemies":"Orb Walker","floor":37.0,"turns":2.0},{"damage":12.0,"enemies":"Reptomancer","floor":41.0,"turns":2.0},{"damage":0.0,"enemies":"Spire Growth","floor":42.0,"turns":2.0},{"damage":6.0,"enemies":"Writhing Mass","floor":45.0,"turns":3.0},{"damage":17.0,"enemies":"4 Shapes","floor":46.0,"turns":3.0},{"damage":8.0,"enemies":"2 Orb Walkers","floor":47.0,"turns":2.0},{"damage":6.0,"enemies":"Time Eater","floor":50.0,"turns":4.0},{"damage":48,"enemies":"Awakened One","floor":51,"turns":7},{"damage":0,"enemies":"Shield and Spear","floor":55,"turns":2},{"damage":93,"enemies":"The Heart","floor":56,"turns":6}],"seed_played":"8337038772986805768","potions_obtained":[{"floor":1.0,"key":"Explosive Potion"},{"floor":3.0,"key":"Fire Potion"},{"floor":14.0,"key":"PowerPotion"},{"floor":18.0,"key":"Ancient Potion"},{"floor":33.0,"key":"PowerPotion"},{"floor":41.0,"key":"SteroidPotion"},{"floor":42.0,"key":"FearPotion"}],"is_trial":false,"path_per_floor":["M","?","M","M","M","E","?","E","T","R","?","E","$","M","R","B",null,"M","?","?","$","?","R","M","$","T","E","M","R","$","E","R","B",null,"M","$","M","?","?","R","E","M","T","R","M","M","?","$","R","B","B",null,"R","$","E","B",null],"character_chosen":"IRONCLAD","items_purchased":["Membership Card","Offering","PowerPotion","Disarm","Feel No Pain","Regal Pillow","Corruption"],"campfire_rested":5,"item_purchase_floors":[13,30,30,36,48,48,54],"current_hp_per_floor":[70,70,75,75,75,68,68,35,35,35,26,12,12,18,42,46,73,59,48,27,27,27,51,57,57,57,19,19,43,43,43,43,36,71,37,37,37,37,37,61,58,64,64,64,64,56,54,54,88,88,56,80,80,80,88,21],"gold":48,"neow_bonus":"UPGRADE_CARD","is_prod":false,"is_daily":false,"chose_seed":false,"campfire_upgraded":3,"win_rate":0,"timestamp":1544904850,"path_taken":["M","?","M","M","?","E","?","E","T","R","?","E","$","M","R","BOSS","M","?","?","?","?","R","M","$","T","E","M","R","$","E","R","BOSS","M","$","M","?","?","R","E","?","T","R","M","M","?","$","R","BOSS","BOSS","R","$","E","BOSS"],"build_version":"2018-12-13","purchased_purges":6,"victory":true,"max_hp_per_floor":[75,75,75,75,75,82,82,82,82,82,82,82,82,82,82,82,82,82,82,82,82,82,82,82,82,82,82,82,82,82,82,82,82,82,82,82,82,82,82,82,85,85,85,85,85,88,88,88,88,88,88,88,88,88,88,88],"card_choices":[{"not_picked":["Carnage","Seeing Red"],"picked":"Clothesline","floor":1.0},{"not_picked":["Dropkick","Warcry"],"picked":"Shrug It Off","floor":3.0},{"not_picked":["Havoc","Body Slam"],"picked":"Sword Boomerang","floor":4.0},{"not_picked":["Whirlwind","Seeing Red"],"picked":"Iron Wave","floor":5.0},{"not_picked":["Power Through","Metallicize"],"picked":"Whirlwind","floor":6.0},{"not_picked":["Searing Blow","Flex","Dropkick"],"picked":"SKIP","floor":8.0},{"not_picked":["Flex","Dropkick"],"picked":"Disarm","floor":11.0},{"not_picked":["Heavy Blade","Dropkick"],"picked":"Spot Weakness","floor":12.0},{"not_picked":["Burning Pact","Clash"],"picked":"Double Tap","floor":14.0},{"not_picked":["Brutality","Exhume"],"picked":"Impervious","floor":16.0},{"not_picked":["Evolve","Twin Strike"],"picked":"Havoc+1","floor":18.0},{"not_picked":["Power Through","Wild Strike"],"picked":"Shrug It Off","floor":24.0},{"not_picked":["Anger","Infernal Blade","Armaments"],"picked":"SKIP","floor":27.0},{"not_picked":["Dropkick+1","Cleave","Hemokinesis"],"picked":"SKIP","floor":28.0},{"not_picked":["Sever Soul","Wild Strike"],"picked":"Feed","floor":31.0},{"not_picked":["Dark Embrace","Impervious"],"picked":"Offering","floor":33.0},{"not_picked":["Perfected Strike+1","Warcry","Iron Wave"],"picked":"SKIP","floor":35.0},{"not_picked":["Anger+1","Pommel Strike+1"],"picked":"Demon Form","floor":37.0},{"not_picked":["Perfected Strike","Clash"],"picked":"Battle Trance","floor":41.0},{"not_picked":["Havoc","Searing Blow","Pommel Strike+1"],"picked":"SKIP","floor":42.0},{"not_picked":["Havoc","Searing Blow"],"picked":"Pommel Strike+1","floor":42.0},{"not_picked":["Body Slam","Wild Strike","Clash"],"picked":"SKIP","floor":45.0},{"not_picked":["Anger+1","Twin Strike"],"picked":"Shrug It Off","floor":46.0},{"not_picked":["Heavy Blade","Reckless Charge+1"],"picked":"Fiend Fire","floor":47.0},{"not_picked":["Anger","Feel No Pain+1"],"picked":"Fiend Fire","floor":55}],"player_experience":1242390,"relics_obtained":[{"floor":6.0,"key":"Strawberry"},{"floor":8.0,"key":"Smiling Mask"},{"floor":11.0,"key":"Gambling Chip"},{"floor":12.0,"key":"Dead Branch"},{"floor":20.0,"key":"Necronomicon"},{"floor":26.0,"key":"Paper Frog"},{"floor":27.0,"key":"Art of War"},{"floor":31.0,"key":"Ornamental Fan"},{"floor":41.0,"key":"Torii"},{"floor":43.0,"key":"Boot"},{"floor":47.0,"key":"Bird Faced Urn"},{"floor":55,"key":"Bronze Scales"}],"event_choices":[{"damage_healed":0.0,"max_hp_gain":0.0,"max_hp_loss":0.0,"gold_gain":0.0,"event_name":"Match and Keep!","player_choice":"3 cards matched","floor":2.0,"gold_loss":0.0,"damage_taken":0.0,"cards_obtained":["Fiend Fire","Anger","Whirlwind"]},{"damage_healed":0.0,"max_hp_gain":0.0,"max_hp_loss":0.0,"gold_gain":0.0,"event_name":"Liars Game","player_choice":"Ignored","floor":7.0,"gold_loss":0.0,"damage_taken":0.0},{"damage_healed":0.0,"max_hp_gain":0.0,"max_hp_loss":0.0,"gold_gain":0.0,"event_name":"Dead Adventurer","player_choice":"Searched \u00271\u0027 times","floor":11.0,"gold_loss":0.0,"damage_taken":0.0},{"damage_healed":0.0,"max_hp_gain":0.0,"max_hp_loss":0.0,"gold_gain":0.0,"event_name":"Colosseum","player_choice":"Fight","floor":19.0,"gold_loss":0.0,"damage_taken":0.0},{"damage_healed":0.0,"max_hp_gain":0.0,"max_hp_loss":0.0,"gold_gain":0.0,"event_name":"Colosseum","player_choice":"Fled From Nobs","floor":19.0,"gold_loss":0.0,"damage_taken":0.0},{"damage_healed":0.0,"max_hp_gain":0.0,"max_hp_loss":0.0,"gold_gain":0.0,"event_name":"Cursed Tome","player_choice":"Obtained Book","floor":20.0,"gold_loss":0.0,"damage_taken":21.0},{"damage_healed":0.0,"max_hp_gain":0.0,"max_hp_loss":0.0,"gold_gain":0.0,"event_name":"Beggar","player_choice":"Ignored","floor":22.0,"gold_loss":0.0,"damage_taken":0.0},{"damage_healed":0.0,"max_hp_gain":0.0,"max_hp_loss":0.0,"gold_gain":0.0,"event_name":"SensoryStone","player_choice":"Memory 1","floor":38.0,"gold_loss":0.0,"damage_taken":0.0},{"damage_healed":0.0,"max_hp_gain":0.0,"max_hp_loss":0.0,"gold_gain":0.0,"event_name":"WeMeetAgain","player_choice":"Gave Potion","floor":39.0,"gold_loss":0.0,"damage_taken":0.0,"relics_obtained":["Kunai"]},{"damage_healed":0.0,"max_hp_gain":0.0,"max_hp_loss":0.0,"gold_gain":0.0,"event_name":"Mysterious Sphere","player_choice":"Fight","floor":47.0,"gold_loss":0.0,"damage_taken":0.0}],"is_beta":true,"boss_relics":[{"not_picked":["Coffee Dripper","Ectoplasm"],"picked":"Runic Dome"},{"not_picked":["Calling Bell","Black Blood"],"picked":"Philosopher\u0027s Stone"}],"items_purged_floors":[13,21,25,30,36,48],"is_endless":false,"potions_floor_spawned":[1,3,4,14,18,19,33,37,41,42,46],"ascension_level":20}