{"gold_per_floor":[11,0,0,14,14,14,14,26,53,118,118,118,118,162,162,281,281,306,306,406,425,425,464,464,464],"floor_reached":25,"playtime":4358,"items_purged":[],"score":349,"play_id":"453199ae-38a3-4fa3-b979-a8632d2283c3","local_time":"20190205002105","is_ascension_mode":true,"campfire_choices":[{"data":"Zap","floor":6.0,"key":"SMITH"},{"data":"Dualcast","floor":11.0,"key":"SMITH"},{"floor":13.0,"key":"REST"},{"floor":15.0,"key":"REST"},{"floor":24,"key":"REST"}],"neow_cost":"NO_GOLD","seed_source_timestamp":0,"circlet_count":0,"master_deck":["AscendersBane","Strike_B+1","Strike_B+1","Defend_B+1","Defend_B+1","Defend_B+1","Defend_B+1","Zap+1","Dualcast+1","Auto Shields","White Noise","Sunder","Seek","Cold Snap","Fusion+1"],"special_seed":0,"relics":["Cracked Core","Boot","Bag of Marbles","Potion Belt","Tiny Chest","Golden Idol","Juzu Bracelet","Runic Pyramid","Singing Bowl"],"potions_floor_usage":[],"damage_taken":[{"damage":0.0,"enemies":"2 Louse","floor":1.0,"turns":3.0},{"damage":2.0,"enemies":"Jaw Worm","floor":4.0,"turns":4.0},{"damage":0.0,"enemies":"Cultist","floor":8.0,"turns":4.0},{"damage":27.0,"enemies":"Gremlin Nob","floor":10.0,"turns":5.0},{"damage":39.0,"enemies":"3 Sentries","floor":14.0,"turns":9.0},{"damage":6.0,"enemies":"The Guardian","floor":16.0,"turns":9.0},{"damage":0.0,"enemies":"Spheric Guardian","floor":18.0,"turns":3.0},{"damage":10.0,"enemies":"Colosseum Slavers","floor":19.0,"turns":4.0},{"damage":5.0,"enemies":"3 Byrds","floor":21.0,"turns":4.0},{"damage":32,"enemies":"Gremlin Leader","floor":23,"turns":11},{"damage":43,"enemies":"Slavers","floor":25,"turns":4}],"seed_played":"-6769620798152016771","potions_obtained":[{"floor":4.0,"key":"Explosive Potion"},{"floor":8.0,"key":"Weak Potion"},{"floor":14.0,"key":"Energy Potion"},{"floor":16.0,"key":"FearPotion"},{"floor":18.0,"key":"SteroidPotion"}],"is_trial":false,"path_per_floor":["M","?","?","M","T","R","?","M","T","E","R","?","R","E","R","B",null,"M","?","?","M","?","E","R","E"],"character_chosen":"DEFECT","items_purchased":[],"campfire_rested":3,"item_purchase_floors":[],"current_hp_per_floor":[68,68,68,66,66,66,75,75,75,48,48,30,52,13,35,29,64,64,54,54,49,49,19,42,0],"gold":464,"neow_bonus":"REMOVE_TWO","is_prod":false,"is_daily":false,"chose_seed":false,"campfire_upgraded":2,"win_rate":0,"timestamp":1549293665,"path_taken":["M","?","?","?","?","R","?","?","T","E","R","?","R","E","R","BOSS","M","?","?","M","?","E","R","E"],"build_version":"2019-01-23","purchased_purges":0,"victory":false,"max_hp_per_floor":[75,75,75,75,75,75,75,75,75,75,75,75,75,75,75,75,75,75,75,75,75,75,77,77,77],"card_choices":[{"not_picked":["Redo","Doom and Gloom"],"picked":"Go for the Eyes","floor":1.0},{"not_picked":["Rebound","Aggregate"],"picked":"Auto Shields","floor":4.0},{"not_picked":["Barrage","Coolheaded"],"picked":"White Noise","floor":8.0},{"not_picked":["Compile Driver","Rebound","Stack"],"picked":"SKIP","floor":10.0},{"not_picked":["Sweeping Beam","Go for the Eyes"],"picked":"Sunder","floor":14.0},{"not_picked":["Hyperbeam","Meteor Strike"],"picked":"Seek","floor":16.0},{"not_picked":["Rebound+1","Gash"],"picked":"Cold Snap","floor":18.0},{"not_picked":["Undo","Hologram"],"picked":"Fusion+1","floor":21.0},{"not_picked":["Rebound","Beam Cell","Compile Driver"],"picked":"Singing Bowl","floor":23}],"player_experience":507554,"relics_obtained":[{"floor":5.0,"key":"Bag of Marbles"},{"floor":9.0,"key":"Potion Belt"},{"floor":10.0,"key":"Tiny Chest"},{"floor":14.0,"key":"Juzu Bracelet"},{"floor":23,"key":"Singing Bowl"}],"event_choices":[{"damage_healed":0.0,"max_hp_gain":0.0,"max_hp_loss":0.0,"gold_gain":0.0,"event_name":"World of Goop","player_choice":"Left Gold","floor":2.0,"gold_loss":11.0,"damage_taken":0.0},{"cards_removed":["Go for the Eyes"],"damage_healed":0.0,"max_hp_gain":0.0,"max_hp_loss":0.0,"gold_gain":0.0,"event_name":"WeMeetAgain","player_choice":"Gave Card","floor":3.0,"gold_loss":0.0,"damage_taken":0.0,"relics_obtained":["Boot"]},{"damage_healed":9.0,"max_hp_gain":0.0,"max_hp_loss":0.0,"gold_gain":0.0,"event_name":"Wheel of Change","player_choice":"Full Heal","floor":7.0,"gold_loss":0.0,"damage_taken":0.0},{"damage_healed":0.0,"max_hp_gain":0.0,"max_hp_loss":0.0,"gold_gain":0.0,"event_name":"Golden Idol","player_choice":"Take Damage","floor":12.0,"gold_loss":0.0,"damage_taken":18.0,"relics_obtained":["Golden Idol"]},{"damage_healed":0.0,"max_hp_gain":0.0,"max_hp_loss":0.0,"gold_gain":0.0,"event_name":"Colosseum","player_choice":"Fight","floor":19.0,"gold_loss":0.0,"damage_taken":0.0},{"damage_healed":0.0,"max_hp_gain":0.0,"max_hp_loss":0.0,"gold_gain":0.0,"event_name":"Colosseum","player_choice":"Fled From Nobs","floor":19.0,"gold_loss":0.0,"damage_taken":0.0},{"damage_healed":0.0,"max_hp_gain":0.0,"max_hp_loss":0.0,"gold_gain":100.0,"event_name":"Golden Shrine","player_choice":"Pray","floor":20.0,"gold_loss":0.0,"damage_taken":0.0},{"damage_healed":0.0,"max_hp_gain":0.0,"max_hp_loss":0.0,"gold_gain":0.0,"event_name":"Back to Basics","player_choice":"Simplicity","floor":22.0,"gold_loss":0.0,"damage_taken":0.0,"cards_upgraded":["Strike_B","Strike_B","Defend_B","Defend_B","Defend_B","Defend_B"]}],"is_beta":false,"boss_relics":[{"not_picked":["Cursed Key","Pandora\u0027s Box"],"picked":"Runic Pyramid"}],"items_purged_floors":[],"is_endless":false,"potions_floor_spawned":[4,8,14,16,18],"killed_by":"Slavers","ascension_level":11}