{"gold_per_floor":[18,30,40,54,77,77,89,144,144,45,107,166,200,2,2,2],"floor_reached":16,"playtime":740,"items_purged":[],"score":174,"play_id":"1878cb3c-b71c-4dea-9287-b2179eba6c5f","local_time":"20180726185702","is_ascension_mode":true,"campfire_choices":[{"data":"Armaments","floor":6,"key":"SMITH"},{"floor":15,"key":"REST"}],"neow_cost":"NO_GOLD","seed_source_timestamp":870006206406008,"circlet_count":0,"master_deck":["Strike_R","Strike_R","Strike_R","Strike_R","Strike_R","Defend_R","Defend_R","Defend_R","Defend_R","Bash","Corruption","Iron Wave","Armaments+1","Clothesline","Evolve","Warcry","Metallicize","Seeing Red","Perfected Strike","Flex","Warcry"],"relics":["Burning Blood","Dream Catcher","Dodecahedron","Tiny Chest","Darkstone Periapt","Centennial Puzzle","Membership Card"],"potions_floor_usage":[11,12,16],"damage_taken":[{"damage":10,"enemies":"Cultist","floor":1,"turns":5},{"damage":10,"enemies":"2 Louse","floor":2,"turns":4},{"damage":13,"enemies":"Jaw Worm","floor":3,"turns":5},{"damage":11,"enemies":"Blue Slaver","floor":4,"turns":5},{"damage":7,"enemies":"Red Slaver","floor":7,"turns":4},{"damage":12,"enemies":"3 Sentries","floor":11,"turns":8},{"damage":12,"enemies":"3 Sentries","floor":12,"turns":9},{"damage":24,"enemies":"Lagavulin","floor":13,"turns":9},{"damage":62,"enemies":"The Guardian","floor":16,"turns":10}],"seed_played":"839696967585210281","potions_obtained":[{"floor":7,"key":"Strength Potion"},{"floor":11,"key":"SpeedPotion"},{"floor":12,"key":"Strength Potion"}],"is_trial":false,"path_per_floor":["M","M","M","M","T","R","M","?","T","$","E","?","E","$","R"],"character_chosen":"IRONCLAD","items_purchased":["Warcry","Metallicize","Membership Card"],"campfire_rested":1,"item_purchase_floors":[10,10,14],"current_hp_per_floor":[84,80,73,68,68,68,67,67,67,67,61,55,37,37,65,3],"gold":2,"neow_bonus":"TWENTY_PERCENT_HP_BONUS","is_prod":false,"is_daily":false,"chose_seed":false,"campfire_upgraded":1,"win_rate":0,"timestamp":1532624222,"path_taken":["M","?","M","M","?","R","?","?","T","?","E","?","E","$","R","BOSS"],"build_version":"2018-07-19v2","purchased_purges":0,"victory":false,"max_hp_per_floor":[96,96,96,96,96,96,96,96,96,96,96,96,96,96,96,96],"card_choices":[{"not_picked":["True Grit","Thunderclap"],"picked":"Corruption","floor":1},{"not_picked":["Warcry","Intimidate"],"picked":"Iron Wave","floor":2},{"not_picked":["Reckless Charge","Heavy Blade"],"picked":"Armaments","floor":3},{"not_picked":["Wild Strike","Body Slam"],"picked":"Clothesline","floor":4},{"not_picked":["Wild Strike","Thunderclap"],"picked":"Evolve","floor":7},{"not_picked":["Clothesline","Fiend Fire"],"picked":"Seeing Red","floor":11},{"not_picked":["Combust","Twin Strike"],"picked":"Perfected Strike","floor":12},{"not_picked":["Clash","Body Slam"],"picked":"Flex","floor":13},{"not_picked":["Clash","Clothesline"],"picked":"Warcry","floor":15}],"player_experience":840016,"relics_obtained":[{"floor":5,"key":"Dream Catcher"},{"floor":9,"key":"Dodecahedron"},{"floor":11,"key":"Tiny Chest"},{"floor":13,"key":"Centennial Puzzle"}],"event_choices":[{"event_name":"Golden Wing","player_choice":"Gained Gold","floor":8,"damage_taken":0},{"event_name":"Dead Adventurer","player_choice":"Searched \u00273\u0027 times","floor":12,"damage_taken":0}],"is_beta":false,"boss_relics":[],"items_purged_floors":[],"is_endless":false,"potions_floor_spawned":[7,11,12],"killed_by":"The Guardian","ascension_level":7}