{"gold_per_floor":[117,192,211,61,73,416,442,470,482,79,94,94,119,84,84,182,182,200,200,217,233,233,233,251,251,251,14,14,14,14],"floor_reached":30,"playtime":871,"items_purged":[],"score":346,"play_id":"6f3fa2f8-0834-4a67-9d33-19e413a7429c","local_time":"20180726191223","is_ascension_mode":true,"campfire_choices":[{"data":"Clash","floor":15,"key":"SMITH"},{"floor":23,"key":"REST"},{"data":"Pommel Strike","floor":28,"key":"SMITH"}],"neow_cost":"NONE","seed_source_timestamp":870755660465242,"circlet_count":0,"master_deck":["Defend_R","Defend_R","Defend_R","Bash+1","Thunderclap","Rampage","Clash","Reaper+1","Clash+1","Feel No Pain","Shrug It Off","Clash","Evolve+1","Bite","Bite","Bite","Bite","Bite","Pommel Strike+1","Pommel Strike+1","Cleave+1","Inflame+1"],"special_seed":0,"relics":["Burning Blood","MawBank","Pear","Old Coin","Ginger","Frozen Egg 2","Whetstone","Shuriken","Sozu","Enchiridion","Blue Candle","Medical Kit"],"potions_floor_usage":[13,16,30],"damage_taken":[{"damage":6.0,"enemies":"Cultist","floor":1.0,"turns":3.0},{"damage":2.0,"enemies":"Jaw Worm","floor":3.0,"turns":3.0},{"damage":34.0,"enemies":"3 Sentries","floor":6.0,"turns":9.0},{"damage":3,"enemies":"Small Slimes","floor":7,"turns":2},{"damage":15,"enemies":"Exordium Wildlife","floor":8,"turns":3},{"damage":12,"enemies":"Large Slime","floor":11,"turns":5},{"damage":7,"enemies":"Lagavulin","floor":13,"turns":5},{"damage":25,"enemies":"Slime Boss","floor":16,"turns":10},{"damage":18,"enemies":"Shell Parasite","floor":18,"turns":3},{"damage":0,"enemies":"Spheric Guardian","floor":20,"turns":2},{"damage":27,"enemies":"3 Cultists","floor":21,"turns":4},{"damage":28,"enemies":"Slaver and Parasite","floor":24,"turns":4},{"damage":24,"enemies":"Slavers","floor":30,"turns":3}],"seed_played":"-5772608088996066794","potions_obtained":[{"floor":1.0,"key":"Swift Potion"},{"floor":8,"key":"SteroidPotion"},{"floor":16,"key":"Strength Potion"}],"is_trial":false,"path_per_floor":["M","?","M","$","?","E","M","M","T","$","M","?","E","?","R","B",null,"M","?","M","M","?","R","M","?","T","$","R","?"],"character_chosen":"IRONCLAD","items_purchased":["MawBank","Frozen Egg 2","Shrug It Off","Whetstone","Inflame+1","Medical Kit"],"campfire_rested":1,"item_purchase_floors":[4,10,10,10,27,27],"current_hp_per_floor":[72,61,65,65,63,35,38,37,37,37,31,61,60,82,82,77,87,84,63,63,46,30,48,36,36,36,36,36,36,14],"gold":14,"neow_bonus":"TRANSFORM_CARD","is_prod":false,"is_daily":false,"chose_seed":false,"campfire_upgraded":2,"win_rate":0,"timestamp":1532625143,"path_taken":["M","?","M","$","?","E","?","M","T","$","M","?","E","?","R","BOSS","M","?","?","M","?","R","M","?","T","$","R","?","E"],"build_version":"2018-07-19v2","purchased_purges":0,"victory":false,"max_hp_per_floor":[80,80,80,80,90,90,90,90,90,90,90,90,90,90,90,90,90,90,63,63,63,63,63,63,63,63,63,63,63,63],"card_choices":[{"not_picked":["Flex","Warcry"],"picked":"Rampage","floor":1.0},{"not_picked":["Anger","Wild Strike"],"picked":"Clash","floor":3.0},{"not_picked":["Warcry","Clash"],"picked":"Reaper","floor":6.0},{"not_picked":["Havoc","Anger"],"picked":"Clash","floor":7},{"not_picked":["Clothesline","Rupture"],"picked":"Feel No Pain","floor":8},{"not_picked":["Pommel Strike","Headbutt"],"picked":"Clash","floor":11},{"not_picked":["Havoc","Body Slam","Immolate"],"picked":"SKIP","floor":13},{"not_picked":["Impervious","Reaper"],"picked":"Bludgeon","floor":16},{"not_picked":["Sentinel","Perfected Strike+1"],"picked":"Evolve+1","floor":18},{"not_picked":["Cleave","Carnage+1"],"picked":"Pommel Strike+1","floor":20},{"not_picked":["Whirlwind","Twin Strike"],"picked":"Pommel Strike","floor":21},{"not_picked":["Blood for Blood","Warcry"],"picked":"Cleave+1","floor":24}],"player_experience":840756,"relics_obtained":[{"floor":6.0,"key":"Old Coin"},{"floor":9,"key":"Ginger"},{"floor":13,"key":"Shuriken"},{"floor":22,"key":"Enchiridion"},{"floor":26,"key":"Blue Candle"}],"event_choices":[{"event_name":"World of Goop","player_choice":"Gather Gold","floor":2.0,"damage_taken":0.0},{"event_name":"Scrap Ooze","player_choice":"success","floor":5.0,"damage_taken":12.0},{"event_name":"Big Fish","player_choice":"Banana","floor":12,"damage_taken":0},{"event_name":"The Cleric","player_choice":"Healed","floor":14,"damage_taken":0},{"event_name":"Vampires","player_choice":"Became a vampire","floor":19,"damage_taken":0},{"event_name":"Cursed Tome","player_choice":"Obtained Book","floor":22,"damage_taken":0},{"event_name":"Back to Basics","player_choice":"Elegance","floor":25,"damage_taken":0},{"event_name":"Beggar","player_choice":"Ignored","floor":29,"damage_taken":0}],"is_beta":false,"boss_relics":[{"not_picked":["Runic Cube","Velvet Choker"],"picked":"Sozu"}],"items_purged_floors":[],"is_endless":false,"potions_floor_spawned":[1,8,16,18,20,21],"killed_by":"Slavers","ascension_level":7}