{"gold_per_floor":[109,126,126,91,108,108,143,162,162,188,205,78,105,180,180,257,257,276,276,294,294],"floor_reached":21,"playtime":941,"items_purged":[],"score":398,"play_id":"fb7fd3ae-5667-4486-bfd8-9f8fed11ff1c","local_time":"20181103113736","is_ascension_mode":true,"campfire_choices":[{"data":"Clothesline","floor":6.0,"key":"SMITH"},{"data":"Inflame","floor":15.0,"key":"SMITH"}],"neow_cost":"NONE","seed_source_timestamp":146671690170475,"circlet_count":0,"master_deck":["AscendersBane","Bash","Reaper","Iron Wave+1","Shrug It Off","Clothesline+1","Shockwave","Ghostly Armor","Iron Wave","True Grit","Inflame+1","Battle Trance","Battle Trance","Impervious","Wild Strike","Havoc","Clash","Clash","Bloodletting","Twin Strike","Sword Boomerang","Pommel Strike","Thunderclap","Spot Weakness","Inflame"],"special_seed":0,"relics":["Burning Blood","Whetstone","Happy Flower","Pantograph","Art of War","Pandora\u0027s Box"],"potions_floor_usage":[21,21],"damage_taken":[{"damage":12.0,"enemies":"Small Slimes","floor":1.0,"turns":5.0},{"damage":14.0,"enemies":"Jaw Worm","floor":2.0,"turns":5.0},{"damage":9.0,"enemies":"2 Louse","floor":5.0,"turns":4.0},{"damage":20.0,"enemies":"Lagavulin","floor":7.0,"turns":8.0},{"damage":7.0,"enemies":"Gremlin Gang","floor":8.0,"turns":4.0},{"damage":29.0,"enemies":"Gremlin Nob","floor":10.0,"turns":4.0},{"damage":11.0,"enemies":"Exordium Wildlife","floor":11.0,"turns":5.0},{"damage":37.0,"enemies":"3 Sentries","floor":13.0,"turns":7.0},{"damage":14.0,"enemies":"The Guardian","floor":16.0,"turns":12.0},{"damage":27.0,"enemies":"Shell Parasite","floor":18.0,"turns":4.0},{"damage":28.0,"enemies":"Chosen","floor":20.0,"turns":4.0},{"damage":18,"enemies":"Colosseum Slavers","floor":21,"turns":4},{"damage":24,"enemies":"Colosseum Nobs","floor":21,"turns":3}],"seed_played":"-2650337551779362064","potions_obtained":[{"floor":5.0,"key":"FearPotion"},{"floor":7.0,"key":"Fire Potion"},{"floor":10.0,"key":"SpeedPotion"},{"floor":11.0,"key":"PowerPotion"},{"floor":16.0,"key":"BloodPotion"},{"floor":20.0,"key":"GamblersBrew"}],"is_trial":false,"path_per_floor":["M","M","?","?","M","R","E","M","T","E","M","$","E","?","R","B",null,"M","?","M","?"],"character_chosen":"IRONCLAD","items_purchased":["Inflame","Battle Trance"],"campfire_rested":0,"item_purchase_floors":[12,12],"current_hp_per_floor":[65,63,40,58,63,63,55,60,60,43,44,44,40,29,29,56,70,49,49,34,0],"gold":294,"neow_bonus":"ONE_RANDOM_RARE_CARD","is_prod":false,"is_daily":false,"chose_seed":false,"campfire_upgraded":2,"win_rate":0,"timestamp":1541259456,"path_taken":["M","M","?","?","M","R","E","M","T","E","M","?","E","?","R","BOSS","M","?","?","?"],"build_version":"2018-11-02","purchased_purges":0,"victory":false,"max_hp_per_floor":[75,75,75,75,75,75,75,75,75,75,75,75,75,75,75,75,75,75,75,75,75],"card_choices":[{"not_picked":["Bloodletting","Shrug It Off"],"picked":"Iron Wave","floor":1.0},{"not_picked":["Intimidate","Body Slam"],"picked":"Shrug It Off","floor":2.0},{"not_picked":["Sword Boomerang","Warcry"],"picked":"Clothesline","floor":5.0},{"not_picked":["Body Slam","Double Tap"],"picked":"Shockwave","floor":7.0},{"not_picked":["Cleave","Warcry"],"picked":"Ghostly Armor","floor":8.0},{"not_picked":["Warcry","Thunderclap"],"picked":"Iron Wave","floor":10.0},{"not_picked":["Cleave","Rage"],"picked":"True Grit","floor":11.0},{"not_picked":["Pommel Strike","Seeing Red"],"picked":"Battle Trance","floor":13.0},{"not_picked":["Exhume","Immolate"],"picked":"Impervious","floor":16.0},{"not_picked":["Havoc","True Grit"],"picked":"Spot Weakness","floor":18.0},{"not_picked":["Seeing Red","Perfected Strike"],"picked":"Inflame","floor":20.0}],"player_experience":1137624,"relics_obtained":[{"floor":7.0,"key":"Whetstone"},{"floor":9.0,"key":"Happy Flower"},{"floor":10.0,"key":"Pantograph"},{"floor":13.0,"key":"Art of War"}],"event_choices":[{"damage_healed":0.0,"max_hp_gain":0.0,"max_hp_loss":0.0,"gold_gain":0.0,"event_name":"Shining Light","player_choice":"Entered Light","floor":3.0,"gold_loss":0.0,"damage_taken":23.0,"cards_upgraded":["Defend_R","Strike_R"]},{"damage_healed":18.0,"max_hp_gain":0.0,"max_hp_loss":0.0,"gold_gain":0.0,"event_name":"The Cleric","player_choice":"Healed","floor":4.0,"gold_loss":35.0,"damage_taken":0.0},{"damage_healed":0.0,"max_hp_gain":0.0,"max_hp_loss":0.0,"gold_gain":75.0,"event_name":"World of Goop","player_choice":"Gather Gold","floor":14.0,"gold_loss":0.0,"damage_taken":11.0},{"damage_healed":0.0,"max_hp_gain":0.0,"max_hp_loss":0.0,"gold_gain":0.0,"event_name":"N\u0027loth","player_choice":"Ignored","floor":19.0,"gold_loss":0.0,"damage_taken":0.0},{"damage_healed":0,"gold_gain":0,"player_choice":"Fight","damage_taken":0,"max_hp_gain":0,"max_hp_loss":0,"event_name":"Colosseum","floor":21,"gold_loss":0},{"damage_healed":0,"gold_gain":0,"player_choice":"Fought Nobs","damage_taken":0,"max_hp_gain":0,"max_hp_loss":0,"event_name":"Colosseum","floor":21,"gold_loss":0}],"is_beta":true,"boss_relics":[{"not_picked":["Philosopher\u0027s Stone","Runic Pyramid"],"picked":"Pandora\u0027s Box"}],"items_purged_floors":[],"is_endless":false,"potions_floor_spawned":[5,7,10,11,16,18,20,21],"killed_by":"Colosseum Nobs","ascension_level":20}