{"gold_per_floor":[109,126,136,86,11,11,11,22,99,99,111,111,138,38,38,135,135,146,146,21,41,55,55,68,68,93,128,128,128,153,3,3,3],"floor_reached":33,"playtime":8194,"items_purged":["Strike_R","Strike_R","Shame","Strike_R"],"score":464,"play_id":"5aa710a9-4775-4a66-b75b-7406df195a4b","local_time":"20190131220913","is_ascension_mode":true,"campfire_choices":[{"data":"Armaments","floor":6.0,"key":"SMITH"},{"data":"True Grit","floor":10.0,"key":"SMITH"},{"data":"Flash of Steel","floor":12.0,"key":"SMITH"},{"data":"Bash","floor":15.0,"key":"SMITH"},{"data":"Flame Barrier","floor":23.0,"key":"SMITH"},{"data":"Entrench","floor":25,"key":"SMITH"},{"floor":29,"key":"DIG"},{"floor":32,"key":"DIG"}],"neow_cost":"PERCENT_DAMAGE","seed_source_timestamp":0,"circlet_count":0,"master_deck":["AscendersBane","Strike_R","Defend_R","Defend_R","Defend_R","Defend_R","Bash+1","Dramatic Entrance","Flash of Steel+1","True Grit+1","Iron Wave","Armaments+1","Shrug It Off","Reaper","Offering","Flame Barrier+1","Cleave","Uppercut","Entrench+1"],"special_seed":0,"relics":["Burning Blood","Blood Vial","Sundial","Self Forming Clay","Runic Cube","Du-Vu Doll","Centennial Puzzle","Shovel","Strawberry","Pear","Gremlin Horn"],"potions_floor_usage":[27,27,30],"damage_taken":[{"damage":0.0,"enemies":"2 Louse","floor":1.0,"turns":2.0},{"damage":7.0,"enemies":"Jaw Worm","floor":2.0,"turns":3.0},{"damage":0.0,"enemies":"Cultist","floor":3.0,"turns":3.0},{"damage":4.0,"enemies":"Looter","floor":8.0,"turns":4.0},{"damage":0.0,"enemies":"Exordium Wildlife","floor":11.0,"turns":2.0},{"damage":6.0,"enemies":"Lagavulin","floor":13.0,"turns":10.0},{"damage":40.0,"enemies":"The Guardian","floor":16.0,"turns":13.0},{"damage":13.0,"enemies":"Shell Parasite","floor":18.0,"turns":8.0},{"damage":10.0,"enemies":"3 Byrds","floor":21.0,"turns":5.0},{"damage":34.0,"enemies":"Snake Plant","floor":22.0,"turns":7.0},{"damage":6,"enemies":"3 Cultists","floor":24,"turns":5},{"damage":23,"enemies":"Book of Stabbing","floor":27,"turns":7},{"damage":38,"enemies":"Slavers","floor":30,"turns":6},{"damage":77,"enemies":"Champ","floor":33,"turns":16}],"seed_played":"7638952717947677811","potions_obtained":[{"floor":1.0,"key":"Explosive Potion"},{"floor":13.0,"key":"Block Potion"},{"floor":16.0,"key":"FairyPotion"},{"floor":18.0,"key":"Energy Potion"},{"floor":27,"key":"SkillPotion"}],"is_trial":false,"path_per_floor":["M","M","M","?","$","R","?","M","T","R","M","R","E","$","R","B",null,"M","?","$","M","M","R","M","R","T","E","?","R","E","$","R","B"],"character_chosen":"IRONCLAD","items_purchased":[],"campfire_rested":0,"item_purchase_floors":[],"current_hp_per_floor":[57,56,62,62,62,62,59,63,63,63,71,71,73,73,73,48,72,74,74,74,80,52,52,69,69,69,54,54,61,59,59,59,0],"gold":3,"neow_bonus":"RANDOM_COLORLESS_2","is_prod":false,"is_daily":false,"chose_seed":false,"campfire_upgraded":6,"win_rate":0,"timestamp":1548940153,"path_taken":["M","M","M","?","$","R","?","M","T","R","M","R","E","$","R","BOSS","M","?","$","M","M","R","M","R","T","E","?","R","E","$","R","BOSS"],"build_version":"2019-01-23","purchased_purges":4,"victory":false,"max_hp_per_floor":[80,80,80,80,80,80,80,80,80,80,80,80,80,80,80,80,80,80,80,80,80,80,80,80,80,80,80,80,87,97,97,97,97],"card_choices":[{"not_picked":["Perfected Strike","Shrug It Off"],"picked":"True Grit","floor":1.0},{"not_picked":["Heavy Blade","Thunderclap"],"picked":"Iron Wave","floor":2.0},{"not_picked":["Body Slam","Clash"],"picked":"Armaments","floor":3.0},{"not_picked":["Sword Boomerang","Havoc"],"picked":"Shrug It Off","floor":8.0},{"not_picked":["Second Wind","Wild Strike","Dropkick"],"picked":"SKIP","floor":11.0},{"not_picked":["Twin Strike","Thunderclap"],"picked":"Reaper","floor":13.0},{"not_picked":["Impervious","Bludgeon"],"picked":"Offering","floor":16.0},{"not_picked":["Battle Trance","Thunderclap"],"picked":"Flame Barrier","floor":18.0},{"not_picked":["Twin Strike","Clash"],"picked":"Cleave","floor":21.0},{"not_picked":["Blood for Blood","Reckless Charge"],"picked":"Uppercut","floor":22.0},{"not_picked":["Headbutt","Flex"],"picked":"Entrench","floor":24},{"not_picked":["Rupture","Thunderclap","True Grit"],"picked":"SKIP","floor":27},{"not_picked":["Havoc","Power Through","Sword Boomerang"],"picked":"SKIP","floor":30}],"player_experience":479947,"relics_obtained":[{"floor":9.0,"key":"Sundial"},{"floor":13.0,"key":"Self Forming Clay"},{"floor":26,"key":"Centennial Puzzle"},{"floor":27,"key":"Shovel"},{"floor":29,"key":"Strawberry"},{"floor":30,"key":"Pear"},{"floor":32,"key":"Gremlin Horn"}],"event_choices":[{"cards_removed":["Strike_R"],"damage_healed":0.0,"max_hp_gain":0.0,"max_hp_loss":0.0,"gold_gain":0.0,"event_name":"The Cleric","player_choice":"Card Removal","floor":4.0,"gold_loss":50.0,"damage_taken":0.0},{"damage_healed":0.0,"max_hp_gain":0.0,"max_hp_loss":0.0,"gold_gain":0.0,"event_name":"Scrap Ooze","player_choice":"Success","floor":7.0,"gold_loss":0.0,"damage_taken":3.0,"relics_obtained":["Blood Vial"]},{"damage_healed":0.0,"max_hp_gain":0.0,"max_hp_loss":0.0,"gold_gain":0.0,"event_name":"Addict","player_choice":"Stole Relic","floor":19.0,"gold_loss":0.0,"damage_taken":0.0,"relics_obtained":["Du-Vu Doll"],"cards_obtained":["Shame"]},{"damage_healed":0,"gold_gain":0,"player_choice":"Ignored","damage_taken":0,"max_hp_gain":0,"max_hp_loss":0,"event_name":"Ghosts","floor":28,"gold_loss":0}],"is_beta":false,"boss_relics":[{"not_picked":["Calling Bell","White Beast Statue"],"picked":"Runic Cube"}],"items_purged_floors":[5,14,20,31],"is_endless":false,"potions_floor_spawned":[1,13,16,18,27],"killed_by":"Champ","ascension_level":11}