{"gold_per_floor":[117,117,192,108,122,148,159,194,217,251,251,52,52,70,70,141,141,157,432,443,463,463,463],"floor_reached":23,"playtime":939,"items_purged":[],"score":468,"play_id":"20d88cda-77d1-490f-aaf2-ddeeb4db4735","local_time":"20190206223544","is_ascension_mode":true,"campfire_choices":[{"floor":11,"key":"REST"},{"data":"Fission","floor":13,"key":"SMITH"},{"data":"Zap","floor":15,"key":"SMITH"}],"neow_cost":"NONE","seed_source_timestamp":254259926864600,"circlet_count":0,"master_deck":["AscendersBane","Strike_B","Strike_B","Strike_B","Strike_B","Defend_B","Defend_B","Defend_B","Defend_B","Zap+1","Dualcast","Cold Snap","Compile Driver","Glacier","Gash","Auto Shields","Doom and Gloom","Glacier","Ball Lightning","Fission+1","Loop","Creative AI","Conserve Battery","Defragment","Hologram"],"relics":["Cracked Core","NeowsBlessing","Regal Pillow","Omamori","Happy Flower","Bottled Flame","Velvet Choker","Du-Vu Doll"],"potions_floor_usage":[10,10,16],"damage_taken":[{"damage":0,"enemies":"Small Slimes","floor":1,"turns":1},{"damage":0,"enemies":"2 Louse","floor":5,"turns":1},{"damage":0,"enemies":"Gremlin Nob","floor":6,"turns":1},{"damage":2,"enemies":"Jaw Worm","floor":7,"turns":4},{"damage":24,"enemies":"3 Sentries","floor":8,"turns":18},{"damage":20,"enemies":"Gremlin Nob","floor":10,"turns":4},{"damage":1,"enemies":"2 Fungi Beasts","floor":14,"turns":2},{"damage":26,"enemies":"The Guardian","floor":16,"turns":11},{"damage":0,"enemies":"Chosen","floor":18,"turns":5},{"damage":9,"enemies":"Spheric Guardian","floor":20,"turns":4},{"damage":21,"enemies":"Chosen and Byrds","floor":21,"turns":8},{"damage":53,"enemies":"Gremlin Leader","floor":23,"turns":5}],"seed_played":"-4698858824226509979","potions_obtained":[{"floor":7,"key":"FearPotion"},{"floor":8,"key":"AttackPotion"},{"floor":10,"key":"FearPotion"},{"floor":16,"key":"Fruit Juice"},{"floor":18,"key":"FearPotion"}],"is_trial":false,"path_per_floor":["M","?","?","$","M","E","M","E","T","E","R","$","R","M","R","B",null,"M","?","M","M","?","E"],"character_chosen":"DEFECT","items_purchased":["Compile Driver","Poison Potion","Ball Lightning","Fission"],"campfire_rested":1,"item_purchase_floors":[4,4,12,12],"current_hp_per_floor":[64,69,58,58,58,58,56,32,32,12,49,49,49,48,48,27,68,68,68,59,38,38,0],"gold":463,"neow_bonus":"THREE_ENEMY_KILL","is_prod":false,"is_daily":false,"chose_seed":false,"campfire_upgraded":2,"win_rate":0,"timestamp":1549510544,"path_taken":["M","?","?","?","M","E","M","E","T","E","R","$","R","M","R","BOSS","M","?","?","M","?","E"],"build_version":"2019-01-23","purchased_purges":0,"victory":false,"max_hp_per_floor":[71,76,76,76,76,76,76,76,76,76,76,76,76,76,76,81,81,81,81,81,81,81,81],"card_choices":[{"not_picked":["Barrage","Genetic Algorithm"],"picked":"Cold Snap","floor":1},{"not_picked":["Hello World","Fusion"],"picked":"Glacier","floor":5},{"not_picked":["Beam Cell","Sweeping Beam"],"picked":"Gash","floor":6},{"not_picked":["Force Field","Aggregate"],"picked":"Auto Shields","floor":7},{"not_picked":["Static Discharge","Barrage"],"picked":"Doom and Gloom","floor":8},{"not_picked":["Steam","Beam Cell"],"picked":"Glacier","floor":10},{"not_picked":["Redo","Doom and Gloom"],"picked":"Loop","floor":14},{"not_picked":["Rainbow","Hyperbeam"],"picked":"Creative AI","floor":16},{"not_picked":["Coolheaded","Undo"],"picked":"Conserve Battery","floor":18},{"not_picked":["Steam","Rebound"],"picked":"Defragment","floor":20},{"not_picked":["Steam Power","Leap"],"picked":"Hologram","floor":21}],"player_experience":1149477,"relics_obtained":[{"floor":6,"key":"Regal Pillow"},{"floor":8,"key":"Omamori"},{"floor":9,"key":"Happy Flower"},{"floor":10,"key":"Bottled Flame"}],"event_choices":[{"damage_healed":0,"gold_gain":0,"player_choice":"Donut","damage_taken":0,"max_hp_gain":5,"max_hp_loss":0,"event_name":"Big Fish","floor":2,"gold_loss":0},{"damage_healed":0,"gold_gain":75,"player_choice":"Gather Gold","damage_taken":11,"max_hp_gain":0,"max_hp_loss":0,"event_name":"World of Goop","floor":3,"gold_loss":0},{"damage_healed":0,"gold_gain":275,"player_choice":"Desecrate","damage_taken":0,"max_hp_gain":0,"max_hp_loss":0,"event_name":"Golden Shrine","floor":19,"gold_loss":0,"cards_obtained":["Regret"]},{"damage_healed":0,"gold_gain":0,"player_choice":"Stole Relic","damage_taken":0,"relics_obtained":["Du-Vu Doll"],"max_hp_gain":0,"max_hp_loss":0,"event_name":"Addict","floor":22,"gold_loss":0,"cards_obtained":["Shame"]}],"is_beta":false,"boss_relics":[{"not_picked":["Empty Cage","FrozenCore"],"picked":"Velvet Choker"}],"items_purged_floors":[],"is_endless":false,"potions_floor_spawned":[7,8,10,16,18,20],"killed_by":"Gremlin Leader","ascension_level":20}