{"gold_per_floor":[119,119,20,89,106,106,139,139,163,163,198,423,457,476,476,574,574,593,643,145,209,259,259],"floor_reached":23,"playtime":6385,"items_purged":["Normality"],"score":336,"play_id":"232e9101-0653-4aa3-ac00-62286ad0cb30","local_time":"20181128130332","is_ascension_mode":true,"campfire_choices":[{"data":"Footwork","floor":6.0,"key":"SMITH"},{"data":"Terror","floor":8.0,"key":"SMITH"},{"floor":10.0,"key":"REST"},{"floor":15.0,"key":"REST"}],"neow_cost":"CURSE","seed_source_timestamp":914332728028907,"circlet_count":0,"master_deck":["AscendersBane","Defend_G","Defend_G","Defend_G","Defend_G","Defend_G","Survivor+1","Neutralize","Caltrops","Flying Knee","Dodge and Roll+1","Footwork+1","Terror+1","Acrobatics","Doubt","Escape Plan","Poisoned Stab","Venomology","Bane+1","PiercingWail","Impatience","Bouncing Flask","PiercingWail","Bite","Bite","Bite","Bite","Bite"],"special_seed":0,"relics":["Ring of the Snake","Tough Bandages","SsserpentHead","Snake Skull","War Paint","Letter Opener","Bag of Marbles","Black Star","Sling","Question Card"],"potions_floor_usage":[21,21,23,23,23],"damage_taken":[{"damage":4.0,"enemies":"Jaw Worm","floor":1.0,"turns":6.0},{"damage":2.0,"enemies":"Cultist","floor":4.0,"turns":4.0},{"damage":8.0,"enemies":"Small Slimes","floor":5.0,"turns":4.0},{"damage":16.0,"enemies":"3 Sentries","floor":7.0,"turns":12.0},{"damage":4.0,"enemies":"Gremlin Nob","floor":11.0,"turns":4.0},{"damage":22.0,"enemies":"Lagavulin","floor":13.0,"turns":11.0},{"damage":0.0,"enemies":"2 Fungi Beasts","floor":14.0,"turns":4.0},{"damage":24.0,"enemies":"Hexaghost","floor":16.0,"turns":12.0},{"damage":19.0,"enemies":"Shell Parasite","floor":18.0,"turns":8.0},{"damage":0,"enemies":"Spheric Guardian","floor":21,"turns":3},{"damage":16,"enemies":"Gremlin Leader","floor":23,"turns":3}],"seed_played":"-57437696206802791","potions_obtained":[{"floor":4.0,"key":"FearPotion"},{"floor":5.0,"key":"FearPotion"},{"floor":7.0,"key":"LiquidBronze"},{"floor":11.0,"key":"Strength Potion"},{"floor":18.0,"key":"Energy Potion"},{"floor":21,"key":"Dexterity Potion"}],"is_trial":false,"path_per_floor":["M","?","$","M","M","R","E","R","T","R","E","?","E","M","R","B",null,"M","?","$","M","?","E"],"character_chosen":"THE_SILENT","items_purchased":["Flying Knee","Bouncing Flask","Sling","Question Card"],"campfire_rested":2,"item_purchase_floors":[3,20,20,20],"current_hp_per_floor":[59,59,59,57,49,49,33,33,33,54,50,50,28,28,49,25,59,40,40,40,40,40,28],"gold":259,"neow_bonus":"ONE_RARE_RELIC","is_prod":false,"is_daily":false,"chose_seed":false,"campfire_upgraded":2,"win_rate":0,"timestamp":1543406612,"path_taken":["M","?","$","?","M","R","E","R","T","R","E","?","E","M","R","BOSS","M","?","$","?","?","E"],"build_version":"2018-11-15","purchased_purges":1,"victory":false,"max_hp_per_floor":[70,70,70,70,70,70,70,70,70,70,70,70,70,70,70,70,70,70,70,70,70,49,49],"card_choices":[{"not_picked":["Quick Slash","Setup"],"picked":"Caltrops","floor":1.0},{"not_picked":["Noxious Fumes","Poisoned Stab"],"picked":"Dodge and Roll","floor":4.0},{"not_picked":["Heel Hook","Deflect"],"picked":"Footwork","floor":5.0},{"not_picked":["Slice","Well Laid Plans"],"picked":"Terror","floor":7.0},{"not_picked":["Crippling Poison","Cloak And Dagger"],"picked":"Acrobatics","floor":11.0},{"not_picked":["Tactician","Distraction"],"picked":"Escape Plan","floor":13.0},{"not_picked":["Dash","Distraction"],"picked":"Poisoned Stab","floor":14.0},{"not_picked":["Doppelganger","After Image"],"picked":"Venomology","floor":16.0},{"not_picked":["Outmaneuver","Backflip"],"picked":"Bane+1","floor":18.0},{"not_picked":["Infinite Blades","Night Terror","Sucker Punch"],"picked":"PiercingWail","floor":21}],"player_experience":1328066,"relics_obtained":[{"floor":7.0,"key":"Snake Skull"},{"floor":9.0,"key":"War Paint"},{"floor":11.0,"key":"Letter Opener"},{"floor":13.0,"key":"Bag of Marbles"}],"event_choices":[{"damage_healed":0.0,"max_hp_gain":0.0,"max_hp_loss":0.0,"gold_gain":0.0,"event_name":"FaceTrader","player_choice":"Trade","floor":2.0,"gold_loss":0.0,"damage_taken":0.0,"relics_obtained":["SsserpentHead"]},{"damage_healed":0.0,"max_hp_gain":0.0,"max_hp_loss":0.0,"gold_gain":175.0,"event_name":"Liars Game","player_choice":"AGREE","floor":12.0,"gold_loss":0.0,"damage_taken":0.0,"cards_obtained":["Doubt"]},{"damage_healed":0,"gold_gain":0,"player_choice":"2 cards matched","damage_taken":0,"max_hp_gain":0,"max_hp_loss":0,"event_name":"Match and Keep!","floor":19,"gold_loss":0,"cards_obtained":["PiercingWail","Impatience"]},{"damage_healed":0,"gold_gain":0,"player_choice":"Became a vampire","damage_taken":0,"max_hp_gain":0,"max_hp_loss":21,"event_name":"Vampires","floor":22,"gold_loss":0,"cards_obtained":["Bite","Bite","Bite","Bite","Bite"]}],"is_beta":false,"boss_relics":[{"not_picked":["Cursed Key","Sozu"],"picked":"Black Star"}],"items_purged_floors":[3],"is_endless":false,"potions_floor_spawned":[4,5,7,11,18,21],"killed_by":"Gremlin Leader","ascension_level":10}