{"gold_per_floor":[117,117,292,309,329,8,25,25,25,0,26,26,40,58,58,163,163,182,57,69,69,80,80,99,99,126,126,145,60,60,85,85,183,183,202,202,202,222,237,237,269,269,269,69,69,69,82,98,98,98],"floor_reached":51,"playtime":5473,"items_purged":["Regret"],"score":773,"play_id":"cd00087b-b392-49db-915c-f4b671b99822","local_time":"20190221163753","is_ascension_mode":true,"campfire_choices":[{"floor":8,"key":"REST"},{"data":"Catalyst","floor":12,"key":"SMITH"},{"data":"Dodge and Roll","floor":15,"key":"SMITH"},{"data":"Noxious Fumes","floor":23,"key":"SMITH"},{"floor":25,"key":"REST"},{"data":"Neutralize","floor":27,"key":"SMITH"},{"floor":32,"key":"REST"},{"floor":40,"key":"REST"},{"floor":46,"key":"REST"},{"data":"Crippling Poison","floor":49,"key":"SMITH"}],"neow_cost":"NONE","seed_source_timestamp":581491526779300,"circlet_count":0,"master_deck":["Defend_G+1","Defend_G","Defend_G","Defend_G","Defend_G","Strike_G","Strike_G","Strike_G+1","Survivor","Neutralize+1","Poisoned Stab","Backstab","Dodge and Roll+1","Catalyst+1","Deadly Poison","Crippling Poison+1","Deadly Poison+1","Dash","Cloak And Dagger+1","Adrenaline+1","Noxious Fumes+1","Deflect+1","Bouncing Flask+1","Bane+1","Concentrate+1","Well Laid Plans+1","Backflip+1","Burst+1","Crippling Poison+1","Malaise+1","Footwork+1"],"relics":["Ring of the Snake","TwistedFunnel","Toxic Egg 2","Question Card","Astrolabe","PreservedInsect","Omamori","Boot","Velvet Choker","Bag of Marbles","Art of War","Orichalcum"],"potions_floor_usage":[16,16,16,22,33,33,39,48,50,50],"damage_taken":[{"damage":4,"enemies":"2 Louse","floor":1,"turns":3},{"damage":0,"enemies":"Small Slimes","floor":4,"turns":5},{"damage":1,"enemies":"Jaw Worm","floor":5,"turns":2},{"damage":8,"enemies":"Large Slime","floor":7,"turns":8},{"damage":6,"enemies":"Lagavulin","floor":11,"turns":5},{"damage":6,"enemies":"Blue Slaver","floor":13,"turns":2},{"damage":0,"enemies":"Gremlin Gang","floor":14,"turns":2},{"damage":66,"enemies":"Slime Boss","floor":16,"turns":14},{"damage":4,"enemies":"3 Byrds","floor":18,"turns":4},{"damage":0,"enemies":"Spheric Guardian","floor":20,"turns":3},{"damage":2,"enemies":"Snake Plant","floor":22,"turns":3},{"damage":20,"enemies":"Centurion and Healer","floor":24,"turns":6},{"damage":10,"enemies":"Shelled Parasite and Fungi","floor":28,"turns":2},{"damage":15,"enemies":"Slavers","floor":31,"turns":3},{"damage":17,"enemies":"Collector","floor":33,"turns":6},{"damage":4,"enemies":"Orb Walker","floor":35,"turns":4},{"damage":23,"enemies":"3 Darklings","floor":38,"turns":4},{"damage":7,"enemies":"Maw","floor":39,"turns":3},{"damage":22,"enemies":"Reptomancer","floor":41,"turns":5},{"damage":0,"enemies":"Sphere and 2 Shapes","floor":47,"turns":3},{"damage":0,"enemies":"Transient","floor":48,"turns":5},{"damage":32,"enemies":"Donu and Deca","floor":50,"turns":8}],"seed_played":"-5994243507984402695","potions_obtained":[{"floor":4,"key":"Regen Potion"},{"floor":7,"key":"SteroidPotion"},{"floor":14,"key":"LiquidBronze"},{"floor":16,"key":"Weak Potion"},{"floor":22,"key":"PowerPotion"},{"floor":24,"key":"Dexterity Potion"},{"floor":28,"key":"SpeedPotion"},{"floor":31,"key":"Block Potion"},{"floor":38,"key":"Ancient Potion"},{"floor":39,"key":"LiquidBronze"},{"floor":45,"key":"Dexterity Potion"}],"is_trial":false,"path_per_floor":["M","?","?","M","M","$","M","R","T","?","E","R","M","M","R","B",null,"M","$","M","?","M","R","M","R","T","R","M","?","?","E","R","B",null,"M","?","?","M","M","R","E","?","T","$","?","R","M","M","R","B",null],"character_chosen":"THE_SILENT","items_purchased":["TwistedFunnel","Catalyst","Deadly Poison","Deflect+1","Orichalcum","SkillPotion"],"campfire_rested":5,"item_purchase_floors":[6,6,6,19,44,44],"current_hp_per_floor":[73,58,58,58,57,57,49,72,72,72,66,66,60,60,60,9,77,73,73,73,73,71,71,51,74,74,74,64,64,64,49,72,55,77,73,73,77,54,47,70,48,48,48,48,48,71,71,71,71,39],"gold":98,"neow_bonus":"TEN_PERCENT_HP_BONUS","is_prod":false,"is_daily":false,"chose_seed":false,"campfire_upgraded":5,"win_rate":0,"timestamp":1550785073,"path_taken":["M","?","?","?","M","$","M","R","T","?","E","R","M","M","R","BOSS","M","$","M","?","M","R","M","R","T","R","?","?","?","E","R","BOSS","M","?","?","M","?","R","E","?","T","$","?","R","?","M","R","BOSS"],"build_version":"2019-01-23","purchased_purges":1,"victory":true,"max_hp_per_floor":[77,77,77,77,77,77,77,77,77,77,77,77,77,77,77,77,77,77,77,77,77,77,77,77,77,77,77,77,77,77,77,77,77,77,77,77,77,77,77,77,77,77,77,77,77,77,77,77,77,77],"card_choices":[{"not_picked":["Backflip","Deadly Poison"],"picked":"Poisoned Stab","floor":1},{"not_picked":["Deflect","Reflex"],"picked":"Backstab","floor":4},{"not_picked":["Underhanded Strike","All Out Attack"],"picked":"Dodge and Roll","floor":5},{"not_picked":["Deadly Poison","Grand Finale"],"picked":"Crippling Poison","floor":7},{"not_picked":["Grand Finale","Dagger Throw"],"picked":"Deadly Poison+1","floor":11},{"not_picked":["Caltrops","Underhanded Strike","Prepared+1"],"picked":"Dash","floor":13},{"not_picked":["Flying Knee","Acrobatics+1","Concentrate+1"],"picked":"Cloak And Dagger+1","floor":14},{"not_picked":["Doppelganger+1","A Thousand Cuts","Bullet Time+1"],"picked":"Adrenaline+1","floor":16},{"not_picked":["Predator","PiercingWail+1","Eviscerate"],"picked":"Noxious Fumes","floor":18},{"not_picked":["Concentrate+1","Expertise+1","Flechettes"],"picked":"Bouncing Flask+1","floor":20},{"not_picked":["Footwork","Dodge and Roll+1","Skewer"],"picked":"Bane+1","floor":22},{"not_picked":["Choke","Deadly Poison+1","Tools of the Trade"],"picked":"Concentrate+1","floor":24},{"not_picked":["Tactician+1","Backstab","Accuracy"],"picked":"Well Laid Plans+1","floor":28},{"not_picked":["Night Terror+1","Sucker Punch+1","Choke+1"],"picked":"Backflip+1","floor":31},{"not_picked":["Corpse Explosion+1","Malaise+1","Adrenaline+1"],"picked":"Burst+1","floor":33},{"not_picked":["Caltrops","Backflip+1","Distraction+1","Riddle With Holes+1"],"picked":"SKIP","floor":35},{"not_picked":["Deflect+1","Slice","Dagger Throw+1"],"picked":"Crippling Poison+1","floor":38},{"not_picked":["Outmaneuver+1","Dagger Spray+1","Finisher+1","Setup+1"],"picked":"SKIP","floor":39},{"not_picked":["Tactician+1","Footwork","Endless Agony"],"picked":"Malaise+1","floor":41},{"not_picked":["Bane","Predator+1","Dodge and Roll+1"],"picked":"Footwork+1","floor":47},{"not_picked":["Tactician+1","Terror+1","Outmaneuver+1","Prepared+1"],"picked":"SKIP","floor":48}],"player_experience":257845,"relics_obtained":[{"floor":9,"key":"Toxic Egg 2"},{"floor":11,"key":"Question Card"},{"floor":26,"key":"PreservedInsect"},{"floor":31,"key":"Boot"},{"floor":41,"key":"Bag of Marbles"},{"floor":43,"key":"Art of War"}],"event_choices":[{"damage_healed":0,"gold_gain":0,"player_choice":"Entered Light","damage_taken":15,"max_hp_gain":0,"max_hp_loss":0,"event_name":"Shining Light","floor":2,"gold_loss":0,"cards_upgraded":["Strike_G","Defend_G"]},{"damage_healed":0,"gold_gain":175,"player_choice":"AGREE","damage_taken":0,"max_hp_gain":0,"max_hp_loss":0,"event_name":"Liars Game","floor":3,"gold_loss":0,"cards_obtained":["Doubt"]},{"damage_healed":0,"gold_gain":0,"player_choice":"Left Gold","damage_taken":0,"max_hp_gain":0,"max_hp_loss":0,"event_name":"World of Goop","floor":10,"gold_loss":25},{"damage_healed":0,"gold_gain":0,"player_choice":"Leave","damage_taken":0,"max_hp_gain":0,"max_hp_loss":0,"event_name":"FaceTrader","floor":21,"gold_loss":0},{"damage_healed":0,"gold_gain":0,"player_choice":"Obtained Relic","damage_taken":0,"relics_obtained":["Omamori"],"max_hp_gain":0,"max_hp_loss":0,"event_name":"Addict","floor":29,"gold_loss":85},{"damage_healed":0,"gold_gain":0,"player_choice":"Ignored","damage_taken":0,"max_hp_gain":0,"max_hp_loss":0,"event_name":"Ghosts","floor":30,"gold_loss":0},{"cards_removed":["A Thousand Cuts"],"damage_healed":0,"gold_gain":0,"player_choice":"Removed Power","damage_taken":0,"max_hp_gain":0,"max_hp_loss":0,"event_name":"Falling","floor":36,"gold_loss":0},{"cards_removed":["Expertise"],"damage_healed":4,"gold_gain":0,"player_choice":"Offered Uncommon","damage_taken":0,"max_hp_gain":0,"max_hp_loss":0,"event_name":"Bonfire Elementals","floor":37,"gold_loss":0},{"damage_healed":0,"gold_gain":0,"player_choice":"Ignored","damage_taken":0,"max_hp_gain":0,"max_hp_loss":0,"event_name":"Tomb of Lord Red Mask","floor":42,"gold_loss":0},{"damage_healed":0,"gold_gain":0,"player_choice":"Got Potions","damage_taken":0,"max_hp_gain":0,"max_hp_loss":0,"event_name":"Lab","floor":45,"gold_loss":0}],"is_beta":false,"boss_relics":[{"not_picked":["Calling Bell","HoveringKite"],"picked":"Astrolabe"},{"not_picked":["Snecko Eye","Runic Pyramid"],"picked":"Velvet Choker"}],"items_purged_floors":[19],"is_endless":false,"potions_floor_spawned":[4,7,14,16,22,24,28,31,38,39],"ascension_level":3}