{"gold_per_floor":[111,186,198,217,34,34,67,84,108,108,108,119,219,229,229,229],"floor_reached":16,"playtime":1855,"items_purged":[],"score":153,"play_id":"f9b76d2e-039c-42c2-863f-2e6c19d63715","local_time":"20181130103038","is_ascension_mode":true,"campfire_choices":[{"data":"Dash","floor":6,"key":"SMITH"},{"floor":11,"key":"REST"},{"floor":15,"key":"REST"}],"neow_cost":"NONE","seed_source_timestamp":1082544739038373,"circlet_count":0,"master_deck":["AscendersBane","Defend_G","Defend_G+1","Defend_G+1","Defend_G","Defend_G","Strike_G","Strike_G","Strike_G+1","Strike_G","Strike_G","Survivor","Neutralize","Blade Dance+1","All Out Attack","Dodge and Roll","Dash+1","Outmaneuver","Distraction","Quick Slash","Wraith Form v2"],"relics":["Ring of the Snake","NeowsBlessing","Bronze Scales","War Paint","Smiling Mask"],"potions_floor_usage":[],"damage_taken":[{"damage":0,"enemies":"2 Louse","floor":1,"turns":1},{"damage":0,"enemies":"Small Slimes","floor":3,"turns":1},{"damage":0,"enemies":"Jaw Worm","floor":4,"turns":1},{"damage":14,"enemies":"Gremlin Nob","floor":7,"turns":5},{"damage":2,"enemies":"Looter","floor":8,"turns":3},{"damage":2,"enemies":"Red Slaver","floor":12,"turns":5},{"damage":5,"enemies":"2 Fungi Beasts","floor":14,"turns":4},{"damage":5,"enemies":"The Guardian","floor":16,"turns":3}],"seed_played":"-5847097876119260153","potions_obtained":[{"floor":4,"key":"SpeedPotion"},{"floor":14,"key":"SpeedPotion"}],"is_trial":false,"path_per_floor":["M","?","M","M","$","R","E","M","T","?","R","M","?","M","R","B"],"character_chosen":"THE_SILENT","items_purchased":["Bronze Scales","Dash"],"campfire_rested":2,"item_purchase_floors":[5,5],"current_hp_per_floor":[63,52,52,52,52,52,38,36,36,22,43,41,41,36,57,52],"gold":229,"neow_bonus":"THREE_ENEMY_KILL","is_prod":false,"is_daily":false,"chose_seed":false,"campfire_upgraded":1,"win_rate":0,"timestamp":1543570238,"path_taken":["M","?","M","M","$","R","E","M","T","?","R","?","?","M","R","BOSS"],"build_version":"2018-11-15","purchased_purges":0,"victory":false,"max_hp_per_floor":[70,70,70,70,70,70,70,70,70,70,70,70,70,70,70,70],"card_choices":[{"not_picked":["Prepared","Terror"],"picked":"Blade Dance","floor":1},{"not_picked":["Slice","Dodge and Roll"],"picked":"All Out Attack","floor":3},{"not_picked":["Heel Hook","Outmaneuver"],"picked":"Dodge and Roll","floor":4},{"not_picked":["Quick Slash","Finisher"],"picked":"Outmaneuver","floor":7},{"not_picked":["Prepared","Dagger Throw"],"picked":"Distraction","floor":8},{"not_picked":["Catalyst","Bane"],"picked":"Quick Slash","floor":12},{"not_picked":["Reflex","Acrobatics"],"picked":"Wraith Form v2","floor":14}],"player_experience":1405489,"relics_obtained":[{"floor":7,"key":"War Paint"},{"floor":9,"key":"Smiling Mask"}],"event_choices":[{"damage_healed":0,"gold_gain":75,"player_choice":"Gather Gold","damage_taken":11,"max_hp_gain":0,"max_hp_loss":0,"event_name":"World of Goop","floor":2,"gold_loss":0},{"damage_healed":0,"gold_gain":0,"player_choice":"Entered Light","damage_taken":14,"max_hp_gain":0,"max_hp_loss":0,"event_name":"Shining Light","floor":10,"gold_loss":0,"cards_upgraded":["Blade Dance","Strike_G"]},{"damage_healed":0,"gold_gain":100,"player_choice":"Pray","damage_taken":0,"max_hp_gain":0,"max_hp_loss":0,"event_name":"Golden Shrine","floor":13,"gold_loss":0}],"is_beta":false,"boss_relics":[],"items_purged_floors":[],"is_endless":false,"potions_floor_spawned":[4,14],"killed_by":"The Guardian","ascension_level":10}