{"gold_per_floor":[367,379,33,46,46,46,75,75,75,75,75,75,90,100,100,197,197,137],"floor_reached":18,"playtime":957,"items_purged":[],"score":224,"play_id":"7effd777-167a-43a2-a618-801dc9cca231","local_time":"20180815132122","is_ascension_mode":true,"campfire_choices":[{"data":"Consume","floor":6.0,"key":"SMITH"},{"data":"Fusion","floor":8.0,"key":"SMITH"},{"data":"Zap","floor":10.0,"key":"SMITH"},{"floor":15.0,"key":"REST"}],"neow_cost":"TEN_PERCENT_HP_LOSS","seed_source_timestamp":0,"circlet_count":0,"master_deck":["Strike_B","Strike_B","Defend_B","Defend_B","Defend_B","Defend_B","Zap+1","Dualcast","Ball Lightning","Leap","Consume+1","Fusion+1","White Noise","Reinforced Body"],"special_seed":0,"relics":["Cracked Core","Toolbox","Regal Pillow","Ginger","Blue Candle","NlothsMask","Black Star"],"potions_floor_usage":[],"damage_taken":[{"damage":4.0,"enemies":"Jaw Worm","floor":1.0,"turns":4.0},{"damage":1.0,"enemies":"Cultist","floor":2.0,"turns":3.0},{"damage":0.0,"enemies":"Small Slimes","floor":4.0,"turns":2.0},{"damage":16.0,"enemies":"Lagavulin","floor":7.0,"turns":6.0},{"damage":30.0,"enemies":"Gremlin Gang","floor":13.0,"turns":2.0},{"damage":9.0,"enemies":"Red Slaver","floor":14.0,"turns":3.0},{"damage":2.0,"enemies":"Slime Boss","floor":16.0,"turns":7.0},{"damage":25,"enemies":"2 Thieves","floor":18,"turns":3}],"seed_played":"672844548074366157","potions_obtained":[{"floor":2.0,"key":"Weak Potion"},{"floor":4.0,"key":"LiquidBronze"},{"floor":7.0,"key":"Dexterity Potion"},{"floor":13.0,"key":"Fire Potion"}],"is_trial":false,"path_per_floor":["M","M","$","M","?","R","E","R","T","R","?","?","M","M","R","B",null],"character_chosen":"DEFECT","items_purchased":["Toolbox","Regal Pillow"],"campfire_rested":1,"item_purchase_floors":[3,3],"current_hp_per_floor":[64,63,63,63,63,63,51,51,51,51,51,51,21,16,51,49,63,38],"gold":137,"neow_bonus":"TWO_FIFTY_GOLD","is_prod":false,"is_daily":false,"chose_seed":false,"campfire_upgraded":3,"win_rate":0,"timestamp":1534332082,"path_taken":["M","M","$","M","?","R","E","R","T","R","?","?","M","?","R","BOSS","M"],"build_version":"2018-08-09","purchased_purges":0,"victory":false,"max_hp_per_floor":[68,68,68,68,68,68,68,68,68,68,68,68,68,68,68,68,68,68],"card_choices":[{"not_picked":["Fusion","Scrape"],"picked":"Ball Lightning","floor":1.0},{"not_picked":["Cold Snap","Redo"],"picked":"Leap","floor":2.0},{"not_picked":["Streamline","Steam"],"picked":"Consume","floor":4.0},{"not_picked":["Leap","Streamline"],"picked":"Fusion","floor":7.0},{"not_picked":["Scrape","Storm"],"picked":"White Noise","floor":13.0},{"not_picked":["Streamline","Loop"],"picked":"Reinforced Body","floor":14.0}],"player_experience":883833,"relics_obtained":[{"floor":7.0,"key":"Ginger"},{"floor":9.0,"key":"Blue Candle"}],"event_choices":[{"event_name":"Purifier","player_choice":"One Purge","floor":5.0,"damage_taken":0.0},{"event_name":"FaceTrader","player_choice":"Trade","floor":11.0,"damage_taken":0.0},{"event_name":"Bonfire Elementals","player_choice":"BASIC","floor":12.0,"damage_taken":0.0}],"is_beta":false,"boss_relics":[{"not_picked":["Eternal Feather","White Beast Statue"],"picked":"Black Star"}],"items_purged_floors":[],"is_endless":false,"potions_floor_spawned":[2,4,7,13],"killed_by":"2 Thieves","ascension_level":8}