{"path_per_floor":["M","M","?","M","M","E","M","R","T","E","M","?","$","E","R","B",null,"M","M","M","?","M","R","E","?","T","E","?","E","M","M","R","B",null,"M","?","$","M","M","E","R","E","T","?","M","?","M","M","R"],"character_chosen":"IRONCLAD","items_purchased":["Madness+1","Vajra","Regal Pillow","Dark Shackles+1","EssenceOfSteel","LiquidBronze"],"gold_per_floor":[110,130,130,150,166,201,221,221,221,248,267,267,15,54,54,175,175,194,210,229,154,174,174,217,217,243,274,317,351,370,384,384,503,503,517,517,39,59,78,116,116,160,160,218,241,241,259,273,273,273],"floor_reached":50,"campfire_rested":6,"playtime":20018,"item_purchase_floors":[],"current_hp_per_floor":[71,70,54,52,43,9,22,46,46,50,57,57,57,46,68,68,73,53,45,50,50,56,80,45,88,88,65,60,57,43,53,82,27,80,61,85,85,71,56,60,102,76,76,81,70,60,80,78,122,23],"items_purged":["Writhe"],"gold":273,"score":959,"play_id":"57ef4013-43e8-4cd1-b92d-807b03eb3cc0","local_time":"20180608172835","is_prod":false,"is_daily":false,"chose_seed":false,"is_ascension_mode":true,"campfire_upgraded":0,"win_rate":0,"timestamp":1528471715,"campfire_choices":[{"floor":8.0,"key":"REST"},{"floor":15.0,"key":"REST"},{"floor":23.0,"key":"REST"},{"floor":32,"key":"REST"},{"floor":41,"key":"REST"},{"floor":49,"key":"REST"}],"path_taken":["M","M","?","M","M","E","M","R","T","E","M","?","$","E","R","BOSS","M","M","M","?","M","R","E","?","T","E","?","E","M","?","R","BOSS","M","?","$","M","M","E","R","E","T","?","M","?","M","M","R","BOSS"],"build_version":"2018-06-07","seed_source_timestamp":0,"purchased_purges":1,"victory":false,"master_deck":["Strike_R","Strike_R+1","Defend_R","Defend_R","Defend_R","Bash+1","Flex","Clash","Twin Strike","Blood for Blood","Cleave","Rage+1","Feed","Madness+1","Combust","Berserk","Clash+1","Rampage+1","Corruption+1","Warcry+1","Shrug It Off+1","Headbutt+1","Demon Form","Bloodletting+1","Shrug It Off+1","Fire Breathing+1","Twin Strike+1","Flame Barrier+1","Clash","Limit Break+1","Heavy Blade+1","Dark Shackles+1","Havoc+1","Clothesline+1","Anger+1","Flame Barrier+1","Secret Technique+1","Finesse+1","Master of Strategy+1","Pommel Strike+1","Ghostly Armor+1"],"max_hp_per_floor":[80,80,80,80,80,80,80,80,80,80,80,74,74,74,74,74,74,74,77,77,77,80,80,88,88,88,91,94,94,94,97,97,97,97,97,97,97,97,102,102,102,102,102,119,119,119,122,122,122,122],"relics":["Black Blood","Meat on the Bone","Self Forming Clay","Toxic Egg 2","Golden Idol","Vajra","Letter Opener","Astrolabe","Ice Cream","Happy Flower","Gambling Chip","Red Mask","Red Skull","Regal Pillow","Pen Nib","Matryoshka","Bottled Flame","Gremlin Horn","Mango"],"card_choices":[{"not_picked":["Intimidate","Body Slam"],"picked":"Flex","floor":1.0},{"not_picked":["Havoc","Flex"],"picked":"Sentinel","floor":2.0},{"not_picked":["Wild Strike","Sword Boomerang"],"picked":"Clash","floor":4.0},{"not_picked":["Pommel Strike","Brutality"],"picked":"Twin Strike","floor":5.0},{"not_picked":["Anger","Sword Boomerang"],"picked":"Blood for Blood","floor":6.0},{"not_picked":["Havoc","Combust"],"picked":"Cleave","floor":7.0},{"not_picked":["Wild Strike","True Grit"],"picked":"Rage","floor":10.0},{"not_picked":["Pommel Strike","Infernal Blade+1"],"picked":"Feed","floor":11.0},{"not_picked":["Sword Boomerang","Warcry+1"],"picked":"Combust","floor":14.0},{"not_picked":["Offering+1","Fiend Fire"],"picked":"Berserk","floor":16.0},{"not_picked":["Reckless Charge","Pommel Strike"],"picked":"Warcry+1","floor":18.0},{"not_picked":["True Grit+1","Wild Strike"],"picked":"Shrug It Off+1","floor":19.0},{"not_picked":["Sword Boomerang+1","Cleave"],"picked":"Headbutt+1","floor":20.0},{"not_picked":["Headbutt+1","Anger"],"picked":"Demon Form","floor":22.0},{"not_picked":["Intimidate+1","Havoc+1"],"picked":"Bloodletting+1","floor":24.0},{"not_picked":["Clash","Clothesline"],"picked":"Shrug It Off+1","floor":27.0},{"not_picked":["Pommel Strike","Rampage"],"picked":"Fire Breathing+1","floor":28.0},{"not_picked":["Clothesline","Sword Boomerang"],"picked":"Twin Strike+1","floor":29},{"not_picked":["Shrug It Off+1","Iron Wave+1"],"picked":"Flame Barrier+1","floor":30},{"not_picked":["Clothesline","Twin Strike"],"picked":"Clash","floor":31},{"not_picked":["Berserk","Juggernaut"],"picked":"Limit Break+1","floor":33},{"not_picked":["Warcry+1","Perfected Strike"],"picked":"Heavy Blade+1","floor":35},{"not_picked":["Headbutt","Combust+1","Body Slam+1"],"picked":"SKIP","floor":38},{"not_picked":["Heavy Blade+1","Combust+1"],"picked":"Havoc+1","floor":39},{"not_picked":["Reaper","Uppercut"],"picked":"Clothesline+1","floor":40},{"not_picked":["Sword Boomerang","Headbutt"],"picked":"Anger+1","floor":42},{"not_picked":["Clothesline+1","Rampage+1"],"picked":"Flame Barrier+1","floor":44},{"not_picked":["Searing Blow+1","Cleave+1","Juggernaut"],"picked":"SKIP","floor":45},{"not_picked":["Panacea+1","Bandage Up+1"],"picked":"Secret Technique+1","floor":46},{"not_picked":["Jack Of All Trades+1","Enlightenment+1"],"picked":"Finesse+1","floor":46},{"not_picked":["Sadistic Nature","Magnetism"],"picked":"Master of Strategy+1","floor":46},{"not_picked":["Wild Strike","Anger"],"picked":"Pommel Strike+1","floor":47},{"not_picked":["True Grit+1","Corruption"],"picked":"Ghostly Armor+1","floor":48}],"player_experience":589218,"potions_floor_usage":[30,35,39,40,47,47,50,50,50],"damage_taken":[{"damage":7.0,"enemies":"Small Slimes","floor":1.0,"turns":3.0},{"damage":7.0,"enemies":"Jaw Worm","floor":2.0,"turns":3.0},{"damage":8.0,"enemies":"2 Louse","floor":4.0,"turns":2.0},{"damage":15.0,"enemies":"Large Slime","floor":5.0,"turns":6.0},{"damage":40.0,"enemies":"Lagavulin","floor":6.0,"turns":4.0},{"damage":5.0,"enemies":"2 Fungi Beasts","floor":7.0,"turns":3.0},{"damage":14.0,"enemies":"3 Sentries","floor":10.0,"turns":6.0},{"damage":11.0,"enemies":"Looter","floor":11.0,"turns":3.0},{"damage":29.0,"enemies":"Gremlin Nob","floor":14.0,"turns":4.0},{"damage":6.0,"enemies":"Slime Boss","floor":16.0,"turns":7.0},{"damage":26.0,"enemies":"2 Thieves","floor":18.0,"turns":4.0},{"damage":29.0,"enemies":"Shell Parasite","floor":19.0,"turns":5.0},{"damage":1.0,"enemies":"Centurion and Healer","floor":20.0,"turns":5.0},{"damage":3.0,"enemies":"Chosen and Byrds","floor":22.0,"turns":5.0},{"damage":61.0,"enemies":"Book of Stabbing","floor":24.0,"turns":7.0},{"damage":32.0,"enemies":"Slavers","floor":27.0,"turns":4.0},{"damage":26.0,"enemies":"Masked Bandits","floor":28.0,"turns":4.0},{"damage":9,"enemies":"Book of Stabbing","floor":29,"turns":4},{"damage":32,"enemies":"Cultist and Chosen","floor":30,"turns":6},{"damage":11,"enemies":"Centurion and Healer","floor":31,"turns":5},{"damage":73,"enemies":"Automaton","floor":33,"turns":8},{"damage":29,"enemies":"3 Darklings","floor":35,"turns":6},{"damage":24,"enemies":"Orb Walker","floor":38,"turns":4},{"damage":42,"enemies":"Maw","floor":39,"turns":7},{"damage":18,"enemies":"Nemesis","floor":40,"turns":7},{"damage":36,"enemies":"Giant Head","floor":42,"turns":7},{"damage":34,"floor":44,"turns":4},{"damage":33,"enemies":"3 Darklings","floor":45,"turns":4},{"damage":4,"enemies":"4 Shapes","floor":47,"turns":3},{"damage":24,"enemies":"Maw","floor":48,"turns":7},{"damage":99,"enemies":"Awakened One","floor":50,"turns":10}],"relics_obtained":[{"floor":6.0,"key":"Meat on the Bone"},{"floor":9.0,"key":"Self Forming Clay"},{"floor":10.0,"key":"Toxic Egg 2"},{"floor":14.0,"key":"Letter Opener"},{"floor":24.0,"key":"Ice Cream"},{"floor":26.0,"key":"Happy Flower"},{"floor":27.0,"key":"Gambling Chip"},{"floor":28.0,"key":"Red Mask"},{"floor":29,"key":"Red Skull"},{"floor":40,"key":"Pen Nib"},{"floor":42,"key":"Matryoshka"},{"floor":43,"key":"Bottled Flame"},{"floor":43,"key":"Gremlin Horn"},{"floor":44,"key":"Mango"}],"event_choices":[{"event_name":"Shining Light","player_choice":"Entered Light","floor":3.0,"damage_taken":0.0},{"event_name":"Golden Idol","player_choice":"Lose Max HP","floor":12.0,"damage_taken":0.0},{"event_name":"Beggar","player_choice":"Gave Gold","floor":21.0,"damage_taken":0.0},{"event_name":"Bonfire Elementals","player_choice":"UNCOMMON","floor":25.0,"damage_taken":0.0},{"event_name":"Masked Bandits","player_choice":"Fought over 274 gold","floor":28.0,"damage_taken":0.0},{"event_name":"Winding Halls","player_choice":"Writhe","floor":36,"damage_taken":0},{"event_name":"Mysterious Sphere","player_choice":"Fight","floor":44,"damage_taken":0},{"event_name":"SensoryStone","player_choice":"Memory 3","floor":46,"damage_taken":0}],"boss_relics":[{"not_picked":["Pandora\u0027s Box","Eternal Feather"],"picked":"Astrolabe"},{"not_picked":["Runic Pyramid","Philosopher\u0027s Stone"],"picked":"Black Blood"}],"items_purged_floors":[37],"potions_floor_spawned":[1,7,11,16,20,22,28,33,38,42,45,47,48],"seed_played":"1304779939643564840","killed_by":"Awakened One","ascension_level":6,"potions_obtained":[{"floor":1.0,"key":"SteroidPotion"},{"floor":7.0,"key":"GamblersBrew"},{"floor":11.0,"key":"Strength Potion"},{"floor":16.0,"key":"Ancient Potion"},{"floor":20.0,"key":"EssenceOfSteel"},{"floor":22.0,"key":"Fruit Juice"},{"floor":28.0,"key":"Energy Potion"},{"floor":33,"key":"Weak Potion"},{"floor":38,"key":"Fruit Juice"},{"floor":42,"key":"Energy Potion"},{"floor":45,"key":"BloodPotion"},{"floor":47,"key":"Dexterity Potion"},{"floor":48,"key":"Poison Potion"}],"is_trial":false}