{"gold_per_floor":[115,129,147,158,173,173,183,104,152,176,191,191],"floor_reached":12,"playtime":1287,"items_purged":[],"score":148,"play_id":"b41a284e-d730-4aa4-b11d-9b966c46599b","local_time":"20181214203717","is_ascension_mode":true,"campfire_choices":[{"data":"Footwork","floor":6,"key":"SMITH"}],"neow_cost":"NONE","seed_source_timestamp":470073144932232,"circlet_count":0,"master_deck":["AscendersBane","Defend_G","Defend_G","Defend_G","Defend_G","Defend_G","Strike_G","Strike_G","Strike_G","Strike_G","Strike_G","Survivor","Neutralize","Expertise","Dagger Spray","Poisoned Stab","Accuracy","Footwork+1","Footwork","Caltrops","Corpse Explosion","Deflect"],"relics":["Ring of the Snake","NeowsBlessing","Happy Flower","Odd Mushroom"],"potions_floor_usage":[10,10,12,12],"damage_taken":[{"damage":0,"enemies":"Small Slimes","floor":1,"turns":1},{"damage":0,"enemies":"Jaw Worm","floor":2,"turns":1},{"damage":0,"enemies":"Cultist","floor":3,"turns":1},{"damage":4,"enemies":"Looter","floor":4,"turns":4},{"damage":8,"enemies":"Exordium Wildlife","floor":5,"turns":5},{"damage":2,"enemies":"3 Louse","floor":7,"turns":4},{"damage":18,"enemies":"The Mushroom Lair","floor":10,"turns":4},{"damage":7,"enemies":"Red Slaver","floor":11,"turns":5},{"damage":19,"enemies":"Gremlin Nob","floor":12,"turns":4}],"seed_played":"3338031558379568289","potions_obtained":[{"floor":1,"key":"Strength Potion"},{"floor":4,"key":"GamblersBrew"},{"floor":10,"key":"Ancient Potion"},{"floor":11,"key":"Strength Potion"}],"is_trial":false,"path_per_floor":["M","M","M","M","M","R","M","$","T","?","M","E"],"character_chosen":"THE_SILENT","items_purchased":["Caltrops"],"campfire_rested":0,"item_purchase_floors":[8],"current_hp_per_floor":[59,59,59,55,47,47,45,45,45,27,20,1],"gold":191,"neow_bonus":"THREE_ENEMY_KILL","is_prod":false,"is_daily":false,"chose_seed":false,"campfire_upgraded":1,"win_rate":0,"timestamp":1544837837,"path_taken":["M","M","M","M","M","R","M","$","T","?","M","E"],"build_version":"2018-12-13","purchased_purges":0,"victory":false,"max_hp_per_floor":[66,66,66,66,66,66,66,66,66,66,66,66],"card_choices":[{"not_picked":["PiercingWail","Acrobatics"],"picked":"Expertise","floor":1},{"not_picked":["Reflex","Slice"],"picked":"Dagger Spray","floor":2},{"not_picked":["Deadly Poison","Escape Plan"],"picked":"Poisoned Stab","floor":3},{"not_picked":["Blade Dance","Dodge and Roll"],"picked":"Accuracy","floor":4},{"not_picked":["Catalyst","Finisher"],"picked":"Footwork","floor":5},{"not_picked":["Flying Knee","PiercingWail"],"picked":"Footwork","floor":7},{"not_picked":["Poisoned Stab","Blur"],"picked":"Corpse Explosion","floor":10},{"not_picked":["Setup","Outmaneuver"],"picked":"Deflect","floor":11}],"player_experience":1232808,"relics_obtained":[{"floor":9,"key":"Happy Flower"},{"floor":10,"key":"Odd Mushroom"}],"event_choices":[{"damage_healed":0,"gold_gain":0,"player_choice":"Fought Mushrooms","damage_taken":0,"max_hp_gain":0,"max_hp_loss":0,"event_name":"Mushrooms","floor":10,"gold_loss":0}],"is_beta":true,"boss_relics":[],"items_purged_floors":[],"is_endless":false,"potions_floor_spawned":[1,4,7,10,11],"killed_by":"Gremlin Nob","ascension_level":20}