{"gold_per_floor":[117,117,117,117,134,167,167,202,227,237,412,412,93,111,111,207,207,225,225,225,42,62,62,73,88,88,101,131,143,158,168,168,265,265,278,0,0],"floor_reached":37,"playtime":1385,"items_purged":["Pain","Doubt"],"score":707,"play_id":"2589afdc-cfc7-4666-844c-933271f8c44b","local_time":"20190121122204","is_ascension_mode":true,"campfire_choices":[{"data":"Terror","floor":7,"key":"SMITH"},{"data":"1","floor":12,"key":"LIFT"},{"data":"2","floor":15,"key":"LIFT"},{"data":"3","floor":23,"key":"LIFT"},{"floor":32,"key":"REST"}],"neow_cost":"NONE","seed_source_timestamp":986140719164925,"circlet_count":0,"master_deck":["AscendersBane","Defend_G","Defend_G","Defend_G","Defend_G","Defend_G","Strike_G+1","Strike_G","Strike_G+1","Strike_G","Strike_G","Survivor","Neutralize","Footwork","Terror+1","Quick Slash","Dodge and Roll","Bane","Distraction","Adrenaline","Bouncing Flask+1","RitualDagger","Noxious Fumes","Poisoned Stab","Flying Knee","Predator","Crippling Poison","Poisoned Stab","Catalyst","Sucker Punch+1","PiercingWail+1","Flechettes","Envenom","Normality","Writhe","Doubt"],"relics":["Ring of the Snake","NeowsBlessing","Snake Skull","WarpedTongs","Bottled Tornado","Girya","Whetstone","Meat on the Bone","Black Star","Nunchaku","Dream Catcher","Bird Faced Urn","Calling Bell","Vajra","Gremlin Horn","Gambling Chip","Red Mask"],"potions_floor_usage":[16,27,28,33,35],"damage_taken":[{"damage":0,"enemies":"Jaw Worm","floor":1,"turns":1},{"damage":1,"enemies":"Small Slimes","floor":5,"turns":2},{"damage":1,"enemies":"Gremlin Nob","floor":6,"turns":1},{"damage":29,"enemies":"Lagavulin","floor":8,"turns":6},{"damage":0,"enemies":"Cultist","floor":10,"turns":2},{"damage":0,"enemies":"3 Louse","floor":14,"turns":5},{"damage":9,"enemies":"Hexaghost","floor":16,"turns":9},{"damage":15,"enemies":"Spheric Guardian","floor":18,"turns":4},{"damage":2,"enemies":"Chosen","floor":22,"turns":3},{"damage":20,"enemies":"3 Cultists","floor":24,"turns":5},{"damage":10,"enemies":"Shelled Parasite and Fungi","floor":25,"turns":4},{"damage":3,"enemies":"Snecko","floor":27,"turns":3},{"damage":30,"enemies":"Book of Stabbing","floor":28,"turns":5},{"damage":12,"enemies":"Snake Plant","floor":29,"turns":4},{"damage":8,"enemies":"Sentry and Sphere","floor":30,"turns":5},{"damage":20,"enemies":"Centurion and Healer","floor":31,"turns":4},{"damage":46,"enemies":"Collector","floor":33,"turns":6},{"damage":35,"enemies":"3 Darklings","floor":35,"turns":4},{"damage":24,"enemies":"2 Orb Walkers","floor":37,"turns":2}],"seed_played":"2063899873420201042","potions_obtained":[{"floor":1,"key":"Weak Potion"},{"floor":6,"key":"Weak Potion"},{"floor":14,"key":"PowerPotion"},{"floor":22,"key":"Swift Potion"},{"floor":24,"key":"Fire Potion"},{"floor":25,"key":"PowerPotion"},{"floor":31,"key":"AttackPotion"},{"floor":33,"key":"Swift Potion"}],"is_trial":false,"path_per_floor":["M","?","?","?","M","E","R","E","T","M","?","R","$","M","R","B",null,"M","?","?","$","M","R","M","M","T","M","E","M","M","M","R","B",null,"M","?","?"],"character_chosen":"THE_SILENT","items_purchased":["Meat on the Bone","Noxious Fumes","Poisoned Stab"],"campfire_rested":1,"item_purchase_floors":[13,21,21],"current_hp_per_floor":[63,63,56,56,55,54,54,25,25,25,25,25,25,37,37,40,63,48,42,42,42,40,40,32,34,34,43,25,29,35,29,50,18,57,38,38,14],"gold":0,"neow_bonus":"THREE_ENEMY_KILL","is_prod":false,"is_daily":false,"chose_seed":false,"campfire_upgraded":1,"win_rate":0,"timestamp":1548069724,"path_taken":["M","?","?","?","M","E","R","E","T","?","?","R","$","M","R","BOSS","M","?","?","$","M","R","M","M","T","M","E","M","M","M","R","BOSS","M","?","?"],"build_version":"2019-01-17v2","purchased_purges":2,"victory":false,"max_hp_per_floor":[70,70,70,70,70,70,70,70,70,70,70,70,70,70,70,70,70,70,70,70,70,70,70,70,70,70,70,70,70,70,70,70,70,70,70,70,70],"card_choices":[{"not_picked":["Blade Dance","Sucker Punch"],"picked":"Footwork","floor":1},{"not_picked":["Cloak And Dagger","Blade Dance"],"picked":"Terror","floor":5},{"not_picked":["Acrobatics","Masterful Stab"],"picked":"Quick Slash","floor":6},{"not_picked":["Prepared","Catalyst"],"picked":"Dodge and Roll","floor":8},{"not_picked":["Catalyst","Cloak And Dagger"],"picked":"Bane","floor":10},{"not_picked":["Flechettes","Eviscerate"],"picked":"Distraction","floor":14},{"not_picked":["Night Terror","Grand Finale"],"picked":"Adrenaline","floor":16},{"not_picked":["Dagger Throw","Flechettes"],"picked":"Bouncing Flask+1","floor":18},{"not_picked":["Outmaneuver","Slice"],"picked":"Flying Knee","floor":22},{"not_picked":["Dodge and Roll","Infinite Blades"],"picked":"Predator","floor":24},{"not_picked":["Quick Slash","Cloak And Dagger"],"picked":"Crippling Poison","floor":25},{"not_picked":["PiercingWail+1","Sucker Punch+1"],"picked":"Poisoned Stab","floor":27},{"not_picked":["Tactician","Storm of Steel","Slice"],"picked":"SKIP","floor":28},{"not_picked":["Heel Hook","Quick Slash"],"picked":"Catalyst","floor":29},{"not_picked":["Acrobatics","Dagger Spray"],"picked":"Sucker Punch+1","floor":30},{"not_picked":["Quick Slash","Backstab"],"picked":"PiercingWail+1","floor":31},{"not_picked":["Deflect","Slice"],"picked":"Flechettes","floor":32},{"not_picked":["A Thousand Cuts","Night Terror"],"picked":"Envenom","floor":33},{"not_picked":["Cloak And Dagger+1","Dagger Spray+1","Setup"],"picked":"SKIP","floor":35}],"player_experience":2008460,"relics_obtained":[{"floor":6,"key":"Bottled Tornado"},{"floor":8,"key":"Girya"},{"floor":9,"key":"Whetstone"},{"floor":26,"key":"Nunchaku"},{"floor":28,"key":"Dream Catcher"},{"floor":28,"key":"Bird Faced Urn"},{"floor":34,"key":"Vajra"},{"floor":34,"key":"Gremlin Horn"},{"floor":34,"key":"Gambling Chip"}],"event_choices":[{"damage_healed":0,"gold_gain":0,"player_choice":"Ignored","damage_taken":0,"max_hp_gain":0,"max_hp_loss":0,"event_name":"Golden Wing","floor":2,"gold_loss":0},{"damage_healed":0,"gold_gain":0,"player_choice":"Success","damage_taken":7,"relics_obtained":["Snake Skull"],"max_hp_gain":0,"max_hp_loss":0,"event_name":"Scrap Ooze","floor":3,"gold_loss":0},{"damage_healed":0,"gold_gain":0,"player_choice":"Rummage","damage_taken":0,"relics_obtained":["WarpedTongs"],"max_hp_gain":0,"max_hp_loss":0,"event_name":"Accursed Blacksmith","floor":4,"gold_loss":0,"cards_obtained":["Pain"]},{"damage_healed":0,"gold_gain":175,"player_choice":"AGREE","damage_taken":0,"max_hp_gain":0,"max_hp_loss":0,"event_name":"Liars Game","floor":11,"gold_loss":0,"cards_obtained":["Doubt"]},{"damage_healed":0,"gold_gain":0,"player_choice":"Joined the Cult","damage_taken":6,"max_hp_gain":0,"max_hp_loss":0,"event_name":"Nest","floor":19,"gold_loss":0,"cards_obtained":["RitualDagger"]},{"damage_healed":0,"gold_gain":0,"player_choice":"Ignored","damage_taken":0,"max_hp_gain":0,"max_hp_loss":0,"event_name":"Ghosts","floor":20,"gold_loss":0},{"damage_healed":0,"gold_gain":0,"player_choice":"Paid","damage_taken":0,"relics_obtained":["Red Mask"],"max_hp_gain":0,"max_hp_loss":0,"event_name":"Tomb of Lord Red Mask","floor":36,"gold_loss":278},{"damage_healed":0,"gold_gain":0,"player_choice":"Fight","damage_taken":0,"max_hp_gain":0,"max_hp_loss":0,"event_name":"Mysterious Sphere","floor":37,"gold_loss":0}],"is_beta":false,"boss_relics":[{"not_picked":["HoveringKite","Ectoplasm"],"picked":"Black Star"},{"not_picked":["Tiny House","Orrery"],"picked":"Calling Bell"}],"items_purged_floors":[13,21],"is_endless":false,"potions_floor_spawned":[1,6,14,22,24,25,31,33],"killed_by":"2 Orb Walkers","ascension_level":12}