{"gold_per_floor":[109,124,224,112,112,139,157,157,226,226,226,236,236,253,253,355,355,372,146,163,163,177,177,195,206,231,152,152],"floor_reached":28,"playtime":773,"items_purged":["Strike_R"],"score":231,"play_id":"7fb5e07d-d96a-40ce-bb67-4c33c1c91b74","local_time":"20190203203955","is_ascension_mode":true,"campfire_choices":[{"floor":10,"key":"REST"},{"data":"Iron Wave","floor":13,"key":"SMITH"},{"data":"Iron Wave","floor":15,"key":"SMITH"},{"floor":23,"key":"REST"}],"neow_cost":"TEN_PERCENT_HP_LOSS","seed_source_timestamp":13912039135582178,"circlet_count":0,"master_deck":["Strike_R","Strike_R","Strike_R","Strike_R","Defend_R+1","Defend_R","Defend_R","Bash","Iron Wave+1","Uppercut+1","Inflame","Spot Weakness","Iron Wave+1","Iron Wave","Whirlwind","Immolate","Sentinel+1","Battle Trance","Flex+1","Decay","Inflame","Rampage","Cleave","Rage"],"relics":["Burning Blood","Peace Pipe","Boot","Bottled Tornado","White Beast Statue","Oddly Smooth Stone","Potion Belt"],"potions_floor_usage":[22,25,28,28],"damage_taken":[{"damage":9,"enemies":"2 Louse","floor":1,"turns":2},{"damage":1,"enemies":"Cultist","floor":2,"turns":3},{"damage":35,"enemies":"Lagavulin","floor":6,"turns":6},{"damage":10,"enemies":"Small Slimes","floor":7,"turns":3},{"damage":4,"enemies":"Exordium Thugs","floor":12,"turns":4},{"damage":12,"enemies":"Looter","floor":14,"turns":3},{"damage":16,"enemies":"Hexaghost","floor":16,"turns":9},{"damage":0,"enemies":"3 Byrds","floor":18,"turns":4},{"damage":18,"enemies":"Shell Parasite","floor":20,"turns":6},{"damage":49,"enemies":"Centurion and Healer","floor":22,"turns":6},{"damage":17,"enemies":"Snecko","floor":24,"turns":4},{"damage":38,"enemies":"Sentry and Sphere","floor":25,"turns":6},{"damage":21,"enemies":"Gremlin Leader","floor":28,"turns":2}],"seed_played":"1875524594792348986","potions_obtained":[{"floor":6,"key":"Swift Potion"},{"floor":12,"key":"FearPotion"},{"floor":16,"key":"Regen Potion"},{"floor":20,"key":"Dexterity Potion"},{"floor":22,"key":"BloodPotion"},{"floor":25,"key":"Weak Potion"}],"is_trial":false,"path_per_floor":["M","M","?","$","?","E","M","?","T","R","?","M","R","M","R","B",null,"M","$","M","?","M","R","M","M","T","$","E"],"character_chosen":"IRONCLAD","items_purchased":["Inflame","Battle Trance","Oddly Smooth Stone","Rage"],"campfire_rested":2,"item_purchase_floors":[4,19,19,27],"current_hp_per_floor":[69,72,72,72,72,43,39,25,25,46,46,48,48,42,42,32,72,72,72,60,60,32,53,42,17,17,17,0],"gold":152,"neow_bonus":"ONE_RARE_RELIC","is_prod":false,"is_daily":false,"chose_seed":false,"campfire_upgraded":2,"win_rate":0,"timestamp":1549222795,"path_taken":["M","M","?","?","?","E","?","?","T","R","?","M","R","M","R","BOSS","M","?","M","?","?","R","M","M","T","$","E"],"build_version":"2019-01-23","purchased_purges":1,"victory":false,"max_hp_per_floor":[72,72,72,72,72,72,72,72,72,72,72,72,72,72,72,72,72,72,72,72,72,72,72,72,72,72,72,72],"card_choices":[{"not_picked":["Intimidate","Pommel Strike"],"picked":"Iron Wave","floor":1},{"not_picked":["Headbutt","Clothesline"],"picked":"Uppercut","floor":2},{"not_picked":["Perfected Strike","Wild Strike"],"picked":"Spot Weakness","floor":6},{"not_picked":["Heavy Blade","Impervious"],"picked":"Iron Wave","floor":7},{"not_picked":["Clothesline","Sword Boomerang"],"picked":"Iron Wave","floor":12},{"not_picked":["Spot Weakness","Uppercut"],"picked":"Whirlwind","floor":14},{"not_picked":["Juggernaut","Limit Break"],"picked":"Immolate","floor":16},{"not_picked":["Shrug It Off","Twin Strike"],"picked":"Sentinel+1","floor":18},{"not_picked":["Feel No Pain","Sword Boomerang"],"picked":"Flex+1","floor":20},{"not_picked":["Clothesline","Anger+1"],"picked":"Inflame","floor":22},{"not_picked":["Perfected Strike","Wild Strike"],"picked":"Rampage","floor":24},{"not_picked":["Clash","Flex"],"picked":"Cleave","floor":25}],"player_experience":348866,"relics_obtained":[{"floor":6,"key":"Boot"},{"floor":9,"key":"Bottled Tornado"},{"floor":26,"key":"Potion Belt"}],"event_choices":[{"damage_healed":0,"gold_gain":100,"player_choice":"Pray","damage_taken":0,"max_hp_gain":0,"max_hp_loss":0,"event_name":"Golden Shrine","floor":3,"gold_loss":0},{"cards_removed":["Defend_R"],"damage_healed":0,"gold_gain":0,"player_choice":"Purged","damage_taken":0,"max_hp_gain":0,"max_hp_loss":0,"event_name":"Purifier","floor":5,"gold_loss":0},{"damage_healed":0,"gold_gain":0,"player_choice":"Entered Light","damage_taken":14,"max_hp_gain":0,"max_hp_loss":0,"event_name":"Shining Light","floor":8,"gold_loss":0,"cards_upgraded":["Uppercut","Defend_R"]},{"damage_healed":0,"gold_gain":0,"player_choice":"0 cards matched","damage_taken":0,"max_hp_gain":0,"max_hp_loss":0,"event_name":"Match and Keep!","floor":11,"gold_loss":0,"cards_obtained":[]},{"damage_healed":0,"gold_gain":0,"player_choice":"Cursed","damage_taken":0,"max_hp_gain":0,"max_hp_loss":0,"event_name":"Wheel of Change","floor":21,"gold_loss":0,"cards_obtained":["Decay"]}],"is_beta":false,"boss_relics":[{"not_picked":["Fusion Hammer","Runic Dome"],"picked":"White Beast Statue"}],"items_purged_floors":[4],"is_endless":false,"potions_floor_spawned":[6,12,16,18,20,22,24,25],"killed_by":"Gremlin Leader","ascension_level":1}