{"path_per_floor":["M","?","M","?","M","R","E","M","T","$","R","E","M","M","R","B",null,"M","?","?","$","M","R","?","E","T","M","R","?","M","M","R"],"character_chosen":"THE_SILENT","items_purchased":["Venomology","Block Potion","War Paint","Sadistic Nature","Dodge and Roll"],"gold_per_floor":[109,109,119,69,87,87,116,133,133,4,4,31,46,65,65,164,164,179,179,379,9,19,19,19,48,102,118,118,118,130,146,146,146],"floor_reached":33,"campfire_rested":2,"playtime":1651,"item_purchase_floors":[10,10,21,21,21],"current_hp_per_floor":[62,62,61,61,61,61,56,54,54,54,54,49,48,48,48,33,61,56,56,56,56,55,55,55,38,38,38,59,59,47,43,64,0],"items_purged":[],"gold":146,"score":360,"play_id":"cc354eba-920c-4b18-bed9-216c73a096fa","local_time":"20180525132647","is_prod":false,"is_daily":false,"chose_seed":false,"is_ascension_mode":true,"campfire_upgraded":4,"win_rate":0,"timestamp":1527247607,"campfire_choices":[{"data":"Neutralize","floor":6,"key":"SMITH"},{"data":"Venomology","floor":11,"key":"SMITH"},{"data":"Terror","floor":15,"key":"SMITH"},{"data":"Crippling Poison","floor":23,"key":"SMITH"},{"floor":28,"key":"REST"},{"floor":32,"key":"REST"}],"path_taken":["M","?","M","?","M","R","E","M","T","?","R","E","M","M","R","BOSS","M","?","?","$","M","R","?","E","T","M","R","?","M","M","R","BOSS"],"build_version":"2018-05-24","seed_source_timestamp":96778470737654,"purchased_purges":0,"victory":false,"master_deck":["Defend_G","Defend_G","Defend_G","Defend_G+1","Defend_G","Strike_G","Strike_G","Strike_G","Survivor","Neutralize+1","Unload","Dagger Throw","Heel Hook","Well Laid Plans","Terror+1","Dash","Venomology+1","Dodge and Roll+1","Noxious Fumes","Crippling Poison+1","Die Die Die","Dagger Throw","Deflect","Catalyst","Noxious Fumes","Crippling Poison+1","Bane+1","Sadistic Nature","Dodge and Roll","Flying Knee","Backflip+1","Setup","All Out Attack+1"],"max_hp_per_floor":[70,70,70,70,70,70,70,70,70,70,70,70,70,70,70,70,70,70,70,70,70,70,70,70,70,70,70,70,70,70,70,70,70],"relics":["Ring of the Snake","Vajra","Orichalcum","Mummified Hand","Orrery","War Paint","Potion Belt","Juzu Bracelet"],"card_choices":[{"not_picked":["Catalyst","Underhanded Strike"],"picked":"Dagger Throw","floor":1},{"not_picked":["Infinite Blades","Dagger Spray"],"picked":"Heel Hook","floor":3},{"not_picked":["Deflect","Flying Knee"],"picked":"Well Laid Plans","floor":5},{"not_picked":["Acrobatics","Underhanded Strike"],"picked":"Terror","floor":7},{"not_picked":["Prepared","Backflip"],"picked":"Dash","floor":8},{"not_picked":["Setup","Riddle With Holes"],"picked":"Dodge and Roll","floor":12},{"not_picked":["Dagger Spray","Flechettes"],"picked":"Noxious Fumes","floor":13},{"not_picked":["Endless Agony","Calculated Gamble"],"picked":"Crippling Poison","floor":14},{"not_picked":["Doppelganger","Phantasmal Killer"],"picked":"Die Die Die","floor":16},{"not_picked":["Backflip","Deflect"],"picked":"Dagger Throw","floor":17},{"not_picked":["Choke","Dagger Spray"],"picked":"Deflect","floor":17},{"not_picked":["Quick Slash","Distraction"],"picked":"Catalyst","floor":17},{"not_picked":["Bane","Reflex"],"picked":"Noxious Fumes","floor":17},{"not_picked":["Poisoned Stab","Caltrops"],"picked":"Crippling Poison","floor":17},{"not_picked":["Cloak And Dagger","Heel Hook+1"],"picked":"Bane+1","floor":18},{"not_picked":["Quick Slash","Backflip"],"picked":"Flying Knee","floor":22},{"not_picked":["Slice+1","Blade Dance"],"picked":"Backflip+1","floor":25},{"not_picked":["Sucker Punch","Outmaneuver"],"picked":"Setup","floor":27},{"not_picked":["Well Laid Plans","Bane"],"picked":"All Out Attack+1","floor":30},{"not_picked":["Flying Knee","Acrobatics","Unload"],"picked":"SKIP","floor":31}],"player_experience":518175,"potions_floor_usage":[7,7,12,14,16,16,16,16,22,22,25,27,27,30,30,31,31,33,33],"damage_taken":[{"damage":1,"enemies":"Jaw Worm","floor":1,"turns":4},{"damage":1,"enemies":"Cultist","floor":3,"turns":3},{"damage":0,"enemies":"Small Slimes","floor":5,"turns":2},{"damage":5,"enemies":"Gremlin Nob","floor":7,"turns":3},{"damage":2,"enemies":"2 Fungi Beasts","floor":8,"turns":4},{"damage":5,"enemies":"3 Sentries","floor":12,"turns":8},{"damage":1,"enemies":"Blue Slaver","floor":13,"turns":4},{"damage":0,"enemies":"Large Slime","floor":14,"turns":5},{"damage":15,"enemies":"Slime Boss","floor":16,"turns":12},{"damage":5,"enemies":"Chosen","floor":18,"turns":4},{"damage":1,"enemies":"3 Byrds","floor":22,"turns":4},{"damage":17,"enemies":"Book of Stabbing","floor":25,"turns":5},{"damage":0,"enemies":"3 Cultists","floor":27,"turns":4},{"damage":12,"enemies":"Snake Plant","floor":30,"turns":4},{"damage":4,"enemies":"Centurion and Healer","floor":31,"turns":3},{"damage":83,"enemies":"Champ","floor":33,"turns":7}],"relics_obtained":[{"floor":7,"key":"Vajra"},{"floor":9,"key":"Orichalcum"},{"floor":12,"key":"Mummified Hand"},{"floor":25,"key":"Potion Belt"},{"floor":26,"key":"Juzu Bracelet"}],"event_choices":[{"event_name":"Purifier","player_choice":"One Purge","floor":2,"damage_taken":0},{"event_name":"The Cleric","player_choice":"Card Removal","floor":4,"damage_taken":0},{"event_name":"The Lab","player_choice":"Got Potions","floor":19,"damage_taken":0},{"event_name":"Wheel of Change","player_choice":"Gold","floor":20,"damage_taken":0},{"event_name":"Vampires","player_choice":"Ignored","floor":24,"damage_taken":0},{"event_name":"Accursed Blacksmith","player_choice":"Forge","floor":29,"damage_taken":0}],"boss_relics":[{"not_picked":["Sozu","Runic Pyramid"],"picked":"Orrery"}],"items_purged_floors":[],"potions_floor_spawned":[1,5,7,13,22,25,30],"seed_played":"-4945394364695762781","killed_by":"Champ","ascension_level":6,"potions_obtained":[{"floor":1,"key":"FearPotion"},{"floor":5,"key":"LiquidBronze"},{"floor":7,"key":"Block Potion"},{"floor":19,"key":"Explosive Potion"},{"floor":19,"key":"Block Potion"},{"floor":22,"key":"SkillPotion"},{"floor":25,"key":"Fire Potion"},{"floor":30,"key":"AttackPotion"}],"is_trial":false}