{"gold_per_floor":[114,131,131,196,92,126,126,170,249,249,126,152,152,35,35,155,155,173,88,88,88,114,148,148,163,186,198,209,209,209,38,38,135,135,154,154,164,179,190,190,237,257,257,271,306,323,65,81,81,81],"floor_reached":51,"playtime":4067,"items_purged":[],"score":1155,"play_id":"c91d2455-81b7-4276-b65b-af48c889836f","local_time":"20181202143421","is_ascension_mode":true,"campfire_choices":[{"data":"Blade Dance","floor":7.0,"key":"SMITH"},{"data":"1","floor":10.0,"key":"LIFT"},{"data":"2","floor":13.0,"key":"LIFT"},{"data":"3","floor":15.0,"key":"LIFT"},{"floor":24.0,"key":"REST"},{"data":"Accuracy","floor":29.0,"key":"SMITH"},{"data":"Leg Sweep","floor":32.0,"key":"SMITH"},{"floor":40.0,"key":"REST"},{"data":"Flechettes","floor":49,"key":"SMITH"}],"neow_cost":"NONE","seed_source_timestamp":1267597384120449,"circlet_count":0,"master_deck":["AscendersBane","Defend_G","Defend_G","Defend_G","Defend_G","Defend_G","Strike_G","Strike_G","Strike_G","Strike_G","Strike_G","Survivor+1","Neutralize","Blade Dance+1","Backstab","Leg Sweep+1","Flechettes+1","Blade Dance+1","Accuracy+1","Distraction+1","Escape Plan+1","Burst+1","Infinite Blades","J.A.X.+1","Backflip+1","Cloak And Dagger+1","Blade Dance+1","Master of Strategy+1","Adrenaline+1","PiercingWail+1","PiercingWail+1","Phantasmal Killer+1","Blade Dance+1","Escape Plan+1"],"special_seed":0,"relics":["Ring of the Snake","NeowsBlessing","Bloody Idol","Anchor","Girya","Toxic Egg 2","Snake Skull","Sozu","Centennial Puzzle","Red Mask","Boot","Art of War","Bottled Tornado","Lizard Tail","FossilizedHelix","Dead Branch","Omamori","Kunai"],"potions_floor_usage":[],"damage_taken":[{"damage":0.0,"enemies":"Small Slimes","floor":1.0,"turns":1.0},{"damage":0.0,"enemies":"Jaw Worm","floor":2.0,"turns":1.0},{"damage":0.0,"enemies":"Lagavulin","floor":6.0,"turns":1.0},{"damage":5.0,"enemies":"Gremlin Nob","floor":8.0,"turns":3.0},{"damage":31.0,"enemies":"Slime Boss","floor":16.0,"turns":12.0},{"damage":0.0,"enemies":"2 Thieves","floor":18.0,"turns":4.0},{"damage":3.0,"enemies":"Masked Bandits","floor":22.0,"turns":3.0},{"damage":21.0,"enemies":"Book of Stabbing","floor":23.0,"turns":4.0},{"damage":0.0,"enemies":"Spheric Guardian","floor":25.0,"turns":3.0},{"damage":0.0,"enemies":"Cultist and Chosen","floor":27.0,"turns":4.0},{"damage":0.0,"enemies":"Shelled Parasite and Fungi","floor":28.0,"turns":4.0},{"damage":68.0,"enemies":"Champ","floor":33.0,"turns":7.0},{"damage":3.0,"enemies":"3 Shapes","floor":35.0,"turns":2.0},{"damage":3.0,"enemies":"3 Darklings","floor":37.0,"turns":3.0},{"damage":23.0,"enemies":"4 Shapes","floor":38.0,"turns":4.0},{"damage":0.0,"enemies":"Spire Growth","floor":39.0,"turns":4.0},{"damage":3.0,"enemies":"2 Orb Walkers","floor":41.0,"turns":3.0},{"damage":0.0,"enemies":"Transient","floor":42.0,"turns":5.0},{"damage":0.0,"enemies":"3 Darklings","floor":44.0,"turns":3.0},{"damage":0.0,"enemies":"Reptomancer","floor":45.0,"turns":2.0},{"damage":11.0,"enemies":"Sphere and 2 Shapes","floor":46.0,"turns":4.0},{"damage":0,"enemies":"Writhing Mass","floor":48,"turns":4},{"damage":8,"enemies":"Donu and Deca","floor":50,"turns":5}],"seed_played":"3053645534789250066","potions_obtained":[{"floor":6.0,"key":"SpeedPotion"},{"floor":8.0,"key":"Strength Potion"},{"floor":16.0,"key":"GamblersBrew"}],"is_trial":false,"path_per_floor":["M","M","?","?","$","E","R","E","T","R","$","T","R","$","R","B",null,"M","?","?","?","?","E","R","M","T","M","M","R","T","$","R","B",null,"M","?","M","M","M","R","?","M","T","M","E","M","$","M","R","B",null],"character_chosen":"THE_SILENT","items_purchased":["EntropicBrew","Blade Dance+1","Accuracy","Distraction+1","Escape Plan+1","Master of Strategy+1","Kunai"],"campfire_rested":2,"item_purchase_floors":[5,11,11,14,14,31,47],"current_hp_per_floor":[63,63,46,46,46,46,46,41,41,41,41,41,41,41,41,10,55,55,55,55,55,57,41,62,67,70,70,70,70,70,70,70,7,54,56,56,58,40,45,66,68,70,70,70,70,64,64,69,69,61],"gold":81,"neow_bonus":"THREE_ENEMY_KILL","is_prod":false,"is_daily":false,"chose_seed":false,"campfire_upgraded":4,"win_rate":0,"timestamp":1543757661,"path_taken":["M","M","?","?","?","E","R","E","T","R","$","?","R","?","R","BOSS","M","?","?","?","?","E","R","M","T","M","M","R","?","$","R","BOSS","M","?","M","?","M","R","?","M","T","M","E","M","?","M","R","BOSS"],"build_version":"2018-11-15","purchased_purges":0,"victory":true,"max_hp_per_floor":[70,70,70,70,70,70,70,70,70,70,70,70,70,70,70,70,70,70,70,70,70,70,70,70,70,70,70,70,70,70,70,70,70,70,70,70,70,70,70,70,70,70,70,70,70,70,70,70,70,70],"card_choices":[{"not_picked":["Quick Slash","Dagger Throw"],"picked":"Blade Dance","floor":1.0},{"not_picked":["Deflect","Masterful Stab"],"picked":"Backstab","floor":2.0},{"not_picked":["Quick Slash","Deflect"],"picked":"Leg Sweep","floor":6.0},{"not_picked":["Masterful Stab","Deadly Poison"],"picked":"Flechettes","floor":8.0},{"not_picked":["After Image","A Thousand Cuts"],"picked":"Burst+1","floor":16.0},{"not_picked":["Slice","Sucker Punch"],"picked":"Infinite Blades","floor":18.0},{"not_picked":["Slice","Outmaneuver+1"],"picked":"Backflip+1","floor":22.0},{"not_picked":["Eviscerate+1","Acrobatics+1"],"picked":"Cloak And Dagger+1","floor":23.0},{"not_picked":["Endless Agony","Predator","Deadly Poison+1"],"picked":"SKIP","floor":25.0},{"not_picked":["Predator","Sucker Punch+1"],"picked":"Blade Dance+1","floor":27.0},{"not_picked":["Leg Sweep+1","Sucker Punch","Flying Knee+1"],"picked":"SKIP","floor":28.0},{"not_picked":["Bullet Time+1","Die Die Die"],"picked":"Adrenaline+1","floor":33.0},{"not_picked":["Dagger Spray+1","Underhanded Strike+1","Poisoned Stab"],"picked":"SKIP","floor":35.0},{"not_picked":["Flying Knee","Prepared+1","Bouncing Flask+1"],"picked":"SKIP","floor":37.0},{"not_picked":["Prepared+1","Slice"],"picked":"PiercingWail+1","floor":38.0},{"not_picked":["Deadly Poison+1","Dagger Throw"],"picked":"PiercingWail+1","floor":39.0},{"not_picked":["Prepared+1","Slice+1"],"picked":"Phantasmal Killer+1","floor":42.0},{"not_picked":["Deadly Poison+1","Poisoned Stab+1","Flying Knee+1"],"picked":"SKIP","floor":44.0},{"not_picked":["Slice+1","Tactician+1","Quick Slash+1"],"picked":"SKIP","floor":45.0},{"not_picked":["Distraction+1","Poisoned Stab+1"],"picked":"Blade Dance+1","floor":46.0},{"not_picked":["Outmaneuver+1","Endless Agony+1"],"picked":"Escape Plan+1","floor":48}],"player_experience":1533315,"relics_obtained":[{"floor":6.0,"key":"Anchor"},{"floor":8.0,"key":"Girya"},{"floor":9.0,"key":"Toxic Egg 2"},{"floor":12.0,"key":"Snake Skull"},{"floor":22.0,"key":"Red Mask"},{"floor":23.0,"key":"Boot"},{"floor":26.0,"key":"Art of War"},{"floor":30.0,"key":"Bottled Tornado"},{"floor":41.0,"key":"FossilizedHelix"},{"floor":43.0,"key":"Dead Branch"},{"floor":45.0,"key":"Omamori"}],"event_choices":[{"damage_healed":0.0,"max_hp_gain":0.0,"max_hp_loss":0.0,"gold_gain":0.0,"event_name":"Golden Idol","player_choice":"Take Damage","floor":3.0,"gold_loss":0.0,"damage_taken":17.0,"relics_obtained":["Golden Idol"]},{"damage_healed":0.0,"max_hp_gain":0.0,"max_hp_loss":0.0,"gold_gain":65.0,"event_name":"Golden Wing","player_choice":"Gained Gold","floor":4.0,"gold_loss":0.0,"damage_taken":0.0},{"damage_healed":0.0,"max_hp_gain":0.0,"max_hp_loss":0.0,"gold_gain":0.0,"event_name":"Addict","player_choice":"Obtained Relic","floor":19.0,"gold_loss":85.0,"damage_taken":0.0,"relics_obtained":["Centennial Puzzle"]},{"damage_healed":0.0,"max_hp_gain":0.0,"max_hp_loss":0.0,"gold_gain":0.0,"event_name":"Forgotten Altar","player_choice":"Gave Idol","floor":20.0,"relics_lost":["Golden Idol"],"gold_loss":0.0,"damage_taken":0.0,"relics_obtained":["Bloody Idol"]},{"damage_healed":0.0,"max_hp_gain":0.0,"max_hp_loss":0.0,"gold_gain":0.0,"event_name":"Drug Dealer","player_choice":"Obtain J.A.X.","floor":21.0,"gold_loss":0.0,"damage_taken":0.0,"cards_obtained":["J.A.X."]},{"damage_healed":0.0,"max_hp_gain":0.0,"max_hp_loss":0.0,"gold_gain":0.0,"event_name":"Masked Bandits","player_choice":"Fought Bandits","floor":22.0,"gold_loss":0.0,"damage_taken":0.0},{"damage_healed":0.0,"max_hp_gain":0.0,"max_hp_loss":0.0,"gold_gain":0.0,"event_name":"Accursed Blacksmith","player_choice":"Forge","floor":36.0,"gold_loss":0.0,"damage_taken":0.0,"cards_upgraded":["Survivor"]},{"damage_healed":0.0,"max_hp_gain":0.0,"max_hp_loss":0.0,"gold_gain":0.0,"event_name":"Mysterious Sphere","player_choice":"Fight","floor":41.0,"gold_loss":0.0,"damage_taken":0.0}],"is_beta":false,"boss_relics":[{"not_picked":["Pandora\u0027s Box","Cursed Key"],"picked":"Sozu"},{"not_picked":["Eternal Feather","Philosopher\u0027s Stone"],"picked":"Lizard Tail"}],"items_purged_floors":[],"is_endless":false,"potions_floor_spawned":[6,8,16,28,38,42,44,45,48],"ascension_level":10}