{"path_per_floor":["M","?","M","?","M","E","M","E","T","E","$","M","M","M","R","B",null,"M","M","?","M","M","R","E","?","T","M","M","$","R","$","R"],"character_chosen":"IRONCLAD","items_purchased":["Paper Frog","Shrug It Off","Master of Strategy"],"gold_per_floor":[112,112,130,130,145,185,204,243,243,287,39,64,87,103,103,229,229,252,267,190,215,233,233,271,196,196,216,240,13,13,13,13,13],"floor_reached":33,"campfire_rested":3,"playtime":1322,"item_purchase_floors":[11,29,29],"current_hp_per_floor":[35,35,41,41,46,29,35,31,31,12,12,14,16,22,44,37,65,42,41,41,29,10,34,19,19,33,41,20,20,49,49,49,21],"items_purged":[],"gold":13,"score":428,"play_id":"66d17948-5533-4e40-86e5-dfc470492988","local_time":"20180603083222","is_prod":false,"is_daily":false,"chose_seed":false,"is_ascension_mode":true,"campfire_upgraded":0,"win_rate":0,"timestamp":1528007542,"campfire_choices":[{"floor":15,"key":"REST"},{"floor":23,"key":"REST"},{"floor":30,"key":"REST"},{"data":"1","floor":32,"key":"LIFT"}],"path_taken":["M","?","?","?","M","E","M","E","T","E","?","?","M","M","R","BOSS","M","M","?","M","M","R","E","?","T","M","M","$","R","$","R","BOSS"],"build_version":"2018-05-31","seed_source_timestamp":14852268723882,"purchased_purges":0,"victory":false,"master_deck":["Strike_R","Strike_R","Strike_R","Strike_R","Defend_R","Defend_R","Defend_R","Defend_R","Bash","Cleave","Spot Weakness","Perfected Strike","Shrug It Off","Shrug It Off","Offering","Pommel Strike","Feed","Dropkick","Inflame","Limit Break","Hemokinesis","Pommel Strike+1","J.A.X.","Dropkick","Dropkick","Disarm+1","Dropkick","Perfected Strike+1","Shrug It Off","Master of Strategy"],"max_hp_per_floor":[80,74,74,74,74,74,74,74,74,74,74,74,74,74,74,74,74,77,77,77,80,80,80,80,80,94,97,97,97,97,97,97,97],"relics":["Burning Blood","Ice Cream","Golden Idol","Bag of Marbles","Torii","Girya","Thread and Needle","Paper Frog","Black Star","Omamori","Happy Flower","Mango"],"card_choices":[{"not_picked":["Shrug It Off","Thunderclap"],"picked":"Cleave","floor":1.0},{"not_picked":["Sword Boomerang","Metallicize"],"picked":"Spot Weakness","floor":3.0},{"not_picked":["Clothesline","Pummel"],"picked":"Perfected Strike","floor":5.0},{"not_picked":["Shockwave","Sentinel"],"picked":"Shrug It Off","floor":6.0},{"not_picked":["Clash","Twin Strike"],"picked":"Shrug It Off","floor":7.0},{"not_picked":["Clash","Intimidate"],"picked":"Offering","floor":8},{"not_picked":["Second Wind","Clash"],"picked":"Pommel Strike","floor":10},{"not_picked":["Twin Strike","Headbutt"],"picked":"Feed","floor":12},{"not_picked":["Armaments","Perfected Strike"],"picked":"Dropkick","floor":13},{"not_picked":["Iron Wave","Corruption"],"picked":"Inflame","floor":14},{"not_picked":["Demon Form","Dark Embrace"],"picked":"Limit Break","floor":16},{"not_picked":["Body Slam","Uppercut"],"picked":"Hemokinesis","floor":18},{"not_picked":["Clothesline","Headbutt+1"],"picked":"Pommel Strike+1","floor":19},{"not_picked":["Spot Weakness","Anger"],"picked":"Dropkick","floor":21},{"not_picked":["True Grit","Headbutt+1"],"picked":"Dropkick","floor":22},{"not_picked":["Hemokinesis","Cleave"],"picked":"Disarm+1","floor":24},{"not_picked":["Berserk","Spot Weakness"],"picked":"Dropkick","floor":27},{"not_picked":["Battle Trance","Warcry"],"picked":"Perfected Strike+1","floor":28}],"player_experience":548201,"potions_floor_usage":[8,16,27],"damage_taken":[{"damage":7.0,"enemies":"Small Slimes","floor":1.0,"turns":4.0},{"damage":0.0,"enemies":"2 Louse","floor":3.0,"turns":2.0},{"damage":1.0,"enemies":"Cultist","floor":5.0,"turns":4.0},{"damage":23.0,"enemies":"Lagavulin","floor":6.0,"turns":4.0},{"damage":0.0,"enemies":"Lots of Slimes","floor":7.0,"turns":1.0},{"damage":10,"enemies":"Gremlin Nob","floor":8,"turns":3},{"damage":25,"enemies":"3 Sentries","floor":10,"turns":5},{"damage":4,"enemies":"Looter","floor":12,"turns":1},{"damage":4,"enemies":"Large Slime","floor":13,"turns":4},{"damage":0,"enemies":"Exordium Wildlife","floor":14,"turns":3},{"damage":13,"enemies":"The Guardian","floor":16,"turns":9},{"damage":32,"enemies":"2 Thieves","floor":18,"turns":4},{"damage":7,"enemies":"Chosen","floor":19,"turns":2},{"damage":21,"enemies":"3 Cultists","floor":21,"turns":4},{"damage":25,"enemies":"Snake Plant","floor":22,"turns":3},{"damage":21,"enemies":"Gremlin Leader","floor":24,"turns":4},{"damage":10,"enemies":"Centurion and Healer","floor":27,"turns":3},{"damage":27,"enemies":"3 Cultists","floor":28,"turns":6},{"damage":28,"enemies":"Champ","floor":33,"turns":5}],"relics_obtained":[{"floor":6.0,"key":"Bag of Marbles"},{"floor":8,"key":"Torii"},{"floor":9,"key":"Girya"},{"floor":10,"key":"Thread and Needle"},{"floor":24,"key":"Omamori"},{"floor":24,"key":"Happy Flower"},{"floor":26,"key":"Mango"}],"event_choices":[{"event_name":"Golden Idol","player_choice":"Lose Max HP","floor":2.0,"damage_taken":0.0},{"event_name":"The Lab","player_choice":"Got Potions","floor":4.0,"damage_taken":0.0},{"event_name":"Drug Dealer","player_choice":"Got JAXXED","floor":20,"damage_taken":0},{"event_name":"Beggar","player_choice":"Gave Gold","floor":25,"damage_taken":0}],"boss_relics":[{"not_picked":["Black Blood","Runic Cube"],"picked":"Black Star"}],"items_purged_floors":[],"potions_floor_spawned":[1,3,5,7,13,24,27,28],"seed_played":"5000111272761253511","killed_by":"Champ","ascension_level":6,"potions_obtained":[{"floor":1.0,"key":"Fire Potion"},{"floor":3.0,"key":"EssenceOfSteel"},{"floor":4.0,"key":"Fire Potion"},{"floor":7.0,"key":"Energy Potion"},{"floor":13,"key":"PowerPotion"},{"floor":24,"key":"BloodPotion"},{"floor":27,"key":"FairyPotion"},{"floor":28,"key":"LiquidBronze"}],"is_trial":false}