{"gold_per_floor":[111,123,141,31,31,31,66,66,119,119,153,170,185,185,185,286,286,301,176,88,108,108,108],"floor_reached":23,"playtime":775,"items_purged":["Decay"],"score":333,"play_id":"7aae7082-868f-48ea-a2ee-d8fb78a0f16b","local_time":"20190109200713","is_ascension_mode":true,"campfire_choices":[{"data":"Inflame","floor":6,"key":"SMITH"},{"floor":8,"key":"REST"},{"floor":10,"key":"REST"},{"data":"Inflame","floor":15,"key":"SMITH"}],"neow_cost":"CURSE","seed_source_timestamp":1149068264678268,"circlet_count":0,"master_deck":["AscendersBane","Strike_R","Strike_R+1","Strike_R+1","Strike_R","Strike_R+1","Defend_R","Defend_R","Defend_R","Defend_R+1","Bash","Pommel Strike","Pommel Strike","Inflame+1","Fire Breathing","Inflame+1","Immolate","Heavy Blade","Limit Break","Evolve","Mind Blast","Rage","Necronomicurse"],"relics":["Burning Blood","Smiling Mask","Orichalcum","Whetstone","Busted Crown","Pocketwatch","Necronomicon"],"potions_floor_usage":[7,7,18,18],"damage_taken":[{"damage":8,"enemies":"Cultist","floor":1,"turns":4},{"damage":13,"enemies":"Small Slimes","floor":2,"turns":5},{"damage":15,"enemies":"Jaw Worm","floor":3,"turns":4},{"damage":37,"enemies":"3 Sentries","floor":7,"turns":8},{"damage":34,"enemies":"Lagavulin","floor":11,"turns":7},{"damage":12,"enemies":"Looter","floor":12,"turns":4},{"damage":10,"enemies":"Exordium Thugs","floor":13,"turns":3},{"damage":45,"enemies":"The Guardian","floor":16,"turns":14},{"damage":28,"enemies":"2 Thieves","floor":18,"turns":4},{"damage":9,"enemies":"3 Byrds","floor":21,"turns":4},{"damage":0,"enemies":"Gremlin Leader","floor":23,"turns":1}],"seed_played":"2459758493656888014","potions_obtained":[{"floor":1,"key":"Ancient Potion"},{"floor":3,"key":"FearPotion"},{"floor":11,"key":"Block Potion"},{"floor":16,"key":"Block Potion"}],"is_trial":false,"path_per_floor":["M","M","M","$","?","R","E","R","T","R","E","M","M","?","R","B",null,"M","?","$","M","?","E"],"character_chosen":"IRONCLAD","items_purchased":["Fire Breathing","Mind Blast"],"campfire_rested":2,"item_purchase_floors":[4,20],"current_hp_per_floor":[86,79,70,70,51,51,20,48,48,76,48,42,38,70,70,31,80,58,58,58,55,39,39],"gold":108,"neow_bonus":"TWENTY_PERCENT_HP_BONUS","is_prod":false,"is_daily":false,"chose_seed":false,"campfire_upgraded":2,"win_rate":0,"timestamp":1547060833,"path_taken":["M","?","M","$","?","R","E","R","T","R","E","M","M","?","R","BOSS","M","?","?","M","?","E"],"build_version":"2019-01-03v4","purchased_purges":1,"victory":false,"max_hp_per_floor":[96,96,96,96,96,96,96,96,96,96,96,96,96,96,96,96,96,96,96,96,96,96,96],"card_choices":[{"not_picked":["Uppercut","Corruption"],"picked":"Pommel Strike","floor":1},{"not_picked":["Shockwave","Searing Blow"],"picked":"Pommel Strike","floor":2},{"not_picked":["Rampage","Armaments"],"picked":"Inflame","floor":3},{"not_picked":["Clash","Perfected Strike"],"picked":"Inflame","floor":7},{"not_picked":["Inflame","Evolve"],"picked":"Immolate","floor":11},{"not_picked":["Headbutt","Clothesline"],"picked":"Heavy Blade","floor":12},{"not_picked":["Fire Breathing","Armaments","Carnage"],"picked":"SKIP","floor":13},{"not_picked":["Demon Form","Impervious"],"picked":"Limit Break","floor":16},{"not_picked":[],"picked":"Evolve","floor":18},{"not_picked":[],"picked":"Rage","floor":21}],"player_experience":1931167,"relics_obtained":[{"floor":7,"key":"Smiling Mask"},{"floor":9,"key":"Orichalcum"},{"floor":11,"key":"Whetstone"},{"floor":22,"key":"Necronomicon"}],"event_choices":[{"damage_healed":0,"gold_gain":0,"player_choice":"Entered Light","damage_taken":19,"max_hp_gain":0,"max_hp_loss":0,"event_name":"Shining Light","floor":5,"gold_loss":0,"cards_upgraded":["Defend_R","Strike_R"]},{"damage_healed":32,"gold_gain":0,"player_choice":"Banana","damage_taken":0,"max_hp_gain":0,"max_hp_loss":0,"event_name":"Big Fish","floor":14,"gold_loss":0},{"damage_healed":0,"gold_gain":0,"player_choice":"Paid Gold","damage_taken":0,"relics_obtained":["Pocketwatch"],"max_hp_gain":0,"max_hp_loss":0,"event_name":"WeMeetAgain","floor":19,"gold_loss":125},{"damage_healed":0,"gold_gain":0,"player_choice":"Obtained Book","damage_taken":16,"max_hp_gain":0,"max_hp_loss":0,"event_name":"Cursed Tome","floor":22,"gold_loss":0}],"is_beta":false,"boss_relics":[{"not_picked":["Black Blood","Eternal Feather"],"picked":"Busted Crown"}],"items_purged_floors":[4],"is_endless":false,"potions_floor_spawned":[1,3,11,16],"killed_by":"Gremlin Leader","ascension_level":11}