{"gold_per_floor":[116,47,47,60,23,62,62,62,62,97,97,97],"floor_reached":12,"playtime":178,"items_purged":[],"score":174,"play_id":"f28a83a1-5eb2-4ecb-aea4-6fb4cc226c75","local_time":"20190128170514","is_ascension_mode":true,"campfire_choices":[{"data":"Escape Plan","floor":8,"key":"SMITH"},{"floor":11,"key":"REST"}],"neow_cost":"NONE","seed_source_timestamp":187671263974341,"circlet_count":0,"master_deck":["AscendersBane","Defend_G","Defend_G","Defend_G","Defend_G","Defend_G","Strike_G","Strike_G","Strike_G","Strike_G","Strike_G","Survivor","Neutralize","Deflect","Infinite Blades","Escape Plan+1","Predator","Distraction","Deadly Poison","Pain"],"relics":["Ring of the Snake","NeowsBlessing","Golden Idol","Molten Egg 2","Kunai","Mummified Hand","Frozen Egg 2"],"potions_floor_usage":[10],"damage_taken":[{"damage":0,"enemies":"Cultist","floor":1,"turns":1},{"damage":0,"enemies":"Jaw Worm","floor":4,"turns":1},{"damage":0,"enemies":"Lagavulin","floor":6,"turns":1},{"damage":44,"enemies":"Gremlin Nob","floor":10,"turns":6}],"seed_played":"-1553789542158399889","potions_obtained":[{"floor":4,"key":"Dexterity Potion"},{"floor":10,"key":"FearPotion"}],"is_trial":false,"path_per_floor":["M","$","?","M","$","E","T","R","T","E","R","?"],"character_chosen":"THE_SILENT","items_purchased":["Infinite Blades","Predator"],"campfire_rested":1,"item_purchase_floors":[2,5],"current_hp_per_floor":[63,63,46,46,46,46,46,46,46,2,23,23],"gold":97,"neow_bonus":"THREE_ENEMY_KILL","is_prod":false,"is_daily":false,"chose_seed":false,"campfire_upgraded":1,"win_rate":0,"timestamp":1548691514,"path_taken":["M","?","?","M","$","E","?","R","T","E","R","?"],"build_version":"2019-01-23","purchased_purges":0,"victory":false,"max_hp_per_floor":[70,70,70,70,70,70,70,70,70,70,70,70],"card_choices":[{"not_picked":["Acrobatics","Outmaneuver"],"picked":"Deflect","floor":1},{"not_picked":["Acrobatics","Cloak And Dagger"],"picked":"Escape Plan","floor":4},{"not_picked":["Masterful Stab","Bane"],"picked":"Distraction","floor":6},{"not_picked":["Bane+1","Outmaneuver"],"picked":"Deadly Poison","floor":10}],"player_experience":2077968,"relics_obtained":[{"floor":6,"key":"Molten Egg 2"},{"floor":7,"key":"Kunai"},{"floor":9,"key":"Mummified Hand"},{"floor":10,"key":"Frozen Egg 2"}],"event_choices":[{"damage_healed":0,"gold_gain":0,"player_choice":"Take Damage","damage_taken":17,"relics_obtained":["Golden Idol"],"max_hp_gain":0,"max_hp_loss":0,"event_name":"Golden Idol","floor":3,"gold_loss":0}],"is_beta":false,"boss_relics":[],"items_purged_floors":[],"is_endless":false,"potions_floor_spawned":[4,10],"ascension_level":12}