{"gold_per_floor":[119,14,14,14,24,59,31,66,121,121,139,104,114,142,142,219,219,235,235,235,253,45,45,45],"floor_reached":24,"playtime":741,"items_purged":[],"score":456,"play_id":"def4987c-77fd-424e-9fb5-f55a2c17e77a","local_time":"20190217174856","is_ascension_mode":true,"campfire_choices":[{"floor":10,"key":"REST"},{"floor":15,"key":"REST"},{"floor":23,"key":"REST"}],"neow_cost":"NONE","seed_source_timestamp":15111413486916874,"circlet_count":0,"master_deck":["AscendersBane","Defend_R+1","Defend_R","Defend_R","Defend_R+1","Bash","Reckless Charge","Iron Wave","True Grit","Thunderclap","Iron Wave","Spot Weakness","Feed","Bite","Bite","Bite","Bite","Bite","Evolve","Transmutation"],"relics":["Burning Blood","NeowsBlessing","War Paint","Unceasing Top","Mercury Hourglass","Red Skull","Odd Mushroom","Runic Cube"],"potions_floor_usage":[16,24],"damage_taken":[{"damage":0,"enemies":"Small Slimes","floor":1,"turns":1},{"damage":0,"enemies":"Cultist","floor":5,"turns":1},{"damage":0,"enemies":"Lagavulin","floor":6,"turns":1},{"damage":68,"enemies":"3 Sentries","floor":8,"turns":18},{"damage":0,"enemies":"2 Louse","floor":11,"turns":2},{"damage":0,"enemies":"2 Fungi Beasts","floor":13,"turns":3},{"damage":14,"enemies":"The Mushroom Lair","floor":14,"turns":4},{"damage":50,"enemies":"Hexaghost","floor":16,"turns":11},{"damage":31,"enemies":"3 Byrds","floor":18,"turns":4},{"damage":12,"enemies":"Spheric Guardian","floor":21,"turns":4},{"damage":54,"enemies":"Slavers","floor":24,"turns":2}],"seed_played":"7222196576152736671","potions_obtained":[{"floor":8,"key":"Dexterity Potion"},{"floor":13,"key":"BloodPotion"},{"floor":16,"key":"Ancient Potion"},{"floor":18,"key":"LiquidBronze"}],"is_trial":false,"path_per_floor":["M","$","?","?","M","E","$","E","T","R","M","?","M","?","R","B",null,"M","?","?","M","$","R","E"],"character_chosen":"IRONCLAD","items_purchased":["Blind","True Grit","Transmutation"],"campfire_rested":3,"item_purchase_floors":[2,7,22],"current_hp_per_floor":[74,74,67,67,73,75,75,13,13,35,41,59,65,57,75,31,64,39,18,18,24,24,40,0],"gold":45,"neow_bonus":"THREE_ENEMY_KILL","is_prod":false,"is_daily":false,"chose_seed":false,"campfire_upgraded":0,"win_rate":0,"timestamp":1550422136,"path_taken":["M","$","?","?","M","E","$","E","T","R","?","?","M","?","R","BOSS","M","?","?","M","?","R","E"],"build_version":"2019-01-23","purchased_purges":0,"victory":false,"max_hp_per_floor":[75,75,75,75,75,75,75,75,75,75,75,75,75,75,75,75,75,75,80,56,56,56,56,56],"card_choices":[{"not_picked":["Armaments","Twin Strike"],"picked":"Reckless Charge","floor":1},{"not_picked":["Clothesline","Heavy Blade"],"picked":"Iron Wave","floor":5},{"not_picked":["Combust","Disarm","Pummel"],"picked":"SKIP","floor":6},{"not_picked":["Combust","Double Tap"],"picked":"Thunderclap","floor":8},{"not_picked":["Heavy Blade","Perfected Strike"],"picked":"Iron Wave","floor":11},{"not_picked":["Anger","True Grit","Pummel"],"picked":"SKIP","floor":13},{"not_picked":["Anger","Clothesline"],"picked":"Spot Weakness","floor":14},{"not_picked":["Exhume","Impervious"],"picked":"Feed","floor":16},{"not_picked":["Searing Blow+1","Flex","Armaments+1"],"picked":"SKIP","floor":18},{"not_picked":["Fire Breathing","Seeing Red"],"picked":"Evolve","floor":21}],"player_experience":408371,"relics_obtained":[{"floor":6,"key":"Unceasing Top"},{"floor":8,"key":"Mercury Hourglass"},{"floor":9,"key":"Red Skull"},{"floor":14,"key":"Odd Mushroom"}],"event_choices":[{"cards_removed":["Strike_R"],"damage_healed":0,"gold_gain":0,"player_choice":"Card Removal","damage_taken":7,"max_hp_gain":0,"max_hp_loss":0,"event_name":"Golden Wing","floor":3,"gold_loss":0},{"cards_removed":["Blind"],"damage_healed":0,"gold_gain":0,"player_choice":"Gave Card","damage_taken":0,"relics_obtained":["War Paint"],"max_hp_gain":0,"max_hp_loss":0,"event_name":"WeMeetAgain","floor":4,"gold_loss":0},{"damage_healed":18,"gold_gain":0,"player_choice":"Healed","damage_taken":0,"max_hp_gain":0,"max_hp_loss":0,"event_name":"The Cleric","floor":12,"gold_loss":35},{"damage_healed":0,"gold_gain":0,"player_choice":"Fought Mushrooms","damage_taken":0,"max_hp_gain":0,"max_hp_loss":0,"event_name":"Mushrooms","floor":14,"gold_loss":0},{"damage_healed":0,"gold_gain":0,"player_choice":"Shed Blood","damage_taken":26,"max_hp_gain":5,"max_hp_loss":0,"event_name":"Forgotten Altar","floor":19,"gold_loss":0},{"damage_healed":0,"gold_gain":0,"player_choice":"Became a vampire","damage_taken":0,"max_hp_gain":0,"max_hp_loss":24,"event_name":"Vampires","floor":20,"gold_loss":0,"cards_obtained":["Bite","Bite","Bite","Bite","Bite"]}],"is_beta":false,"boss_relics":[{"not_picked":["Coffee Dripper","Busted Crown"],"picked":"Runic Cube"}],"items_purged_floors":[],"is_endless":false,"potions_floor_spawned":[8,13,14,16,18],"killed_by":"Slavers","ascension_level":18}