{"gold_per_floor":[114,39,51,62,77,77,88,88,88,8,35,35,51,66,66,171,171,81,81,31,31,31,31,31,31,31,31,31,31,31,31,31,31,31,31,31,31,31,0,0,0,0,0,0,0,0,0,0,0,0],"floor_reached":51,"playtime":5954,"items_purged":["Strike_R","Strike_R"],"score":1086,"play_id":"ad156df2-940a-4204-bd42-b7d81c51c8bf","local_time":"20190206221852","is_ascension_mode":true,"campfire_choices":[{"data":"Metallicize","floor":6.0,"key":"SMITH"},{"data":"Whirlwind","floor":8.0,"key":"SMITH"},{"data":"Juggernaut","floor":12.0,"key":"SMITH"},{"data":"True Grit","floor":15.0,"key":"SMITH"},{"floor":23.0,"key":"REST"},{"floor":27.0,"key":"REST"},{"floor":32.0,"key":"REST"},{"floor":42.0,"key":"REST"},{"floor":44.0,"key":"REST"},{"floor":49,"key":"REST"}],"neow_cost":"NONE","seed_source_timestamp":0,"circlet_count":0,"master_deck":["AscendersBane","Strike_R","Strike_R","Defend_R","Defend_R","Defend_R","Defend_R","Metallicize+1","Juggernaut+1","Whirlwind+1","Shrug It Off","True Grit+1","Demon Form","Havoc+1","Sentinel","Battle Trance","Armaments","Battle Trance","Rage","Dropkick","Immolate","Shrug It Off+1","Parasite","Shrug It Off","Secret Weapon","Seeing Red"],"special_seed":0,"relics":["Burning Blood","Centennial Puzzle","The Courier","Ice Cream","Ectoplasm","Singing Bowl","Happy Flower","Cursed Key","Thread and Needle","Red Mask","Boot","Dream Catcher","Blood Vial"],"potions_floor_usage":[50],"damage_taken":[{"damage":1.0,"enemies":"Cultist","floor":1.0,"turns":3.0},{"damage":0.0,"enemies":"2 Louse","floor":3.0,"turns":5.0},{"damage":8.0,"enemies":"Small Slimes","floor":4.0,"turns":5.0},{"damage":0.0,"enemies":"Looter","floor":5.0,"turns":4.0},{"damage":9.0,"enemies":"Blue Slaver","floor":7.0,"turns":4.0},{"damage":36.0,"enemies":"Gremlin Nob","floor":11.0,"turns":5.0},{"damage":0.0,"enemies":"3 Louse","floor":13.0,"turns":1.0},{"damage":2.0,"enemies":"Looter","floor":14.0,"turns":3.0},{"damage":19.0,"enemies":"Hexaghost","floor":16.0,"turns":12.0},{"damage":22.0,"enemies":"2 Thieves","floor":18.0,"turns":4.0},{"damage":2.0,"enemies":"Shell Parasite","floor":21.0,"turns":4.0},{"damage":12.0,"enemies":"Snake Plant","floor":22.0,"turns":4.0},{"damage":0.0,"enemies":"Cultist and Chosen","floor":24.0,"turns":4.0},{"damage":62.0,"enemies":"Slavers","floor":25.0,"turns":5.0},{"damage":33.0,"enemies":"Shelled Parasite and Fungi","floor":29.0,"turns":4.0},{"damage":0.0,"enemies":"Chosen and Byrds","floor":30.0,"turns":5.0},{"damage":11.0,"enemies":"Automaton","floor":33.0,"turns":8.0},{"damage":3.0,"enemies":"3 Shapes","floor":35.0,"turns":5.0},{"damage":52.0,"enemies":"2 Orb Walkers","floor":36.0,"turns":4.0},{"damage":4.0,"enemies":"3 Darklings","floor":37.0,"turns":3.0},{"damage":19.0,"enemies":"Reptomancer","floor":40.0,"turns":5.0},{"damage":5.0,"enemies":"4 Shapes","floor":41.0,"turns":2.0},{"damage":73.0,"enemies":"Nemesis","floor":45.0,"turns":7.0},{"damage":0.0,"enemies":"Sphere and 2 Shapes","floor":47.0,"turns":3.0},{"damage":73,"enemies":"Donu and Deca","floor":50,"turns":8}],"seed_played":"-8990829226283956095","potions_obtained":[{"floor":1.0,"key":"AttackPotion"},{"floor":7.0,"key":"Ancient Potion"},{"floor":13.0,"key":"Swift Potion"},{"floor":25.0,"key":"EntropicBrew"},{"floor":28.0,"key":"Fruit Juice"},{"floor":28.0,"key":"Dexterity Potion"},{"floor":28.0,"key":"Swift Potion"},{"floor":29.0,"key":"Block Potion"},{"floor":30.0,"key":"Block Potion"},{"floor":33.0,"key":"SteroidPotion"},{"floor":35.0,"key":"FearPotion"},{"floor":37.0,"key":"Swift Potion"},{"floor":41.0,"key":"Dexterity Potion"},{"floor":47.0,"key":"Regen Potion"}],"is_trial":false,"path_per_floor":["M","$","M","M","M","R","M","R","T","$","E","R","M","M","R","B",null,"M","?","?","M","M","R","M","E","T","R","?","M","M","?","R","B",null,"M","?","M","?","?","E","M","R","T","R","E","?","M","$","R","B",null],"character_chosen":"IRONCLAD","items_purchased":[],"campfire_rested":6,"item_purchase_floors":[],"current_hp_per_floor":[77,77,80,78,80,80,77,77,77,77,47,47,53,57,57,44,71,55,55,55,59,53,77,80,26,26,50,55,28,34,34,60,55,79,84,40,42,42,42,31,34,61,61,88,23,23,33,33,61,11],"gold":0,"neow_bonus":"RANDOM_COMMON_RELIC","is_prod":false,"is_daily":false,"chose_seed":false,"campfire_upgraded":4,"win_rate":0,"timestamp":1549459132,"path_taken":["M","$","M","M","M","R","M","R","T","$","E","R","M","M","R","BOSS","M","?","?","?","M","R","M","E","T","R","?","M","?","?","R","BOSS","M","?","M","?","?","E","M","R","T","R","E","?","?","?","R","BOSS"],"build_version":"2019-01-23","purchased_purges":2,"victory":true,"max_hp_per_floor":[80,80,80,80,80,80,80,80,80,80,80,80,80,80,80,80,80,80,80,80,80,80,80,80,82,82,82,87,87,87,87,87,87,87,89,91,91,86,86,88,90,90,90,90,92,92,94,94,94,94],"card_choices":[{"not_picked":["Reckless Charge","Shrug It Off"],"picked":"Metallicize","floor":1.0},{"not_picked":["Twin Strike","Clash","Fire Breathing"],"picked":"SKIP","floor":3.0},{"not_picked":["Clash","Body Slam"],"picked":"Juggernaut","floor":4.0},{"not_picked":["Sword Boomerang","Flex","Heavy Blade"],"picked":"SKIP","floor":5.0},{"not_picked":["Pommel Strike","Flex"],"picked":"Whirlwind","floor":7.0},{"not_picked":["Pummel","Twin Strike","Burning Pact"],"picked":"SKIP","floor":11.0},{"not_picked":["Pommel Strike","Warcry"],"picked":"Shrug It Off","floor":13.0},{"not_picked":["Seeing Red","Whirlwind"],"picked":"True Grit","floor":14.0},{"not_picked":["Impervious","Berserk"],"picked":"Demon Form","floor":16.0},{"not_picked":["True Grit","Pummel"],"picked":"Havoc+1","floor":18.0},{"not_picked":["Inflame","Cleave"],"picked":"Sentinel","floor":21.0},{"not_picked":["Uppercut","Metallicize+1"],"picked":"Battle Trance","floor":22.0},{"not_picked":["Perfected Strike","Havoc","Power Through"],"picked":"SKIP","floor":24.0},{"not_picked":["Reckless Charge","Brutality","Corruption"],"picked":"Singing Bowl","floor":25.0},{"not_picked":["Heavy Blade","Havoc"],"picked":"Armaments","floor":29.0},{"not_picked":["Clothesline","Clash"],"picked":"Battle Trance","floor":30.0},{"not_picked":["Limit Break","Double Tap"],"picked":"Immolate","floor":33.0},{"not_picked":["Pommel Strike+1","Clash+1","Twin Strike"],"picked":"Singing Bowl","floor":35.0},{"not_picked":["Battle Trance+1","Heavy Blade","Sever Soul+1"],"picked":"Singing Bowl","floor":36.0},{"not_picked":["Heavy Blade","Cleave"],"picked":"Shrug It Off+1","floor":37.0},{"not_picked":["Anger","Thunderclap+1","Fire Breathing+1"],"picked":"Singing Bowl","floor":40.0},{"not_picked":["Wild Strike+1","Anger","Iron Wave"],"picked":"Singing Bowl","floor":41.0},{"not_picked":["Headbutt","Sword Boomerang"],"picked":"Shrug It Off","floor":44.0},{"not_picked":["Blood for Blood+1","Limit Break","Thunderclap"],"picked":"Singing Bowl","floor":45.0},{"not_picked":["Jack Of All Trades","PanicButton"],"picked":"Secret Weapon","floor":46.0},{"not_picked":["Dropkick","Ghostly Armor","Wild Strike"],"picked":"Singing Bowl","floor":47.0},{"not_picked":["Havoc","Clash"],"picked":"Seeing Red","floor":49}],"player_experience":522693,"relics_obtained":[{"floor":9.0,"key":"The Courier"},{"floor":11.0,"key":"Ice Cream"},{"floor":25.0,"key":"Singing Bowl"},{"floor":26.0,"key":"Happy Flower"},{"floor":36.0,"key":"Thread and Needle"},{"floor":40.0,"key":"Boot"},{"floor":43.0,"key":"Dream Catcher"},{"floor":45.0,"key":"Blood Vial"}],"event_choices":[{"damage_healed":0.0,"max_hp_gain":0.0,"max_hp_loss":0.0,"gold_gain":0.0,"event_name":"Vampires","player_choice":"Ignored","floor":19.0,"gold_loss":0.0,"damage_taken":0.0},{"damage_healed":0.0,"max_hp_gain":0.0,"max_hp_loss":0.0,"gold_gain":100.0,"event_name":"The Joust","player_choice":"Bet on Murderer","floor":20.0,"gold_loss":50.0,"damage_taken":0.0},{"damage_healed":0.0,"max_hp_gain":0.0,"max_hp_loss":0.0,"gold_gain":0.0,"event_name":"Lab","player_choice":"Got Potions","floor":28.0,"gold_loss":0.0,"damage_taken":0.0},{"damage_healed":0.0,"max_hp_gain":0.0,"max_hp_loss":0.0,"gold_gain":0.0,"cards_transformed":["Bash","Strike_R"],"event_name":"Drug Dealer","player_choice":"Became Test Subject","floor":31.0,"gold_loss":0.0,"damage_taken":0.0,"cards_obtained":["Rage","Dropkick"]},{"damage_healed":0.0,"max_hp_gain":0.0,"max_hp_loss":0.0,"gold_gain":0.0,"event_name":"Mysterious Sphere","player_choice":"Fight","floor":36.0,"gold_loss":0.0,"damage_taken":0.0},{"damage_healed":0.0,"max_hp_gain":0.0,"max_hp_loss":5.0,"gold_gain":0.0,"event_name":"Winding Halls","player_choice":"Max HP","floor":38.0,"gold_loss":0.0,"damage_taken":0.0},{"damage_healed":0.0,"max_hp_gain":0.0,"max_hp_loss":0.0,"gold_gain":0.0,"event_name":"Tomb of Lord Red Mask","player_choice":"Paid","floor":39.0,"gold_loss":31.0,"damage_taken":0.0,"relics_obtained":["Red Mask"]},{"damage_healed":0.0,"max_hp_gain":0.0,"max_hp_loss":0.0,"gold_gain":0.0,"event_name":"SensoryStone","player_choice":"Memory 1","floor":46.0,"gold_loss":0.0,"damage_taken":0.0}],"is_beta":false,"boss_relics":[{"not_picked":["Runic Cube","Sozu"],"picked":"Ectoplasm"},{"not_picked":["Astrolabe","Eternal Feather"],"picked":"Cursed Key"}],"items_purged_floors":[2,10],"is_endless":false,"potions_floor_spawned":[1,7,13,25,29,30,33,35,37,41,47],"ascension_level":12}