{"path_per_floor":["M","?","M","M","M","R","E","M","T","E","M","$","M","E","R","B",null,"M","$","?","M","$"],"character_chosen":"IRONCLAD","items_purchased":["Kunai","Bloodletting","Reaper","Mummified Hand","Block Potion"],"gold_per_floor":[118,118,133,153,165,165,230,240,240,565,583,214,234,265,265,369,369,385,8,8,28,28,28],"floor_reached":23,"campfire_rested":1,"playtime":2640,"current_hp_per_floor":[80,64,66,65,65,65,60,63,63,39,45,45,48,41,65,13,80,52,52,52,26,26,0],"items_purged":["Strike_R"],"gold":28,"score":234,"play_id":"db5ed055-29cd-4a9b-99ff-48b9c1b75895","local_time":"20180423163214","is_prod":false,"is_daily":false,"chose_seed":false,"is_ascension_mode":true,"campfire_upgraded":1,"timestamp":1524493934,"path_taken":["M","?","?","M","M","R","E","?","T","E","M","$","M","E","R","BOSS","M","$","?","?","?","E"],"build_version":"2018-04-19","seed_source_timestamp":81350269153686,"purchased_purges":1,"victory":false,"master_deck":["Strike_R","Strike_R","Strike_R","Strike_R+1","Defend_R","Defend_R","Defend_R","Defend_R+1","Bash","Battle Trance","Wild Strike","Heavy Blade","Shockwave+1","Shrug It Off","Shrug It Off","Pommel Strike","Whirlwind","Bloodletting","Seeing Red","Immolate","Demon Form","Shrug It Off","Body Slam","Warcry","Berserk","Inflame","Reaper","Flame Barrier"],"max_hp_per_floor":[80,80,80,80,80,80,80,80,80,80,80,80,80,80,80,80,80,80,80,80,80,80,80],"relics":["Burning Blood","Tiny Chest","Champion Belt","Old Coin","Kunai","Calipers","Orrery","Mummified Hand"],"card_choices":[{"not_picked":["Hemokinesis","Combust"],"picked":"Battle Trance","floor":1.0},{"not_picked":["Power Through","Twin Strike"],"picked":"Wild Strike","floor":3.0},{"not_picked":["Havoc","Iron Wave"],"picked":"Heavy Blade","floor":4.0},{"not_picked":["Wild Strike","Sever Soul"],"picked":"Shockwave","floor":5.0},{"not_picked":["Metallicize","Berserk"],"picked":"Shrug It Off","floor":7.0},{"not_picked":["Iron Wave","Rupture"],"picked":"Shrug It Off","floor":8.0},{"not_picked":["Shrug It Off","True Grit"],"picked":"Pommel Strike","floor":10.0},{"not_picked":["Heavy Blade","Battle Trance"],"picked":"Whirlwind","floor":11.0},{"not_picked":["Sword Boomerang","Armaments"],"picked":"Seeing Red","floor":13.0},{"not_picked":["Heavy Blade","Shrug It Off"],"picked":"Immolate","floor":14.0},{"not_picked":["Exhume","Feed"],"picked":"Demon Form","floor":16.0},{"not_picked":["Twin Strike","Sword Boomerang"],"picked":"Shrug It Off","floor":17.0},{"not_picked":["Heavy Blade","Feel No Pain"],"picked":"Body Slam","floor":17.0},{"not_picked":["Iron Wave","Body Slam"],"picked":"Warcry","floor":17.0},{"not_picked":["Corruption","True Grit"],"picked":"Berserk","floor":17.0},{"not_picked":["Thunderclap","Wild Strike"],"picked":"Inflame","floor":18},{"not_picked":["Sentinel","Iron Wave"],"picked":"Flame Barrier","floor":21}],"player_experience":362617,"potions_floor_usage":[18,23,23],"damage_taken":[{"damage":5.0,"enemies":"Small Slimes","floor":1.0,"turns":4.0},{"damage":4.0,"enemies":"2 Louse","floor":3.0,"turns":3.0},{"damage":7.0,"enemies":"Jaw Worm","floor":4.0,"turns":3.0},{"damage":6.0,"enemies":"Lots of Slimes","floor":5.0,"turns":5.0},{"damage":11.0,"enemies":"Lagavulin","floor":7.0,"turns":5.0},{"damage":3.0,"enemies":"Gremlin Gang","floor":8.0,"turns":6.0},{"damage":30.0,"enemies":"Gremlin Nob","floor":10.0,"turns":5.0},{"damage":0.0,"enemies":"2 Fungi Beasts","floor":11.0,"turns":3.0},{"damage":3.0,"enemies":"Blue Slaver","floor":13.0,"turns":4.0},{"damage":13.0,"enemies":"3 Sentries","floor":14.0,"turns":9.0},{"damage":58.0,"enemies":"The Guardian","floor":16.0,"turns":19.0},{"damage":34,"enemies":"Spheric Guardian","floor":18,"turns":6},{"damage":32,"enemies":"Shell Parasite","floor":21,"turns":7},{"damage":36,"enemies":"Book of Stabbing","floor":23,"turns":5}],"event_choices":[{"event_name":"Shining Light","player_choice":"Entered Light","floor":2.0,"damage_taken":0.0},{"event_name":"Beggar","player_choice":"Ignored","floor":20,"damage_taken":0}],"boss_relics":[],"potions_floor_spawned":[1,3,7,14,16,21],"seed_played":"3259005930523719623","killed_by":"Book of Stabbing","ascension_level":2,"is_trial":false}