{"gold_per_floor":[115,126,126,137,147,147,173,173,173,205,87,140,157,29,29,29],"floor_reached":16,"playtime":854,"items_purged":["Strike_R","Strike_R"],"score":182,"play_id":"05dc9c79-f922-40cb-abd7-f9885b5fdae8","local_time":"20190125154846","is_ascension_mode":true,"campfire_choices":[{"data":"Strike_R","floor":6,"key":"SMITH"},{"floor":8,"key":"REST"},{"floor":15,"key":"REST"}],"neow_cost":"NONE","seed_source_timestamp":13116888980835091,"circlet_count":0,"master_deck":["AscendersBane","Strike_R","Strike_R","Strike_R+1","Defend_R","Defend_R","Defend_R","Defend_R","Bash","Burning Pact","Warcry","Feel No Pain","Rage","Second Wind","Sentinel"],"relics":["Burning Blood","Smiling Mask","Potion Belt","Incense Burner","Bottled Tornado","Bag of Marbles","Tiny Chest"],"potions_floor_usage":[7,10],"damage_taken":[{"damage":10,"enemies":"Cultist","floor":1,"turns":4},{"damage":7,"enemies":"2 Louse","floor":2,"turns":4},{"damage":12,"enemies":"Jaw Worm","floor":4,"turns":4},{"damage":11,"enemies":"Exordium Wildlife","floor":5,"turns":4},{"damage":51,"enemies":"Lagavulin","floor":7,"turns":7},{"damage":17,"enemies":"3 Sentries","floor":10,"turns":13},{"damage":19,"enemies":"3 Louse","floor":13,"turns":5},{"damage":40,"enemies":"The Guardian","floor":16,"turns":4}],"seed_played":"5298334689403601295","potions_obtained":[{"floor":1,"key":"Swift Potion"},{"floor":4,"key":"LiquidBronze"},{"floor":5,"key":"SkillPotion"}],"is_trial":false,"path_per_floor":["M","M","?","M","M","R","E","R","T","E","$","T","M","$","R","B"],"character_chosen":"IRONCLAD","items_purchased":["Second Wind","Sentinel"],"campfire_rested":2,"item_purchase_floors":[11,14],"current_hp_per_floor":[68,67,67,61,56,56,11,35,35,24,24,24,11,11,35,0],"gold":29,"neow_bonus":"RANDOM_COMMON_RELIC","is_prod":false,"is_daily":false,"chose_seed":false,"campfire_upgraded":1,"win_rate":0,"timestamp":1548427726,"path_taken":["M","M","?","M","?","R","E","R","T","E","$","?","?","$","R","BOSS"],"build_version":"2019-01-23","purchased_purges":2,"victory":false,"max_hp_per_floor":[80,80,80,80,80,80,80,80,80,80,80,80,80,80,80,80],"card_choices":[{"not_picked":["Sword Boomerang","Anger"],"picked":"Burning Pact","floor":1},{"not_picked":["Blood for Blood","Clash"],"picked":"Pommel Strike","floor":2},{"not_picked":["Sword Boomerang","Headbutt"],"picked":"Warcry","floor":4},{"not_picked":["Body Slam","Combust","Wild Strike"],"picked":"SKIP","floor":5},{"not_picked":["Thunderclap","Dark Embrace"],"picked":"Feel No Pain","floor":7},{"not_picked":["Wild Strike","Rampage"],"picked":"Rage","floor":10},{"not_picked":["Shockwave","Shrug It Off","Perfected Strike"],"picked":"SKIP","floor":13}],"player_experience":323587,"relics_obtained":[{"floor":7,"key":"Incense Burner"},{"floor":9,"key":"Bottled Tornado"},{"floor":10,"key":"Bag of Marbles"},{"floor":12,"key":"Tiny Chest"}],"event_choices":[{"cards_removed":["Pommel Strike"],"damage_healed":0,"gold_gain":0,"player_choice":"Gave Card","damage_taken":0,"relics_obtained":["Potion Belt"],"max_hp_gain":0,"max_hp_loss":0,"event_name":"WeMeetAgain","floor":3,"gold_loss":0}],"is_beta":false,"boss_relics":[],"items_purged_floors":[11,14],"is_endless":false,"potions_floor_spawned":[1,4,5],"killed_by":"The Guardian","ascension_level":13}