{"gold_per_floor":[119,132,147,164,182,182,195,212,238,263,263,263,67,67,67,195,195,208,208,208,218,218],"floor_reached":22,"playtime":1417,"items_purged":[],"score":188,"play_id":"a15d9c56-db8d-4405-bfd3-5e0ef712dcd3","local_time":"20181218192411","is_ascension_mode":false,"campfire_choices":[{"data":"Perfected Strike","floor":6,"key":"SMITH"},{"data":"Cleave","floor":15,"key":"SMITH"}],"neow_cost":"NONE","seed_source_timestamp":9846052501593223,"circlet_count":0,"master_deck":["Strike_R","Strike_R","Strike_R+1","Strike_R","Defend_R","Defend_R","Bash","Inflame","Cleave+1","Perfected Strike+1","Clash","Sword Boomerang","Warcry+1","Headbutt","Metamorphosis","Barricade","Flex+1","Sever Soul+1","Dropkick+1","Warcry+1","Warcry+1"],"relics":["Burning Blood","NeowsBlessing","Whetstone","Vajra","Bloody Idol","Astrolabe"],"potions_floor_usage":[21],"damage_taken":[{"damage":0,"enemies":"Cultist","floor":1,"turns":1},{"damage":0,"enemies":"Jaw Worm","floor":2,"turns":1},{"damage":0,"enemies":"Small Slimes","floor":3,"turns":1},{"damage":5,"enemies":"Looter","floor":4,"turns":2},{"damage":12,"enemies":"Exordium Thugs","floor":5,"turns":4},{"damage":2,"enemies":"Blue Slaver","floor":7,"turns":2},{"damage":1,"enemies":"2 Fungi Beasts","floor":8,"turns":3},{"damage":13,"enemies":"3 Sentries","floor":10,"turns":6},{"damage":53,"enemies":"The Guardian","floor":16,"turns":6},{"damage":29,"enemies":"Shell Parasite","floor":18,"turns":5},{"damage":25,"enemies":"Spheric Guardian","floor":21,"turns":4},{"damage":43,"enemies":"Cultist and Chosen","floor":22,"turns":4}],"seed_played":"-663420369017153290","potions_obtained":[{"floor":5,"key":"Strength Potion"},{"floor":7,"key":"SkillPotion"},{"floor":10,"key":"Explosive Potion"}],"is_trial":false,"path_per_floor":["M","M","M","M","M","R","M","M","T","E","?","?","$","?","R","B",null,"M","?","?","M","M"],"character_chosen":"IRONCLAD","items_purchased":["Metamorphosis"],"campfire_rested":0,"item_purchase_floors":[13],"current_hp_per_floor":[80,80,80,80,74,74,78,80,80,73,73,73,73,73,73,26,74,51,51,51,37,0],"gold":218,"neow_bonus":"THREE_ENEMY_KILL","is_prod":false,"is_daily":false,"chose_seed":false,"campfire_upgraded":2,"win_rate":0.0,"timestamp":1545157451,"path_taken":["M","M","?","M","M","R","M","M","T","E","?","?","$","?","R","BOSS","M","?","?","M","M"],"build_version":"2018-12-13","purchased_purges":0,"victory":false,"max_hp_per_floor":[80,80,80,80,80,80,80,80,80,80,80,74,74,74,74,74,74,74,74,74,74,74],"card_choices":[{"not_picked":["True Grit","Flex"],"picked":"Clash","floor":1},{"not_picked":["Cleave","Dual Wield"],"picked":"Inflame","floor":2},{"not_picked":["Whirlwind","Brutality"],"picked":"Cleave","floor":3},{"not_picked":["Warcry","Rupture"],"picked":"Perfected Strike","floor":4},{"not_picked":["Flex","Anger"],"picked":"Clash","floor":5},{"not_picked":["Carnage","Intimidate"],"picked":"Sword Boomerang","floor":7},{"not_picked":["Burning Pact","Twin Strike"],"picked":"Warcry","floor":8},{"not_picked":["Rupture","Perfected Strike"],"picked":"Headbutt","floor":10},{"not_picked":["Demon Form","Berserk"],"picked":"Barricade","floor":16},{"not_picked":["Rage","Iron Wave"],"picked":"Warcry+1","floor":18},{"not_picked":["Armaments","Thunderclap"],"picked":"Warcry+1","floor":21}],"player_experience":549,"relics_obtained":[{"floor":9,"key":"Whetstone"},{"floor":10,"key":"Vajra"}],"event_choices":[{"damage_healed":0,"gold_gain":0,"player_choice":"Grow","damage_taken":0,"max_hp_gain":0,"max_hp_loss":0,"event_name":"Living Wall","floor":11,"gold_loss":0,"cards_upgraded":["Warcry"]},{"damage_healed":0,"gold_gain":0,"player_choice":"Lose Max HP","damage_taken":0,"relics_obtained":["Golden Idol"],"max_hp_gain":0,"max_hp_loss":6,"event_name":"Golden Idol","floor":12,"gold_loss":0},{"cards_removed":["Strike_R"],"damage_healed":0,"gold_gain":0,"player_choice":"Purged","damage_taken":0,"max_hp_gain":0,"max_hp_loss":0,"event_name":"Purifier","floor":14,"gold_loss":0},{"damage_healed":0,"gold_gain":0,"player_choice":"Ignored","damage_taken":0,"max_hp_gain":0,"max_hp_loss":0,"event_name":"The Mausoleum","floor":19,"gold_loss":0},{"damage_healed":0,"gold_gain":0,"player_choice":"Gave Idol","damage_taken":0,"relics_obtained":["Bloody Idol"],"max_hp_gain":0,"max_hp_loss":0,"event_name":"Forgotten Altar","floor":20,"relics_lost":["Golden Idol"],"gold_loss":0}],"is_beta":false,"boss_relics":[{"not_picked":["Black Star","Mark of Pain"],"picked":"Astrolabe"}],"items_purged_floors":[],"is_endless":false,"potions_floor_spawned":[5,7,10,18],"killed_by":"Cultist and Chosen","ascension_level":0}