{"gold_per_floor":[219,219,235,235,18,49,49,61,130,130,144,144,175,185,185,258,258,274,292,207,207,218,249,249,265,341,360,379,111,111,136,136,207,207,220,233,245,260,260,285,285,315,339,370,381,397,410,426,426,426,426],"floor_reached":51,"playtime":4139,"items_purged":["Regret","Normality"],"score":1761,"play_id":"07e2e1f1-1d4b-4ab1-80c9-c32e5a5a2e41","local_time":"20190213223656","is_ascension_mode":true,"campfire_choices":[{"data":"Zap","floor":7.0,"key":"SMITH"},{"data":"Buffer","floor":12.0,"key":"SMITH"},{"data":"Static Discharge","floor":15.0,"key":"SMITH"},{"floor":24.0,"key":"REST"},{"data":"Buffer","floor":30.0,"key":"SMITH"},{"data":"Darkness","floor":32.0,"key":"SMITH"},{"floor":41.0,"key":"REST"},{"floor":49,"key":"RECALL"}],"neow_cost":"NONE","seed_source_timestamp":61586526279281,"circlet_count":0,"master_deck":["AscendersBane","Strike_B","Strike_B","Strike_B","Defend_B","Defend_B","Defend_B","Defend_B","Zap+1","Dualcast","Gash","Rebound","Glacier","Discovery","Cold Snap","Self Repair+1","Buffer+1","Undo","Static Discharge+1","Echo Form","Steam","Cold Snap+1","Double Energy","Darkness+1","Chill","Buffer+1","Conserve Battery","Echo Form","Steam+1","Hologram","Coolheaded+1","Coolheaded+1","Dark Shackles","Double Energy","Shame","Hologram+1","Conserve Battery+1","Static Discharge+1"],"special_seed":0,"relics":["Cracked Core","Orichalcum","Bronze Scales","Shuriken","Matryoshka","Pear","Cursed Key","Happy Flower","Incense Burner","Strawberry","Question Card","Gremlin Horn","Inserter","Darkstone Periapt","Omamori","Juzu Bracelet"],"potions_floor_usage":[51],"damage_taken":[{"damage":0.0,"enemies":"2 Louse","floor":1.0,"turns":1.0},{"damage":3.0,"enemies":"Small Slimes","floor":3.0,"turns":3.0},{"damage":6.0,"enemies":"Lagavulin","floor":6.0,"turns":9.0},{"damage":0.0,"enemies":"Cultist","floor":8.0,"turns":3.0},{"damage":0.0,"enemies":"Looter","floor":11.0,"turns":2.0},{"damage":10.0,"enemies":"3 Sentries","floor":13.0,"turns":4.0},{"damage":0.0,"enemies":"Blue Slaver","floor":14.0,"turns":4.0},{"damage":17.0,"enemies":"The Guardian","floor":16.0,"turns":13.0},{"damage":16.0,"enemies":"Shell Parasite","floor":18.0,"turns":6.0},{"damage":16.0,"enemies":"2 Thieves","floor":19.0,"turns":4.0},{"damage":11.0,"enemies":"Centurion and Healer","floor":22.0,"turns":10.0},{"damage":37.0,"enemies":"Slavers","floor":23.0,"turns":3.0},{"damage":0.0,"enemies":"Snecko","floor":25.0,"turns":8.0},{"damage":25.0,"enemies":"Cultist and Chosen","floor":27.0,"turns":7.0},{"damage":0.0,"enemies":"Snake Plant","floor":28.0,"turns":6.0},{"damage":0.0,"enemies":"Book of Stabbing","floor":31.0,"turns":7.0},{"damage":0.0,"enemies":"Automaton","floor":33.0,"turns":12.0},{"damage":13.0,"enemies":"Orb Walker","floor":35.0,"turns":6.0},{"damage":13.0,"enemies":"3 Shapes","floor":36.0,"turns":7.0},{"damage":0.0,"enemies":"Sphere and 2 Shapes","floor":37.0,"turns":11.0},{"damage":0.0,"enemies":"Spire Growth","floor":38.0,"turns":7.0},{"damage":86.0,"enemies":"Reptomancer","floor":40.0,"turns":17.0},{"damage":7,"enemies":"Nemesis","floor":42,"turns":13},{"damage":0,"enemies":"Reptomancer","floor":44,"turns":8},{"damage":28,"enemies":"Jaw Worm Horde","floor":45,"turns":6},{"damage":0,"enemies":"Sphere and 2 Shapes","floor":46,"turns":14},{"damage":0,"enemies":"Spire Growth","floor":47,"turns":9},{"damage":12,"enemies":"3 Darklings","floor":48,"turns":9},{"damage":65,"enemies":"Time Eater","floor":50,"turns":21},{"damage":67,"enemies":"Awakened One","floor":51,"turns":4}],"seed_played":"-4162409594338848628","potions_obtained":[{"floor":3.0,"key":"FearPotion"},{"floor":6.0,"key":"AttackPotion"},{"floor":13.0,"key":"Dexterity Potion"},{"floor":25.0,"key":"GamblersBrew"},{"floor":27.0,"key":"SteroidPotion"},{"floor":28.0,"key":"EntropicBrew"},{"floor":35.0,"key":"Strength Potion"},{"floor":37.0,"key":"Fruit Juice"},{"floor":46,"key":"GamblersBrew"}],"is_trial":false,"path_per_floor":["M","?","M","?","$","E","R","M","T","?","M","R","E","M","R","B",null,"M","M","?","?","M","E","R","M","T","M","M","$","R","E","R","B",null,"M","M","M","M","?","E","R","E","T","E","M","M","M","M","R","B","B"],"character_chosen":"DEFECT","items_purchased":["Glacier","Discovery","Buffer"],"campfire_rested":2,"item_purchase_floors":[5,5,29],"current_hp_per_floor":[64,64,61,56,56,50,50,50,50,50,50,50,57,64,64,54,74,65,49,49,49,58,21,45,65,72,47,67,67,67,87,87,88,88,85,88,93,93,88,22,49,62,68,88,80,99,99,99,99,54,0],"gold":426,"neow_bonus":"HUNDRED_GOLD","is_prod":false,"is_daily":false,"chose_seed":false,"campfire_upgraded":5,"win_rate":0,"timestamp":1550115416,"path_taken":["M","?","M","?","$","E","R","M","T","?","?","R","E","M","R","BOSS","M","M","?","?","M","E","R","?","T","M","M","$","R","E","R","BOSS","M","M","M","M","?","E","R","E","T","E","M","M","M","M","R","BOSS","BOSS"],"build_version":"2019-01-23","purchased_purges":2,"victory":false,"max_hp_per_floor":[71,71,71,71,71,71,71,71,71,71,71,71,81,81,81,81,81,81,81,81,81,81,81,81,81,88,88,88,88,88,88,88,88,88,88,88,93,93,93,93,93,93,99,99,99,99,99,99,99,99,99],"card_choices":[{"not_picked":["Auto Shields","Conserve Battery"],"picked":"Gash","floor":1.0},{"not_picked":["Hologram","Coolheaded"],"picked":"Rebound","floor":3.0},{"not_picked":["Streamline","Stack","Rebound"],"picked":"SKIP","floor":6.0},{"not_picked":["Consume","Compile Driver"],"picked":"Cold Snap","floor":8.0},{"not_picked":["Lockon","Compile Driver"],"picked":"Buffer","floor":11.0},{"not_picked":["Rebound","Stack"],"picked":"Undo","floor":13.0},{"not_picked":["Force Field","Coolheaded"],"picked":"Static Discharge","floor":14.0},{"not_picked":["Rainbow","Biased Cognition"],"picked":"Echo Form","floor":16.0},{"not_picked":["Turbo","Sunder","Redo"],"picked":"SKIP","floor":18.0},{"not_picked":["Fusion","Beam Cell"],"picked":"Steam","floor":19.0},{"not_picked":["Tempest+1","Rebound+1"],"picked":"Cold Snap+1","floor":22.0},{"not_picked":["Hyperbeam","Beam Cell+1"],"picked":"Double Energy","floor":23.0},{"not_picked":["Beam Cell","Cold Snap","Leap"],"picked":"SKIP","floor":25.0},{"not_picked":["Rebound","Hologram","Steam"],"picked":"Darkness","floor":27.0},{"not_picked":["FTL","Sunder","Beam Cell"],"picked":"Chill","floor":28.0},{"not_picked":["Auto Shields","Ball Lightning+1","Tempest"],"picked":"Conserve Battery","floor":31.0},{"not_picked":["Electrodynamics","Rainbow","Buffer"],"picked":"Echo Form","floor":33.0},{"not_picked":["Barrage","Go for the Eyes+1","Undo"],"picked":"Steam+1","floor":35.0},{"not_picked":["BootSequence+1","Gash","Streamline"],"picked":"Hologram","floor":36.0},{"not_picked":["Compile Driver","Streamline","Steam Power"],"picked":"Coolheaded+1","floor":37.0},{"not_picked":["Force Field","Aggregate","Rebound"],"picked":"Coolheaded+1","floor":38.0},{"not_picked":["The Bomb","HandOfGreed","Madness"],"picked":"Dark Shackles","floor":39.0},{"not_picked":["Chaos","Leap","Undo","Conserve Battery"],"picked":"SKIP","floor":40.0},{"not_picked":["Sweeping Beam","Blizzard","Redo+1"],"picked":"Double Energy","floor":42},{"not_picked":["Auto Shields","Beam Cell","Go for the Eyes","Steam"],"picked":"SKIP","floor":44},{"not_picked":["Go for the Eyes+1","Reprogram","Sweeping Beam","Gash"],"picked":"SKIP","floor":45},{"not_picked":["BootSequence","Aggregate+1","Compile Driver"],"picked":"Hologram+1","floor":46},{"not_picked":["Streamline+1","Coolheaded","Redo+1"],"picked":"Conserve Battery+1","floor":47},{"not_picked":["Darkness+1","Sunder","Barrage"],"picked":"Static Discharge+1","floor":48}],"player_experience":1197767,"relics_obtained":[{"floor":6.0,"key":"Shuriken"},{"floor":9.0,"key":"Matryoshka"},{"floor":13.0,"key":"Pear"},{"floor":23.0,"key":"Incense Burner"},{"floor":26.0,"key":"Strawberry"},{"floor":26.0,"key":"Question Card"},{"floor":31.0,"key":"Gremlin Horn"},{"floor":40.0,"key":"Darkstone Periapt"},{"floor":43,"key":"Omamori"},{"floor":44,"key":"Juzu Bracelet"}],"event_choices":[{"damage_healed":0.0,"max_hp_gain":0.0,"max_hp_loss":0.0,"gold_gain":0.0,"event_name":"Big Fish","player_choice":"Box","floor":2.0,"gold_loss":0.0,"damage_taken":0.0,"relics_obtained":["Orichalcum"],"cards_obtained":["Regret"]},{"damage_healed":0.0,"max_hp_gain":0.0,"max_hp_loss":0.0,"gold_gain":0.0,"event_name":"Scrap Ooze","player_choice":"Success","floor":4.0,"gold_loss":0.0,"damage_taken":5.0,"relics_obtained":["Bronze Scales"]},{"damage_healed":0.0,"max_hp_gain":0.0,"max_hp_loss":0.0,"gold_gain":0.0,"cards_transformed":["Strike_B"],"event_name":"Transmorgrifier","player_choice":"Transformed","floor":10.0,"gold_loss":0.0,"damage_taken":0.0,"cards_obtained":["Self Repair"]},{"damage_healed":0.0,"max_hp_gain":0.0,"max_hp_loss":0.0,"gold_gain":0.0,"event_name":"Addict","player_choice":"Obtained Relic","floor":20.0,"gold_loss":85.0,"damage_taken":0.0,"relics_obtained":["Happy Flower"]},{"damage_healed":0.0,"max_hp_gain":0.0,"max_hp_loss":0.0,"gold_gain":0.0,"event_name":"Accursed Blacksmith","player_choice":"Forge","floor":21.0,"gold_loss":0.0,"damage_taken":0.0,"cards_upgraded":["Self Repair"]},{"damage_healed":0.0,"max_hp_gain":0.0,"max_hp_loss":0.0,"gold_gain":0.0,"event_name":"SensoryStone","player_choice":"Memory 2","floor":39.0,"gold_loss":0.0,"damage_taken":5.0}],"is_beta":false,"boss_relics":[{"not_picked":["Runic Dome","Philosopher\u0027s Stone"],"picked":"Cursed Key"},{"not_picked":["Nuclear Battery","Busted Crown"],"picked":"Inserter"}],"items_purged_floors":[5,29],"is_endless":false,"potions_floor_spawned":[3,6,13,16,25,27,28,35,37,46,48],"killed_by":"Awakened One","ascension_level":20}