{"gold_per_floor":[119,119,137,137,153,153,186,186,209,209,180,211,211,112,112,212,212,224,323,323,337,350,350],"floor_reached":23,"playtime":711,"items_purged":["Normality"],"score":276,"play_id":"cb0b737c-ae05-4794-96e8-7f61884e9a5b","local_time":"20180823185056","is_ascension_mode":true,"campfire_choices":[{"data":"Fusion","floor":6,"key":"SMITH"},{"floor":8,"key":"REST"},{"data":"Zap","floor":10,"key":"SMITH"},{"floor":15,"key":"REST"}],"neow_cost":"NONE","seed_source_timestamp":176423019964582,"circlet_count":0,"master_deck":["Strike_B","Strike_B","Strike_B","Strike_B","Defend_B+1","Defend_B","Defend_B","Defend_B","Zap+1","Dualcast","Conserve Battery+1","Static Discharge","Fusion+1","Cold Snap","Steam Power","White Noise","Turbo","Sunder","Echo Form","Leap"],"relics":["Cracked Core","Regal Pillow","War Paint","Dream Catcher","Anchor","Dead Branch","Mercury Hourglass","Busted Crown"],"potions_floor_usage":[7,12,16],"damage_taken":[{"damage":1,"enemies":"2 Louse","floor":1,"turns":2},{"damage":1,"enemies":"Cultist","floor":3,"turns":3},{"damage":7,"enemies":"Small Slimes","floor":5,"turns":4},{"damage":38,"enemies":"3 Sentries","floor":7,"turns":8},{"damage":28,"enemies":"Gremlin Nob","floor":12,"turns":4},{"damage":25,"enemies":"Hexaghost","floor":16,"turns":9},{"damage":19,"enemies":"3 Byrds","floor":18,"turns":3},{"damage":19,"enemies":"Shell Parasite","floor":21,"turns":7},{"damage":5,"enemies":"Snecko","floor":22,"turns":4},{"damage":54,"enemies":"Slavers","floor":23,"turns":3}],"seed_played":"-3735491486900663346","potions_obtained":[{"floor":3,"key":"Block Potion"},{"floor":5,"key":"FearPotion"},{"floor":7,"key":"Ancient Potion"},{"floor":12,"key":"AttackPotion"},{"floor":18,"key":"SmokeBomb"}],"is_trial":false,"path_per_floor":["M","?","M","?","M","R","E","R","T","R","?","E","T","$","R","B",null,"M","?","?","M","M"],"character_chosen":"DEFECT","items_purchased":["Turbo"],"campfire_rested":2,"item_purchase_floors":[14],"current_hp_per_floor":[67,60,59,59,52,52,14,51,51,51,51,23,23,23,60,35,65,46,46,75,56,51,0],"gold":350,"neow_bonus":"RANDOM_COMMON_RELIC","is_prod":false,"is_daily":false,"chose_seed":false,"campfire_upgraded":2,"win_rate":0,"timestamp":1535043056,"path_taken":["M","?","M","?","?","R","E","R","T","R","?","E","?","$","R","BOSS","M","?","?","M","M","E"],"build_version":"2018-08-16","purchased_purges":1,"victory":false,"max_hp_per_floor":[75,75,75,75,75,75,75,75,75,75,75,75,75,75,75,75,75,75,75,75,75,75,75],"card_choices":[{"not_picked":["Heatsinks","Streamline"],"picked":"Conserve Battery","floor":1},{"not_picked":["Gash","Go for the Eyes"],"picked":"Static Discharge","floor":3},{"not_picked":["Go for the Eyes","Barrage"],"picked":"Fusion","floor":5},{"not_picked":["Loop","Creative AI"],"picked":"Cold Snap","floor":7},{"not_picked":["Beam Cell","Fusion"],"picked":"Steam Power","floor":8},{"not_picked":["Self Repair","Leap"],"picked":"White Noise","floor":12},{"not_picked":["Self Repair","Beam Cell"],"picked":"Sunder","floor":15},{"not_picked":["Seek","All For One"],"picked":"Echo Form","floor":16},{"not_picked":["Streamline"],"picked":"SKIP","floor":18},{"not_picked":["Steam"],"picked":"SKIP","floor":21},{"not_picked":[],"picked":"Leap","floor":22}],"player_experience":926349,"relics_obtained":[{"floor":7,"key":"Dream Catcher"},{"floor":9,"key":"Anchor"},{"floor":12,"key":"Dead Branch"},{"floor":13,"key":"Mercury Hourglass"}],"event_choices":[{"event_name":"Wheel of Change","player_choice":"Damage","floor":2,"damage_taken":0},{"event_name":"Accursed Blacksmith","player_choice":"Rummage","floor":4,"damage_taken":0},{"event_name":"World of Goop","player_choice":"Left","floor":11,"damage_taken":0},{"event_name":"Nest","player_choice":"Stole From Cult","floor":19,"damage_taken":0},{"event_name":"Wheel of Change","player_choice":"Full Heal","floor":20,"damage_taken":0}],"is_beta":false,"boss_relics":[{"not_picked":["Coffee Dripper","Astrolabe"],"picked":"Busted Crown"}],"items_purged_floors":[14],"is_endless":false,"potions_floor_spawned":[3,5,7,12,18],"killed_by":"Slavers","ascension_level":8}