{"gold_per_floor":[117,117,117,117,141,141,106,149,224,224,135,149,220,244,244,244],"floor_reached":16,"playtime":562,"items_purged":[],"score":173,"play_id":"0f11bdd5-b9e7-4666-a55d-201d5f6da885","local_time":"20190122152740","is_ascension_mode":true,"campfire_choices":[{"data":"Blade Dance","floor":6,"key":"SMITH"},{"data":"Dodge and Roll","floor":15,"key":"SMITH"}],"neow_cost":"NONE","seed_source_timestamp":1084500078195554,"circlet_count":0,"master_deck":["AscendersBane","Defend_G","Defend_G","Defend_G","Defend_G+1","Defend_G","Strike_G","Strike_G","Strike_G","Strike_G","Strike_G","Survivor","Neutralize","A Thousand Cuts+1","Blade Dance+1","Prepared","Leg Sweep","Bandage Up","Dagger Spray","Dodge and Roll+1","Adrenaline"],"relics":["Ring of the Snake","Golden Idol","Meat on the Bone","Pear","Bag of Preparation","Tiny Chest"],"potions_floor_usage":[8,16,16],"damage_taken":[{"damage":0,"enemies":"Cultist","floor":1,"turns":5},{"damage":7,"enemies":"Small Slimes","floor":5,"turns":3},{"damage":12,"enemies":"Lagavulin","floor":8,"turns":9},{"damage":0,"enemies":"2 Louse","floor":12,"turns":2},{"damage":6,"enemies":"Gremlin Nob","floor":13,"turns":4},{"damage":7,"enemies":"Exordium Wildlife","floor":14,"turns":4},{"damage":15,"enemies":"Hexaghost","floor":16,"turns":14}],"seed_played":"5645745280784425227","potions_obtained":[{"floor":1,"key":"SkillPotion"},{"floor":8,"key":"Block Potion"},{"floor":12,"key":"EssenceOfSteel"}],"is_trial":false,"path_per_floor":["M","?","?","?","M","R","?","E","T","T","$","M","E","M","R","B"],"character_chosen":"THE_SILENT","items_purchased":["Bandage Up"],"campfire_rested":0,"item_purchase_floors":[11],"current_hp_per_floor":[63,63,50,50,43,43,59,47,57,57,57,61,59,56,56,45],"gold":244,"neow_bonus":"ONE_RANDOM_RARE_CARD","is_prod":false,"is_daily":false,"chose_seed":false,"campfire_upgraded":2,"win_rate":0,"timestamp":1548167260,"path_taken":["M","?","?","?","?","R","?","E","T","?","?","?","E","M","R","BOSS"],"build_version":"2019-01-17v2","purchased_purges":0,"victory":false,"max_hp_per_floor":[70,65,65,65,65,65,65,65,75,75,75,75,75,75,75,75],"card_choices":[{"not_picked":["Sucker Punch","Underhanded Strike"],"picked":"Blade Dance","floor":1},{"not_picked":["Eviscerate","Bane"],"picked":"Prepared","floor":5},{"not_picked":["Sucker Punch","Deadly Poison"],"picked":"Leg Sweep","floor":8},{"not_picked":["Deadly Poison","Caltrops"],"picked":"Dagger Spray","floor":12},{"not_picked":["Bouncing Flask","Dagger Spray"],"picked":"Dodge and Roll","floor":13},{"not_picked":["Outmaneuver","Eviscerate"],"picked":"Adrenaline","floor":14}],"player_experience":2012674,"relics_obtained":[{"floor":8,"key":"Meat on the Bone"},{"floor":9,"key":"Pear"},{"floor":10,"key":"Bag of Preparation"},{"floor":13,"key":"Tiny Chest"}],"event_choices":[{"damage_healed":0,"gold_gain":0,"player_choice":"Lose Max HP","damage_taken":0,"relics_obtained":["Golden Idol"],"max_hp_gain":0,"max_hp_loss":5,"event_name":"Golden Idol","floor":2,"gold_loss":0},{"damage_healed":0,"gold_gain":0,"player_choice":"Entered Light","damage_taken":13,"max_hp_gain":0,"max_hp_loss":0,"event_name":"Shining Light","floor":3,"gold_loss":0,"cards_upgraded":["A Thousand Cuts","Defend_G"]},{"damage_healed":0,"gold_gain":0,"player_choice":"Ignored","damage_taken":0,"max_hp_gain":0,"max_hp_loss":0,"event_name":"Golden Wing","floor":4,"gold_loss":0},{"damage_healed":16,"gold_gain":0,"player_choice":"Healed","damage_taken":0,"max_hp_gain":0,"max_hp_loss":0,"event_name":"The Cleric","floor":7,"gold_loss":35}],"is_beta":false,"boss_relics":[],"items_purged_floors":[],"is_endless":false,"potions_floor_spawned":[1,8,12],"killed_by":"Hexaghost","ascension_level":12}