{"gold_per_floor":[110,60,60,60,60,85,101,115,184,211,151,163,163,196,196,196],"floor_reached":16,"playtime":2656,"items_purged":["Regret"],"score":215,"play_id":"aa6fa507-773d-4ff3-94c7-e8fbc8654fd0","local_time":"20181201090607","is_ascension_mode":true,"campfire_choices":[{"data":"Catalyst","floor":13,"key":"SMITH"},{"floor":15,"key":"REST"}],"neow_cost":"NONE","seed_source_timestamp":1163069220060364,"circlet_count":0,"master_deck":["AscendersBane","Defend_G","Defend_G","Defend_G","Defend_G","Defend_G","Strike_G","Strike_G","Strike_G","Strike_G","Strike_G","Survivor","Neutralize","Poisoned Stab+1","Catalyst+1","PiercingWail","Noxious Fumes","Leg Sweep","Escape Plan","Deflect","Poisoned Stab"],"relics":["Ring of the Snake","NeowsBlessing","Boot","Prayer Wheel","The Courier","Peace Pipe","Bag of Marbles"],"potions_floor_usage":[10,10,10,14],"damage_taken":[{"damage":0,"enemies":"Cultist","floor":1,"turns":1},{"damage":0,"enemies":"Lagavulin","floor":6,"turns":1},{"damage":0,"enemies":"Small Slimes","floor":7,"turns":1},{"damage":0,"enemies":"2 Louse","floor":8,"turns":2},{"damage":7,"enemies":"3 Sentries","floor":10,"turns":7},{"damage":2,"enemies":"Red Slaver","floor":12,"turns":4},{"damage":26,"enemies":"Gremlin Nob","floor":14,"turns":5},{"damage":17,"enemies":"Slime Boss","floor":16,"turns":5}],"seed_played":"5613286852204173733","potions_obtained":[{"floor":1,"key":"FearPotion"},{"floor":6,"key":"Strength Potion"},{"floor":10,"key":"PowerPotion"}],"is_trial":false,"path_per_floor":["M","$","?","?","?","E","M","M","T","E","$","M","R","E","R","B"],"character_chosen":"THE_SILENT","items_purchased":["Fire Potion"],"campfire_rested":1,"item_purchase_floors":[2],"current_hp_per_floor":[63,63,63,63,56,56,56,56,56,49,49,47,47,21,42,25],"gold":196,"neow_bonus":"THREE_ENEMY_KILL","is_prod":false,"is_daily":false,"chose_seed":false,"campfire_upgraded":1,"win_rate":0,"timestamp":1543651567,"path_taken":["M","$","?","?","?","E","?","M","T","E","?","M","R","E","R","BOSS"],"build_version":"2018-11-15","purchased_purges":1,"victory":false,"max_hp_per_floor":[70,70,70,70,70,70,70,70,70,70,70,70,70,70,70,70],"card_choices":[{"not_picked":["Skewer","Well Laid Plans"],"picked":"Poisoned Stab","floor":1},{"not_picked":["Tactician","Skewer"],"picked":"Catalyst","floor":6},{"not_picked":["Slice","Setup"],"picked":"PiercingWail","floor":7},{"not_picked":["Deadly Poison","Prepared","Poisoned Stab"],"picked":"SKIP","floor":7},{"not_picked":["Flying Knee","Dodge and Roll"],"picked":"Noxious Fumes","floor":8},{"not_picked":["Deadly Poison","Bane"],"picked":"Leg Sweep","floor":8},{"not_picked":["Night Terror","Prepared"],"picked":"Escape Plan","floor":10},{"not_picked":["Infinite Blades","Backflip"],"picked":"Deflect","floor":12},{"not_picked":["Flying Knee","Accuracy"],"picked":"Poisoned Stab","floor":12},{"not_picked":["Flechettes","Eviscerate","Prepared"],"picked":"SKIP","floor":14}],"player_experience":1465829,"relics_obtained":[{"floor":6,"key":"Prayer Wheel"},{"floor":9,"key":"The Courier"},{"floor":10,"key":"Peace Pipe"},{"floor":14,"key":"Bag of Marbles"}],"event_choices":[{"damage_healed":0,"gold_gain":0,"player_choice":"Grow","damage_taken":0,"max_hp_gain":0,"max_hp_loss":0,"event_name":"Living Wall","floor":3,"gold_loss":0,"cards_upgraded":["Poisoned Stab"]},{"damage_healed":0,"gold_gain":0,"player_choice":"Box","damage_taken":0,"relics_obtained":["Boot"],"max_hp_gain":0,"max_hp_loss":0,"event_name":"Big Fish","floor":4,"gold_loss":0,"cards_obtained":["Regret"]},{"damage_healed":0,"gold_gain":0,"player_choice":"Damaged","damage_taken":7,"max_hp_gain":0,"max_hp_loss":0,"event_name":"Wheel of Change","floor":5,"gold_loss":0}],"is_beta":false,"boss_relics":[],"items_purged_floors":[11],"is_endless":false,"potions_floor_spawned":[1,6,8,10],"killed_by":"Slime Boss","ascension_level":10}