{"gold_per_floor":[115,131,144,164,239,266,266,293,293,293,327,327,358,323,323,323],"floor_reached":16,"playtime":507,"items_purged":[],"score":256,"play_id":"59943d61-768d-4b15-b354-ed9416af7402","local_time":"20190204234035","is_ascension_mode":true,"campfire_choices":[{"data":"Immolate","floor":7.0,"key":"SMITH"},{"floor":10.0,"key":"REST"},{"data":"Uppercut","floor":15.0,"key":"SMITH"}],"neow_cost":"NONE","seed_source_timestamp":152265250518915,"circlet_count":0,"master_deck":["AscendersBane","Strike_R","Strike_R","Strike_R","Strike_R","Strike_R","Defend_R","Defend_R","Defend_R","Defend_R","Bash","Immolate+1","Anger","Shrug It Off","Clothesline","Uppercut+1"],"special_seed":0,"relics":["Burning Blood","Unceasing Top","Dream Catcher","Centennial Puzzle","Bottled Lightning","Art of War"],"potions_floor_usage":[],"damage_taken":[{"damage":0.0,"enemies":"Cultist","floor":1.0,"turns":2.0},{"damage":0.0,"enemies":"2 Louse","floor":2.0,"turns":2.0},{"damage":0.0,"enemies":"Small Slimes","floor":3.0,"turns":2.0},{"damage":8.0,"enemies":"Blue Slaver","floor":4.0,"turns":3.0},{"damage":25.0,"enemies":"Lagavulin","floor":6.0,"turns":7.0},{"damage":22.0,"enemies":"Gremlin Nob","floor":8.0,"turns":4.0},{"damage":29.0,"enemies":"Lagavulin","floor":11.0,"turns":8.0},{"damage":10.0,"enemies":"3 Sentries","floor":13.0,"turns":5.0},{"damage":44,"enemies":"Slime Boss","floor":16,"turns":7}],"seed_played":"2204744875414812421","potions_obtained":[{"floor":4.0,"key":"SteroidPotion"},{"floor":6.0,"key":"Dexterity Potion"},{"floor":8.0,"key":"Block Potion"},{"floor":13.0,"key":"Regen Potion"}],"is_trial":false,"path_per_floor":["M","M","M","M","?","E","R","E","T","R","E","?","E","?","R","B"],"character_chosen":"IRONCLAD","items_purchased":[],"campfire_rested":1,"item_purchase_floors":[],"current_hp_per_floor":[74,75,75,73,62,43,43,27,27,49,26,26,22,40,40,0],"gold":323,"neow_bonus":"ONE_RANDOM_RARE_CARD","is_prod":false,"is_daily":false,"chose_seed":false,"campfire_upgraded":2,"win_rate":0,"timestamp":1549341635,"path_taken":["M","M","M","M","?","E","R","E","T","R","E","?","E","?","R","BOSS"],"build_version":"2019-01-23","purchased_purges":0,"victory":false,"max_hp_per_floor":[75,75,75,75,75,75,75,75,75,75,75,75,75,75,75,75],"card_choices":[{"not_picked":["Clothesline","Sentinel"],"picked":"Anger","floor":1.0},{"not_picked":["Perfected Strike","Rampage","Sword Boomerang"],"picked":"SKIP","floor":2.0},{"not_picked":["Wild Strike","Armaments"],"picked":"Shrug It Off","floor":3.0},{"not_picked":["Second Wind","Dual Wield","Rage"],"picked":"SKIP","floor":4.0},{"not_picked":["Brutality","Infernal Blade"],"picked":"Clothesline","floor":6.0},{"not_picked":["Flame Barrier","Body Slam"],"picked":"Uppercut","floor":8.0},{"not_picked":["Heavy Blade","Pommel Strike","Headbutt"],"picked":"SKIP","floor":11.0},{"not_picked":["Reckless Charge","Pommel Strike","Headbutt"],"picked":"SKIP","floor":13.0}],"player_experience":1127278,"relics_obtained":[{"floor":6.0,"key":"Unceasing Top"},{"floor":8.0,"key":"Dream Catcher"},{"floor":9.0,"key":"Centennial Puzzle"},{"floor":11.0,"key":"Bottled Lightning"},{"floor":13.0,"key":"Art of War"}],"event_choices":[{"damage_healed":0.0,"max_hp_gain":0.0,"max_hp_loss":0.0,"gold_gain":75.0,"event_name":"World of Goop","player_choice":"Gather Gold","floor":5.0,"gold_loss":0.0,"damage_taken":11.0},{"damage_healed":0.0,"max_hp_gain":0.0,"max_hp_loss":0.0,"gold_gain":0.0,"event_name":"Dead Adventurer","player_choice":"Searched \u00271\u0027 times","floor":12.0,"gold_loss":0.0,"damage_taken":0.0},{"damage_healed":18.0,"max_hp_gain":0.0,"max_hp_loss":0.0,"gold_gain":0.0,"event_name":"The Cleric","player_choice":"Healed","floor":14.0,"gold_loss":35.0,"damage_taken":0.0}],"is_beta":false,"boss_relics":[],"items_purged_floors":[],"is_endless":false,"potions_floor_spawned":[4,6,8,13],"killed_by":"Slime Boss","ascension_level":20}