{"gold_per_floor":[119,119,119,119,135,162,179,212,236,236,249,249,313,70,70,142,142,161,173,173,192,208,208,208,208,208,208,208,123,138,63,63,140,140,158,158,158,176,176,208,226,226,252,271,290,302,302,320,320,320],"floor_reached":51,"playtime":3648,"items_purged":["Strike_R"],"score":1252,"play_id":"876a7631-1733-4724-8dab-a610961fd47a","local_time":"20190208193627","is_ascension_mode":true,"campfire_choices":[{"floor":10,"key":"REST"},{"data":"Evolve","floor":15,"key":"SMITH"},{"floor":23,"key":"REST"},{"floor":25,"key":"REST"},{"floor":27,"key":"REST"},{"floor":32,"key":"REST"},{"floor":42,"key":"REST"},{"floor":47,"key":"REST"},{"floor":49,"key":"REST"}],"neow_cost":"NONE","seed_source_timestamp":14337345423372665,"circlet_count":0,"master_deck":["AscendersBane","Strike_R","Strike_R+1","Strike_R+1","Strike_R","Defend_R+1","Defend_R+1","Bash","Rampage","Flame Barrier","Rage","Evolve+1","Power Through","Feed","Reckless Charge","Burning Pact","Iron Wave","Second Wind","Barricade+1","Iron Wave+1","Dropkick+1","Body Slam"],"relics":["Burning Blood","NeowsBlessing","Omamori","Centennial Puzzle","Strawberry","Frozen Egg 2","Kunai","Fusion Hammer","Whetstone","Bronze Scales","Runic Pyramid","Potion Belt","Bag of Preparation"],"potions_floor_usage":[8,13,16,21,22,30,33,35,40,45,45,50],"damage_taken":[{"damage":0,"enemies":"Jaw Worm","floor":1,"turns":1},{"damage":0,"enemies":"Small Slimes","floor":5,"turns":1},{"damage":0,"enemies":"Gremlin Nob","floor":6,"turns":1},{"damage":0,"enemies":"Cultist","floor":7,"turns":4},{"damage":22,"enemies":"Lagavulin","floor":8,"turns":8},{"damage":9,"enemies":"Large Slime","floor":11,"turns":7},{"damage":11,"enemies":"3 Sentries","floor":13,"turns":8},{"damage":53,"enemies":"Hexaghost","floor":16,"turns":9},{"damage":6,"enemies":"3 Byrds","floor":18,"turns":5},{"damage":5,"enemies":"Shell Parasite","floor":19,"turns":5},{"damage":46,"enemies":"3 Cultists","floor":21,"turns":8},{"damage":26,"enemies":"Snake Plant","floor":22,"turns":6},{"damage":14,"enemies":"Shelled Parasite and Fungi","floor":30,"turns":5},{"damage":85,"enemies":"Champ","floor":33,"turns":14},{"damage":49,"enemies":"3 Darklings","floor":35,"turns":6},{"damage":1,"enemies":"Orb Walker","floor":38,"turns":5},{"damage":0,"enemies":"Nemesis","floor":40,"turns":11},{"damage":10,"enemies":"Spire Growth","floor":41,"turns":9},{"damage":0,"enemies":"Maw","floor":44,"turns":9},{"damage":15,"enemies":"Jaw Worm Horde","floor":45,"turns":6},{"damage":49,"enemies":"Transient","floor":46,"turns":5},{"damage":18,"enemies":"Sphere and 2 Shapes","floor":48,"turns":8},{"damage":20,"enemies":"Time Eater","floor":50,"turns":14}],"seed_played":"5392823660425712546","potions_obtained":[{"floor":1,"key":"SteroidPotion"},{"floor":7,"key":"Energy Potion"},{"floor":8,"key":"SteroidPotion"},{"floor":16,"key":"Ancient Potion"},{"floor":19,"key":"BloodPotion"},{"floor":21,"key":"SkillPotion"},{"floor":22,"key":"Fire Potion"},{"floor":33,"key":"LiquidBronze"},{"floor":35,"key":"Swift Potion"},{"floor":37,"key":"PowerPotion"},{"floor":44,"key":"AttackPotion"},{"floor":48,"key":"Strength Potion"}],"is_trial":false,"path_per_floor":["M","?","?","?","M","E","M","E","T","R","M","?","?","$","R","B",null,"M","M","?","M","M","R","?","R","T","R","?","?","M","$","R","B",null,"M","?","?","M","$","E","M","R","T","M","M","M","R","M","R","B",null],"character_chosen":"IRONCLAD","items_purchased":["Kunai"],"campfire_rested":8,"item_purchase_floors":[14],"current_hp_per_floor":[74,51,51,51,57,63,69,53,60,82,79,72,67,67,67,20,67,70,74,74,46,26,53,53,80,80,91,91,91,83,83,91,12,71,31,31,31,39,39,48,47,77,77,86,77,34,65,56,88,74],"gold":320,"neow_bonus":"THREE_ENEMY_KILL","is_prod":false,"is_daily":false,"chose_seed":false,"campfire_upgraded":1,"win_rate":0,"timestamp":1549650987,"path_taken":["M","?","?","?","?","E","M","E","T","R","M","?","?","?","R","BOSS","M","M","?","M","M","R","?","R","T","R","?","?","M","$","R","BOSS","M","?","?","M","$","E","?","R","T","?","M","M","R","M","R","BOSS"],"build_version":"2019-01-23","purchased_purges":1,"victory":true,"max_hp_per_floor":[75,75,75,75,75,75,75,75,82,82,82,82,82,82,82,82,82,85,88,88,91,91,91,91,91,91,91,91,91,91,91,91,91,91,94,94,94,97,97,100,103,103,103,106,106,106,106,109,109,109],"card_choices":[{"not_picked":["Pommel Strike","Cleave"],"picked":"Rampage","floor":1},{"not_picked":["Anger","Twin Strike"],"picked":"Flame Barrier","floor":5},{"not_picked":["Whirlwind","Juggernaut"],"picked":"Rage","floor":6},{"not_picked":["Body Slam","Fire Breathing","Perfected Strike"],"picked":"SKIP","floor":7},{"not_picked":["Thunderclap","Heavy Blade"],"picked":"Evolve","floor":8},{"not_picked":["Havoc","Warcry"],"picked":"Power Through","floor":11},{"not_picked":["Berserk+1","Double Tap"],"picked":"Feed","floor":16},{"not_picked":["Bloodletting+1","Battle Trance"],"picked":"Reckless Charge","floor":18},{"not_picked":["Thunderclap","Clothesline"],"picked":"Burning Pact","floor":19},{"not_picked":["Anger+1","Spot Weakness+1"],"picked":"Iron Wave","floor":21},{"not_picked":["Sever Soul","Clothesline","Fire Breathing+1"],"picked":"SKIP","floor":22},{"not_picked":["Warcry","Uppercut"],"picked":"Metallicize+1","floor":30},{"not_picked":["Fiend Fire","Juggernaut+1"],"picked":"Barricade+1","floor":33},{"not_picked":["Flex","Cleave","Anger+1"],"picked":"SKIP","floor":35},{"not_picked":["Pummel","Clothesline+1","Disarm"],"picked":"SKIP","floor":38},{"not_picked":["Immolate","Havoc","Rampage"],"picked":"SKIP","floor":40},{"not_picked":["Evolve+1","Perfected Strike","Cleave"],"picked":"SKIP","floor":41},{"not_picked":["Pummel","Disarm+1","Anger+1"],"picked":"SKIP","floor":44},{"not_picked":["Havoc+1","Disarm+1"],"picked":"Iron Wave+1","floor":45},{"not_picked":["Armaments","Perfected Strike"],"picked":"Dropkick+1","floor":46},{"not_picked":["Pommel Strike","Warcry+1"],"picked":"Body Slam","floor":48}],"player_experience":353592,"relics_obtained":[{"floor":6,"key":"Omamori"},{"floor":8,"key":"Centennial Puzzle"},{"floor":9,"key":"Strawberry"},{"floor":13,"key":"Frozen Egg 2"},{"floor":26,"key":"Whetstone"},{"floor":40,"key":"Potion Belt"},{"floor":43,"key":"Bag of Preparation"}],"event_choices":[{"damage_healed":0,"gold_gain":0,"player_choice":"Entered Light","damage_taken":23,"max_hp_gain":0,"max_hp_loss":0,"event_name":"Shining Light","floor":2,"gold_loss":0,"cards_upgraded":["Defend_R","Defend_R"]},{"damage_healed":0,"gold_gain":0,"cards_transformed":["Defend_R"],"player_choice":"Change","damage_taken":0,"max_hp_gain":0,"max_hp_loss":0,"event_name":"Living Wall","floor":3,"gold_loss":0,"cards_obtained":["Exhume"]},{"cards_removed":["Exhume"],"damage_healed":0,"gold_gain":0,"player_choice":"Purged","damage_taken":0,"max_hp_gain":0,"max_hp_loss":0,"event_name":"Purifier","floor":4,"gold_loss":0},{"cards_removed":["Defend_R"],"damage_healed":0,"gold_gain":0,"player_choice":"Card Removal","damage_taken":7,"max_hp_gain":0,"max_hp_loss":0,"event_name":"Golden Wing","floor":12,"gold_loss":0},{"damage_healed":0,"gold_gain":30,"player_choice":"Searched \u00272\u0027 times","damage_taken":0,"max_hp_gain":0,"max_hp_loss":0,"event_name":"Dead Adventurer","floor":13,"gold_loss":0},{"damage_healed":0,"gold_gain":0,"player_choice":"Ignored","damage_taken":0,"max_hp_gain":0,"max_hp_loss":0,"event_name":"Ghosts","floor":20,"gold_loss":0},{"damage_healed":0,"gold_gain":0,"player_choice":"Read","damage_taken":0,"max_hp_gain":0,"max_hp_loss":0,"event_name":"The Library","floor":24,"gold_loss":0,"cards_obtained":["Second Wind"]},{"damage_healed":0,"gold_gain":0,"player_choice":"Ignored","damage_taken":0,"max_hp_gain":0,"max_hp_loss":0,"event_name":"The Mausoleum","floor":28,"gold_loss":0},{"damage_healed":0,"gold_gain":0,"player_choice":"Obtained Relic","damage_taken":0,"relics_obtained":["Bronze Scales"],"max_hp_gain":0,"max_hp_loss":0,"event_name":"Addict","floor":29,"gold_loss":85},{"cards_removed":["Metallicize"],"damage_healed":0,"gold_gain":0,"player_choice":"Removed Power","damage_taken":0,"max_hp_gain":0,"max_hp_loss":0,"event_name":"Falling","floor":36,"gold_loss":0},{"damage_healed":0,"gold_gain":0,"player_choice":"Got Potions","damage_taken":0,"max_hp_gain":0,"max_hp_loss":0,"event_name":"Lab","floor":37,"gold_loss":0}],"is_beta":false,"boss_relics":[{"not_picked":["Empty Cage","Coffee Dripper"],"picked":"Fusion Hammer"},{"not_picked":["White Beast Statue","Lizard Tail"],"picked":"Runic Pyramid"}],"items_purged_floors":[31],"is_endless":false,"potions_floor_spawned":[1,7,8,16,19,21,22,33,35,44,48],"ascension_level":15}