{"gold_per_floor":[114,114,131,131,142,172,172,200,200,226,226],"floor_reached":11,"playtime":469,"items_purged":[],"score":155,"play_id":"f3951c33-5341-4e09-bff5-9902d49f1702","local_time":"20190214111932","is_ascension_mode":true,"campfire_choices":[{"floor":7,"key":"REST"}],"neow_cost":"NONE","seed_source_timestamp":555772673339253,"circlet_count":0,"master_deck":["AscendersBane","Strike_R","Strike_R","Strike_R","Strike_R","Strike_R+1","Defend_R","Defend_R","Defend_R+1","Defend_R","Bash+1","Entrench+1","Spot Weakness","Havoc","Pummel","Impervious","Metallicize"],"relics":["Burning Blood","Pantograph","Centennial Puzzle","Dodecahedron","Pocketwatch"],"potions_floor_usage":[6,11],"damage_taken":[{"damage":6,"enemies":"Cultist","floor":1,"turns":4},{"damage":7,"enemies":"Jaw Worm","floor":3,"turns":3},{"damage":1,"enemies":"Small Slimes","floor":5,"turns":4},{"damage":27,"enemies":"3 Sentries","floor":6,"turns":8},{"damage":31,"enemies":"Gremlin Nob","floor":8,"turns":4},{"damage":32,"enemies":"3 Sentries","floor":10,"turns":13},{"damage":0,"enemies":"Gremlin Gang","floor":11,"turns":3}],"seed_played":"-6400870043373306619","potions_obtained":[{"floor":1,"key":"Explosive Potion"},{"floor":10,"key":"PowerPotion"}],"is_trial":false,"path_per_floor":["M","?","M","?","M","E","R","E","T","E","M"],"character_chosen":"IRONCLAD","items_purchased":[],"campfire_rested":1,"item_purchase_floors":[],"current_hp_per_floor":[68,68,67,52,57,36,58,33,33,7,7],"gold":226,"neow_bonus":"UPGRADE_CARD","is_prod":false,"is_daily":false,"chose_seed":false,"campfire_upgraded":0,"win_rate":0,"timestamp":1550139572,"path_taken":["M","?","?","?","M","E","R","E","T","E","M"],"build_version":"2019-01-23","purchased_purges":0,"victory":false,"max_hp_per_floor":[75,75,75,75,75,75,75,75,75,75,75],"card_choices":[{"not_picked":["Body Slam","Sever Soul"],"picked":"Entrench","floor":1},{"not_picked":["Headbutt","Hemokinesis"],"picked":"Spot Weakness","floor":3},{"not_picked":["Heavy Blade","Berserk"],"picked":"Havoc","floor":5},{"not_picked":["Havoc","Rupture"],"picked":"Pummel","floor":6},{"not_picked":["Burning Pact","Cleave"],"picked":"Impervious","floor":8},{"not_picked":["Perfected Strike","Headbutt"],"picked":"Metallicize","floor":10}],"player_experience":2283890,"relics_obtained":[{"floor":6,"key":"Pantograph"},{"floor":8,"key":"Centennial Puzzle"},{"floor":9,"key":"Dodecahedron"},{"floor":10,"key":"Pocketwatch"}],"event_choices":[{"damage_healed":0,"gold_gain":0,"player_choice":"Forge","damage_taken":0,"max_hp_gain":0,"max_hp_loss":0,"event_name":"Accursed Blacksmith","floor":2,"gold_loss":0,"cards_upgraded":["Entrench"]},{"damage_healed":0,"gold_gain":0,"player_choice":"Entered Light","damage_taken":15,"max_hp_gain":0,"max_hp_loss":0,"event_name":"Shining Light","floor":4,"gold_loss":0,"cards_upgraded":["Defend_R","Strike_R"]}],"is_beta":false,"boss_relics":[],"items_purged_floors":[],"is_endless":false,"potions_floor_spawned":[1,10],"killed_by":"Gremlin Gang","ascension_level":14}