{"gold_per_floor":[112,128,128,139,158,158,185,196,221,221],"floor_reached":10,"playtime":238,"items_purged":[],"score":140,"play_id":"66f1ebd4-8da0-401f-a3cd-623da2533c50","local_time":"20190218185454","is_ascension_mode":true,"campfire_choices":[{"data":"Skewer","floor":6,"key":"SMITH"}],"neow_cost":"NONE","seed_source_timestamp":7284197982419,"circlet_count":0,"master_deck":["AscendersBane","Defend_G","Defend_G","Defend_G","Defend_G+1","Defend_G","Strike_G","Strike_G","Strike_G","Strike_G","Strike_G","Survivor","Neutralize","Dagger Spray","Skewer+1","Deadly Poison","Crippling Poison","Malaise+1","Poisoned Stab"],"relics":["Ring of the Snake","NeowsBlessing","War Paint","Bag of Marbles"],"potions_floor_usage":[7,7],"damage_taken":[{"damage":0,"enemies":"Cultist","floor":1,"turns":1},{"damage":0,"enemies":"2 Louse","floor":2,"turns":1},{"damage":0,"enemies":"Small Slimes","floor":4,"turns":1},{"damage":2,"enemies":"3 Louse","floor":5,"turns":3},{"damage":25,"enemies":"Lagavulin","floor":7,"turns":4},{"damage":3,"enemies":"Exordium Thugs","floor":8,"turns":3},{"damage":33,"enemies":"Gremlin Nob","floor":10,"turns":3}],"seed_played":"4150496928062534721","potions_obtained":[{"floor":1,"key":"AttackPotion"},{"floor":4,"key":"SteroidPotion"}],"is_trial":false,"path_per_floor":["M","M","$","M","M","R","E","M","T","E"],"character_chosen":"THE_SILENT","items_purchased":[],"campfire_rested":0,"item_purchase_floors":[],"current_hp_per_floor":[59,59,59,59,57,57,32,29,29,0],"gold":221,"neow_bonus":"THREE_ENEMY_KILL","is_prod":false,"is_daily":false,"chose_seed":false,"campfire_upgraded":1,"win_rate":0,"timestamp":1550534094,"path_taken":["M","M","$","?","M","R","E","M","T","E"],"build_version":"2019-01-23","purchased_purges":0,"victory":false,"max_hp_per_floor":[66,66,66,66,66,66,66,66,66,66],"card_choices":[{"not_picked":["Caltrops","Reflex"],"picked":"Dagger Spray","floor":1},{"not_picked":["Poisoned Stab","Blade Dance"],"picked":"Skewer","floor":2},{"not_picked":["Backflip","Escape Plan"],"picked":"Deadly Poison","floor":4},{"not_picked":["Underhanded Strike","Terror"],"picked":"Crippling Poison","floor":5},{"not_picked":["Bouncing Flask","Outmaneuver"],"picked":"Malaise","floor":7},{"not_picked":["Eviscerate","Backflip"],"picked":"Poisoned Stab","floor":8}],"player_experience":1229003,"relics_obtained":[{"floor":7,"key":"War Paint"},{"floor":9,"key":"Bag of Marbles"}],"event_choices":[],"is_beta":false,"boss_relics":[],"items_purged_floors":[],"is_endless":false,"potions_floor_spawned":[1,4],"killed_by":"Gremlin Nob","ascension_level":20}