{"gold_per_floor":[110,110,122,122,38,73,73,50,50,69,69,69,102,24,24,119,119,102,114,134,134,134,134],"floor_reached":23,"playtime":32583,"items_purged":[],"score":333,"play_id":"f5159755-a32c-4bc8-bc49-151031588125","local_time":"20181128215529","is_ascension_mode":true,"campfire_choices":[{"data":"Crippling Poison","floor":7,"key":"SMITH"},{"data":"Footwork","floor":11,"key":"SMITH"},{"data":"Blur","floor":15,"key":"SMITH"}],"neow_cost":"NONE","seed_source_timestamp":921120381839516,"circlet_count":0,"master_deck":["AscendersBane","Defend_G+1","Defend_G+1","Defend_G+1","Defend_G+1","Strike_G+1","Strike_G+1","Strike_G+1","Survivor","Neutralize","Crippling Poison+1","Deflect","Good Instincts","Footwork+1","Bane","Footwork+1","Blur+1","Noxious Fumes+1","Burst","Storm of Steel+1","Phantasmal Killer+1","Bane+1","Poisoned Stab","Terror","Leg Sweep+1","Necronomicurse"],"relics":["Ring of the Snake","NeowsBlessing","WarpedTongs","Oddly Smooth Stone","Frozen Egg 2","Strawberry","Astrolabe","Necronomicon"],"potions_floor_usage":[13,13,16,23,23],"damage_taken":[{"damage":0,"enemies":"2 Louse","floor":1,"turns":1},{"damage":0,"enemies":"Cultist","floor":3,"turns":1},{"damage":0,"enemies":"3 Sentries","floor":6,"turns":1},{"damage":0,"enemies":"Small Slimes","floor":10,"turns":2},{"damage":6,"enemies":"Gremlin Nob","floor":13,"turns":6},{"damage":63,"enemies":"Slime Boss","floor":16,"turns":11},{"damage":6,"enemies":"2 Thieves","floor":18,"turns":5},{"damage":7,"enemies":"Spheric Guardian","floor":19,"turns":5},{"damage":15,"enemies":"Chosen and Byrds","floor":20,"turns":6},{"damage":19,"enemies":"Gremlin Leader","floor":23,"turns":2}],"seed_played":"723197594713838663","potions_obtained":[{"floor":1,"key":"Explosive Potion"},{"floor":3,"key":"AttackPotion"},{"floor":10,"key":"Fruit Juice"},{"floor":19,"key":"Ancient Potion"},{"floor":20,"key":"Weak Potion"}],"is_trial":false,"path_per_floor":["M","?","M","?","$","E","R","$","T","M","R","?","E","$","R","B",null,"M","M","M","?","?","E"],"character_chosen":"THE_SILENT","items_purchased":["Good Instincts","Bane","Noxious Fumes+1"],"campfire_rested":0,"item_purchase_floors":[5,8,14],"current_hp_per_floor":[63,63,63,63,63,63,63,63,63,63,63,63,69,69,69,6,63,57,50,35,35,19,0],"gold":134,"neow_bonus":"THREE_ENEMY_KILL","is_prod":false,"is_daily":false,"chose_seed":false,"campfire_upgraded":3,"win_rate":0,"timestamp":1543438529,"path_taken":["M","?","?","?","$","E","R","$","T","?","R","?","E","?","R","BOSS","M","?","?","?","?","E"],"build_version":"2018-11-15","purchased_purges":0,"victory":false,"max_hp_per_floor":[70,70,70,70,70,70,70,70,70,70,70,70,82,82,82,82,82,82,82,82,82,82,82],"card_choices":[{"not_picked":["Catalyst","Acrobatics"],"picked":"Crippling Poison","floor":1},{"not_picked":["Acrobatics","Heel Hook"],"picked":"Deflect","floor":3},{"not_picked":["Leg Sweep","Concentrate"],"picked":"Footwork","floor":6},{"not_picked":["Deadly Poison","Acrobatics"],"picked":"Footwork+1","floor":10},{"not_picked":["Accuracy+1","Deadly Poison"],"picked":"Blur","floor":13},{"not_picked":["Phantasmal Killer","Doppelganger"],"picked":"Burst","floor":16},{"not_picked":["Deflect","Blade Dance"],"picked":"Poisoned Stab","floor":18},{"not_picked":["Concentrate","Dodge and Roll"],"picked":"Terror","floor":19},{"not_picked":["Sucker Punch+1","Eviscerate"],"picked":"Leg Sweep+1","floor":20}],"player_experience":1334636,"relics_obtained":[{"floor":6,"key":"Oddly Smooth Stone"},{"floor":9,"key":"Frozen Egg 2"},{"floor":13,"key":"Strawberry"},{"floor":22,"key":"Necronomicon"}],"event_choices":[{"damage_healed":0,"gold_gain":0,"player_choice":"Rummage","damage_taken":0,"relics_obtained":["WarpedTongs"],"max_hp_gain":0,"max_hp_loss":0,"event_name":"Accursed Blacksmith","floor":2,"gold_loss":0,"cards_obtained":["Pain"]},{"cards_removed":["Pain"],"damage_healed":0,"gold_gain":0,"player_choice":"Removed Curses","damage_taken":0,"max_hp_gain":0,"max_hp_loss":0,"event_name":"Fountain of Cleansing","floor":4,"gold_loss":0},{"damage_healed":0,"gold_gain":0,"player_choice":"Got Potions","damage_taken":0,"max_hp_gain":0,"max_hp_loss":0,"event_name":"Lab","floor":12,"gold_loss":0},{"damage_healed":0,"gold_gain":0,"player_choice":"Simplicity","damage_taken":0,"max_hp_gain":0,"max_hp_loss":0,"event_name":"Back to Basics","floor":21,"gold_loss":0,"cards_upgraded":["Defend_G","Defend_G","Defend_G","Defend_G","Strike_G","Strike_G","Strike_G"]},{"damage_healed":0,"gold_gain":0,"player_choice":"Obtained Book","damage_taken":16,"max_hp_gain":0,"max_hp_loss":0,"event_name":"Cursed Tome","floor":22,"gold_loss":0}],"is_beta":false,"boss_relics":[{"not_picked":["Cursed Key","Empty Cage"],"picked":"Astrolabe"}],"items_purged_floors":[],"is_endless":false,"potions_floor_spawned":[1,3,10,19,20],"killed_by":"Gremlin Leader","ascension_level":10}