{"path_per_floor":["M","$","?","?","M","R","E","M","T","?","M","M","E","M","R"],"character_chosen":"IRONCLAD","items_purchased":["Paper Frog"],"gold_per_floor":[367,43,293,293,305,305,334,350,350,350,362,379,406,416,416,416],"floor_reached":16,"campfire_rested":0,"playtime":582,"current_hp_per_floor":[80,80,80,80,80,80,51,57,57,80,67,59,40,40,40,40],"items_purged":["Regret"],"gold":416,"score":140,"play_id":"047dfd48-450b-44dd-ab31-a1ffa9cd8207","local_time":"20180523205746","is_prod":false,"is_daily":false,"chose_seed":false,"is_ascension_mode":true,"campfire_upgraded":2,"timestamp":1527101866,"campfire_choices":[{"data":"Flame Barrier","floor":6,"key":"SMITH"},{"data":"Bash","floor":15,"key":"SMITH"}],"path_taken":["M","$","?","?","M","R","E","M","T","?","?","M","E","M","R","BOSS"],"build_version":"2018-05-17","seed_source_timestamp":819629228002016,"purchased_purges":1,"victory":false,"master_deck":["Strike_R","Strike_R","Strike_R","Strike_R","Strike_R","Defend_R","Defend_R","Defend_R","Defend_R","Bash+1","Spot Weakness","Flame Barrier+1","True Grit","Second Wind","Metallicize","Pommel Strike","Sentinel","Shrug It Off"],"max_hp_per_floor":[80,80,80,80,80,80,80,80,80,80,80,80,80,80,80,80],"relics":["Burning Blood","Paper Frog","Meat on the Bone","Toolbox","Omamori"],"card_choices":[{"not_picked":["Clothesline","Havoc"],"picked":"Spot Weakness","floor":1},{"not_picked":["Sword Boomerang","Blood for Blood"],"picked":"Flame Barrier","floor":5},{"not_picked":["Thunderclap","Armaments"],"picked":"True Grit","floor":7},{"not_picked":["Perfected Strike","Warcry"],"picked":"Second Wind","floor":8},{"not_picked":["Uppercut","Fire Breathing"],"picked":"Metallicize","floor":11},{"not_picked":["Armaments","Wild Strike"],"picked":"Pommel Strike","floor":12},{"not_picked":["Reaper","Demon Form"],"picked":"Sentinel","floor":13},{"not_picked":["Dual Wield","Disarm"],"picked":"Shrug It Off","floor":14}],"player_experience":508483,"potions_floor_usage":[13,16,16],"damage_taken":[{"damage":3,"enemies":"Small Slimes","floor":1,"turns":3},{"damage":1,"enemies":"Cultist","floor":5,"turns":3},{"damage":35,"enemies":"Gremlin Nob","floor":7,"turns":4},{"damage":0,"enemies":"Jaw Worm","floor":8,"turns":4},{"damage":19,"enemies":"Blue Slaver","floor":11,"turns":6},{"damage":14,"enemies":"Looter","floor":12,"turns":3},{"damage":37,"enemies":"Lagavulin","floor":13,"turns":7},{"damage":18,"enemies":"Exordium Wildlife","floor":14,"turns":7},{"damage":0,"enemies":"Slime Boss","floor":16,"turns":4}],"relics_obtained":[{"floor":7,"key":"Meat on the Bone"},{"floor":9,"key":"Toolbox"},{"floor":13,"key":"Omamori"}],"event_choices":[{"event_name":"Golden Shrine","player_choice":"Desecrate","floor":3,"damage_taken":0},{"event_name":"Wheel of Change","player_choice":"Card Removal","floor":4,"damage_taken":0},{"event_name":"Big Fish","player_choice":"Banana","floor":10,"damage_taken":0}],"boss_relics":[],"potions_floor_spawned":[1,11,13,14],"seed_played":"9110526389224194790","killed_by":"Slime Boss","ascension_level":5,"potions_obtained":[{"floor":1,"key":"Explosive Potion"},{"floor":11,"key":"SkillPotion"},{"floor":13,"key":"SmokeBomb"},{"floor":14,"key":"Explosive Potion"}],"is_trial":false}