{"gold_per_floor":[112,112,37,51,51,90,103,103,128,93,106,146,173,360,372,384],"floor_reached":16,"playtime":456,"items_purged":["Regret"],"score":160,"play_id":"9876513c-3d62-43ea-9e8e-856ce4e531d3","local_time":"20180822125847","is_ascension_mode":true,"campfire_choices":[{"data":"Bash","floor":8,"key":"SMITH"},{"data":"Iron Wave","floor":15,"key":"SMITH"}],"neow_cost":"NONE","seed_source_timestamp":69150217654911,"circlet_count":0,"master_deck":["Strike_R","Strike_R","Strike_R","Strike_R","Strike_R","Defend_R","Defend_R","Defend_R","Defend_R","Bash+1","Shrug It Off","Seeing Red","Wild Strike","Iron Wave+1","Whirlwind","Brutality","Warcry","Doubt"],"relics":["Burning Blood","Happy Flower","Bag of Marbles","Golden Idol","Paper Frog","Blood Vial","MawBank"],"potions_floor_usage":[6,12,12],"damage_taken":[{"damage":3,"enemies":"2 Louse","floor":1,"turns":4},{"damage":0,"enemies":"Small Slimes","floor":4,"turns":4},{"damage":51,"enemies":"Lagavulin","floor":6,"turns":8},{"damage":0,"enemies":"Cultist","floor":7,"turns":2},{"damage":14,"enemies":"Exordium Thugs","floor":11,"turns":7},{"damage":12,"enemies":"3 Sentries","floor":12,"turns":6},{"damage":3,"enemies":"Blue Slaver","floor":13,"turns":2},{"damage":29,"enemies":"The Guardian","floor":16,"turns":3}],"seed_played":"-5154049350870535709","potions_obtained":[{"floor":1,"key":"Ancient Potion"},{"floor":4,"key":"SteroidPotion"},{"floor":6,"key":"Strength Potion"}],"is_trial":false,"path_per_floor":["M","?","$","M","?","E","M","R","T","?","M","E","M","?","R"],"character_chosen":"IRONCLAD","items_purchased":[],"campfire_rested":0,"item_purchase_floors":[],"current_hp_per_floor":[75,75,75,80,74,29,35,35,35,53,47,43,48,48,48,21],"gold":384,"neow_bonus":"RANDOM_COMMON_RELIC","is_prod":false,"is_daily":false,"chose_seed":false,"campfire_upgraded":2,"win_rate":0,"timestamp":1534935527,"path_taken":["M","?","?","M","?","E","?","R","T","?","M","E","M","?","R","BOSS"],"build_version":"2018-08-16","purchased_purges":1,"victory":false,"max_hp_per_floor":[80,80,80,80,74,74,74,74,74,74,74,74,74,74,74,74],"card_choices":[{"not_picked":["Pummel","Power Through"],"picked":"Shrug It Off","floor":1},{"not_picked":["Reckless Charge","Iron Wave"],"picked":"Seeing Red","floor":4},{"not_picked":["Corruption","Havoc"],"picked":"Wild Strike","floor":6},{"not_picked":["Wild Strike","Sword Boomerang"],"picked":"Iron Wave","floor":7},{"not_picked":["Uppercut","Power Through"],"picked":"Whirlwind","floor":11},{"not_picked":["Sentinel","Entrench"],"picked":"Brutality","floor":12},{"not_picked":["Bloodletting","Thunderclap"],"picked":"Warcry","floor":13}],"player_experience":916960,"relics_obtained":[{"floor":6,"key":"Paper Frog"},{"floor":9,"key":"Blood Vial"},{"floor":12,"key":"MawBank"}],"event_choices":[{"event_name":"Big Fish","player_choice":"Box","floor":2,"damage_taken":0},{"event_name":"Golden Idol","player_choice":"Lose Max HP","floor":5,"damage_taken":0},{"event_name":"The Cleric","player_choice":"Healed","floor":10,"damage_taken":0},{"event_name":"Liars Game","player_choice":"agreed","floor":14,"damage_taken":0}],"is_beta":false,"boss_relics":[],"items_purged_floors":[3],"is_endless":false,"potions_floor_spawned":[1,4,6],"killed_by":"The Guardian","ascension_level":9}