{"gold_per_floor":[115,115,132,132,108,137,147,181,233,252,252,270,235,248,248,353,353,353,353,370,295,295,322,332,332,410,150,170,170,205,225,225,323,323,334,334,334,387,401,401],"floor_reached":40,"playtime":3659,"items_purged":["Normality"],"score":595,"play_id":"4e8ed27b-ecad-4ceb-83d6-527c8f76aa3d","local_time":"20180629214552","is_ascension_mode":true,"campfire_choices":[{"data":"Zap","floor":11.0,"key":"SMITH"},{"data":"Leap","floor":15.0,"key":"SMITH"},{"data":"Genetic Algorithm","floor":29.0,"key":"SMITH"},{"data":"Buffer","floor":32,"key":"SMITH"}],"neow_cost":"","seed_source_timestamp":0,"circlet_count":0,"master_deck":["Defend_B","Defend_B","Defend_B","Defend_B","Dualcast","Rebound","Gash","Leap+1","Go for the Eyes","Recycle","Gash","Gash","Stack","Reboot","Buffer+1","Clumsy","Bite","Bite","Bite","Bite","Bite","Chill+1","Gash","Sweeping Beam","Genetic Algorithm+1","Conserve Battery","Rebound","Hologram","Undo","Conserve Battery","Ball Lightning+1","Glacier"],"special_seed":0,"relics":["Runic Pyramid","Toolbox","Anchor","Torii","Vajra","Calling Bell","Thread and Needle","Centennial Puzzle","Bag of Marbles","Bird Faced Urn","Gremlin Horn","Pantograph","Shuriken","Blood Vial","Orrery","Gambling Chip"],"potions_floor_usage":[33,33,40],"damage_taken":[{"damage":2.0,"enemies":"Jaw Worm","floor":1.0,"turns":5.0},{"damage":1.0,"enemies":"Cultist","floor":3.0,"turns":3.0},{"damage":30.0,"enemies":"Gremlin Nob","floor":6.0,"turns":4.0},{"damage":0.0,"enemies":"Small Slimes","floor":7.0,"turns":4.0},{"damage":1.0,"enemies":"Lagavulin","floor":8.0,"turns":7.0},{"damage":1.0,"enemies":"Exordium Thugs","floor":10.0,"turns":4.0},{"damage":0.0,"enemies":"Large Slime","floor":12.0,"turns":3.0},{"damage":1.0,"enemies":"Blue Slaver","floor":14.0,"turns":3.0},{"damage":3.0,"enemies":"The Guardian","floor":16.0,"turns":12.0},{"damage":0.0,"enemies":"Spheric Guardian","floor":18.0,"turns":3.0},{"damage":7.0,"enemies":"Shell Parasite","floor":20.0,"turns":6.0},{"damage":6.0,"enemies":"Slavers","floor":23.0,"turns":6.0},{"damage":10.0,"enemies":"Snake Plant","floor":24.0,"turns":6.0},{"damage":0.0,"enemies":"3 Cultists","floor":28.0,"turns":4.0},{"damage":7.0,"enemies":"Book of Stabbing","floor":30.0,"turns":5.0},{"damage":0,"enemies":"Centurion and Healer","floor":31,"turns":5},{"damage":24,"enemies":"Champ","floor":33,"turns":9},{"damage":0,"enemies":"3 Darklings","floor":35,"turns":6},{"damage":7,"floor":38,"turns":7},{"damage":0,"enemies":"Orb Walker","floor":39,"turns":3},{"damage":93,"enemies":"Giant Head","floor":40,"turns":10}],"seed_played":"5442561378105621339","potions_obtained":[{"floor":3.0,"key":"FearPotion"},{"floor":10.0,"key":"Block Potion"},{"floor":12.0,"key":"SmokeBomb"},{"floor":20.0,"key":"SpeedPotion"},{"floor":24.0,"key":"LiquidBronze"},{"floor":28.0,"key":"AttackPotion"},{"floor":33,"key":"LiquidBronze"},{"floor":35,"key":"AttackPotion"}],"is_trial":false,"path_per_floor":["M","?","M","?","$","E","M","E","T","M","R","M","?","M","R","B",null,"M","?","M","$","?","E","M","?","T","$","M","R","E","M","R","B",null,"M","?","?","?","M"],"character_chosen":"DEFECT","items_purchased":["Leap","Shuriken"],"campfire_rested":0,"item_purchase_floors":[],"current_hp_per_floor":[73,66,65,65,65,35,35,34,34,33,33,33,51,50,50,47,68,68,52,47,47,47,52,47,47,47,47,52,52,52,52,52,28,46,52,52,52,52,52,0],"gold":401,"neow_bonus":"","is_prod":false,"is_daily":false,"chose_seed":false,"campfire_upgraded":4,"win_rate":0,"timestamp":1530301552,"path_taken":["M","?","M","?","$","E","M","E","T","M","R","?","?","M","R","BOSS","M","?","?","$","?","E","M","?","T","$","M","R","E","M","R","BOSS","M","?","?","?","M","E"],"build_version":"2018-06-28","purchased_purges":1,"victory":false,"max_hp_per_floor":[75,75,75,75,75,75,75,75,75,75,75,75,75,75,75,75,75,75,52,52,52,52,52,52,52,52,52,52,52,52,52,52,52,52,52,52,52,52,52,52],"card_choices":[{"not_picked":["Redo","Beam Cell"],"picked":"Rebound","floor":1.0},{"not_picked":["Cold Snap","Steam"],"picked":"Gash","floor":3.0},{"not_picked":["Turbo","Force Field"],"picked":"Go for the Eyes","floor":6.0},{"not_picked":["Doom and Gloom","Compile Driver"],"picked":"Recycle","floor":7.0},{"not_picked":["Hologram","Consume"],"picked":"Gash","floor":8.0},{"not_picked":["Rebound","Barrage"],"picked":"Gash","floor":10.0},{"not_picked":["Rebound","Coolheaded"],"picked":"Stack","floor":12.0},{"not_picked":["Cold Snap","Loop"],"picked":"Reboot","floor":14.0},{"not_picked":["Amplify","Biased Cognition"],"picked":"Buffer","floor":16.0},{"not_picked":["Compile Driver","Hologram"],"picked":"Chill+1","floor":20.0},{"not_picked":["Rebound","Go for the Eyes"],"picked":"Gash","floor":23.0},{"not_picked":["Barrage","Compile Driver"],"picked":"Sweeping Beam","floor":24.0},{"not_picked":["Cold Snap","Blizzard"],"picked":"Genetic Algorithm","floor":28.0},{"not_picked":["White Noise","Thunder Strike","Redo"],"picked":"SKIP","floor":30.0},{"not_picked":["Leap","Creative AI"],"picked":"Conserve Battery","floor":31},{"not_picked":["Streamline+1","Hologram"],"picked":"Rebound","floor":34},{"not_picked":["Skim","Leap"],"picked":"Hologram","floor":34},{"not_picked":["Storm","Thunder Strike"],"picked":"Undo","floor":34},{"not_picked":["Cold Snap","Heatsinks"],"picked":"Conserve Battery","floor":35},{"not_picked":["Go for the Eyes+1","Conserve Battery+1"],"picked":"Ball Lightning+1","floor":38},{"not_picked":["Conserve Battery","Genetic Algorithm"],"picked":"Glacier","floor":39}],"player_experience":789994,"relics_obtained":[{"floor":6.0,"key":"Anchor"},{"floor":8.0,"key":"Torii"},{"floor":9.0,"key":"Vajra"},{"floor":17.0,"key":"Thread and Needle"},{"floor":17.0,"key":"Centennial Puzzle"},{"floor":17.0,"key":"Bag of Marbles"},{"floor":23.0,"key":"Bird Faced Urn"},{"floor":26.0,"key":"Pantograph"},{"floor":30.0,"key":"Blood Vial"},{"floor":38,"key":"Gambling Chip"}],"event_choices":[{"event_name":"Scrap Ooze","player_choice":"success","floor":2.0,"damage_taken":7.0},{"event_name":"Bonfire Elementals","player_choice":"BASIC","floor":4.0,"damage_taken":0.0},{"event_name":"The Cleric","player_choice":"Healed","floor":13.0,"damage_taken":0.0},{"event_name":"Vampires","player_choice":"Became a vampire","floor":19.0,"damage_taken":0.0},{"event_name":"Purifier","player_choice":"One Purge","floor":22.0,"damage_taken":0.0},{"event_name":"The Mausoleum","player_choice":"Yes","floor":25.0,"damage_taken":0.0},{"event_name":"Tomb of Lord Red Mask","player_choice":"Ignored","floor":36,"damage_taken":0},{"event_name":"Falling","player_choice":"Removed Skill","floor":37,"damage_taken":0},{"event_name":"Mysterious Sphere","player_choice":"Fight","floor":38,"damage_taken":0}],"boss_relics":[{"not_picked":["Pandora\u0027s Box","Fusion Hammer"],"picked":"Calling Bell"},{"not_picked":["Coffee Dripper","Snecko Eye"],"picked":"Orrery"}],"items_purged_floors":[],"is_endless":false,"potions_floor_spawned":[3,10,12,20,24,28,30,33,35],"killed_by":"Giant Head","ascension_level":5}