{"gold_per_floor":[114,114,114,128,128,162,177,238,238,238,238,264,276,301,301,301],"floor_reached":16,"playtime":1834,"items_purged":[],"score":318,"play_id":"ed07060d-4a17-4025-9dcc-20c089d11538","local_time":"20190209212357","is_ascension_mode":true,"campfire_choices":[{"data":"Shockwave","floor":11,"key":"SMITH"},{"data":"Disarm","floor":15,"key":"SMITH"}],"neow_cost":"NONE","seed_source_timestamp":158665031201350,"circlet_count":0,"master_deck":["AscendersBane","Strike_R","Strike_R","Strike_R","Strike_R","Strike_R","Defend_R","Defend_R","Defend_R","Defend_R","Bash","Anger","Shrug It Off","Shockwave+1","Corruption+1","Offering","Heavy Blade+1","Disarm+1"],"relics":["Burning Blood","NeowsBlessing","Molten Egg 2","Oddly Smooth Stone","Frozen Egg 2","Potion Belt","Ornamental Fan","Red Skull","Anchor"],"potions_floor_usage":[8,12,14,14],"damage_taken":[{"damage":0,"enemies":"2 Louse","floor":1,"turns":1},{"damage":0,"enemies":"Jaw Worm","floor":4,"turns":1},{"damage":0,"enemies":"3 Sentries","floor":6,"turns":2},{"damage":0,"enemies":"Small Slimes","floor":7,"turns":3},{"damage":27,"enemies":"Gremlin Nob","floor":8,"turns":5},{"damage":0,"enemies":"Lagavulin","floor":12,"turns":7},{"damage":0,"enemies":"2 Fungi Beasts","floor":13,"turns":3},{"damage":0,"enemies":"3 Sentries","floor":14,"turns":2},{"damage":54,"enemies":"Hexaghost","floor":16,"turns":3}],"seed_played":"1660949198134951532","potions_obtained":[{"floor":4,"key":"Block Potion"},{"floor":8,"key":"Fruit Juice"},{"floor":12,"key":"AttackPotion"},{"floor":13,"key":"AttackPotion"}],"is_trial":false,"path_per_floor":["M","?","T","M","$","E","M","?","T","?","R","E","M","E","R","B"],"character_chosen":"IRONCLAD","items_purchased":[],"campfire_rested":0,"item_purchase_floors":[],"current_hp_per_floor":[78,60,60,66,66,72,78,57,57,80,80,85,85,85,85,31],"gold":301,"neow_bonus":"THREE_ENEMY_KILL","is_prod":false,"is_daily":false,"chose_seed":false,"campfire_upgraded":2,"win_rate":0,"timestamp":1549743837,"path_taken":["M","?","?","M","$","E","M","?","T","?","R","E","M","E","R","BOSS"],"build_version":"2019-01-23","purchased_purges":0,"victory":false,"max_hp_per_floor":[80,80,80,80,80,80,80,80,80,80,80,85,85,85,85,85],"card_choices":[{"not_picked":["Sword Boomerang","Twin Strike"],"picked":"Anger","floor":1},{"not_picked":["Entrench","Dual Wield"],"picked":"Shrug It Off","floor":4},{"not_picked":["Burning Pact","Rage"],"picked":"Shockwave","floor":6},{"not_picked":["Perfected Strike+1","Wild Strike+1"],"picked":"Corruption+1","floor":7},{"not_picked":["Entrench","Power Through"],"picked":"Shockwave","floor":8},{"not_picked":["Armaments","Twin Strike+1"],"picked":"Offering","floor":12},{"not_picked":["Perfected Strike+1","Armaments"],"picked":"Heavy Blade+1","floor":13},{"not_picked":["Seeing Red","True Grit"],"picked":"Disarm","floor":14}],"player_experience":2255853,"relics_obtained":[{"floor":3,"key":"Oddly Smooth Stone"},{"floor":6,"key":"Frozen Egg 2"},{"floor":8,"key":"Potion Belt"},{"floor":9,"key":"Ornamental Fan"},{"floor":12,"key":"Red Skull"},{"floor":14,"key":"Anchor"}],"event_choices":[{"damage_healed":0,"gold_gain":0,"player_choice":"Success","damage_taken":18,"relics_obtained":["Molten Egg 2"],"max_hp_gain":0,"max_hp_loss":0,"event_name":"Scrap Ooze","floor":2,"gold_loss":0},{"damage_healed":0,"gold_gain":0,"player_choice":"Searched \u00271\u0027 times","damage_taken":0,"max_hp_gain":0,"max_hp_loss":0,"event_name":"Dead Adventurer","floor":8,"gold_loss":0},{"cards_removed":["Shockwave"],"damage_healed":23,"gold_gain":0,"player_choice":"Offered Uncommon","damage_taken":0,"max_hp_gain":0,"max_hp_loss":0,"event_name":"Bonfire Elementals","floor":10,"gold_loss":0}],"is_beta":false,"boss_relics":[],"items_purged_floors":[],"is_endless":false,"potions_floor_spawned":[4,8,12,13],"killed_by":"Hexaghost","ascension_level":13}