{"gold_per_floor":[112,123,123,140,140,181,181,214,214,214,214,239,305,324,324,448,448,473,508,524,524,543,543,543],"floor_reached":24,"playtime":917,"items_purged":[],"score":309,"play_id":"105343a3-b879-437c-8078-1172ed1811f2","local_time":"20181111193254","is_ascension_mode":true,"campfire_choices":[{"data":"Streamline","floor":7,"key":"SMITH"},{"data":"1","floor":11,"key":"LIFT"},{"data":"2","floor":15,"key":"LIFT"},{"data":"3","floor":23,"key":"LIFT"}],"neow_cost":"NONE","seed_source_timestamp":351672181696583,"circlet_count":0,"master_deck":["AscendersBane","Strike_B","Strike_B","Strike_B","Defend_B","Defend_B","Defend_B","Defend_B","Zap","Dualcast","Streamline+1","Go for the Eyes","Leap","Ball Lightning","Cold Snap","Sweeping Beam","Beam Cell","Echo Form","Redo","Leap+1"],"relics":["Cracked Core","NeowsBlessing","Golden Idol","Bronze Scales","Girya","Pear","Boot","Busted Crown","Nloth\u0027s Gift"],"potions_floor_usage":[6,16,16,19],"damage_taken":[{"damage":0,"enemies":"Small Slimes","floor":1,"turns":1},{"damage":0,"enemies":"Cultist","floor":2,"turns":1},{"damage":0,"enemies":"Jaw Worm","floor":4,"turns":1},{"damage":27,"enemies":"Lagavulin","floor":6,"turns":7},{"damage":32,"enemies":"Gremlin Nob","floor":8,"turns":4},{"damage":3,"enemies":"Looter","floor":12,"turns":3},{"damage":0,"enemies":"Large Slime","floor":14,"turns":4},{"damage":7,"enemies":"Hexaghost","floor":16,"turns":6},{"damage":3,"enemies":"Chosen","floor":18,"turns":3},{"damage":22,"enemies":"Masked Bandits","floor":19,"turns":4},{"damage":10,"enemies":"2 Thieves","floor":20,"turns":3},{"damage":10,"enemies":"Chosen and Byrds","floor":22,"turns":4},{"damage":24,"enemies":"Sentry and Sphere","floor":24,"turns":3}],"seed_played":"6671810086114580098","potions_obtained":[{"floor":2,"key":"AttackPotion"},{"floor":6,"key":"LiquidBronze"},{"floor":8,"key":"AttackPotion"},{"floor":16,"key":"PowerPotion"},{"floor":20,"key":"EssenceOfSteel"}],"is_trial":false,"path_per_floor":["M","M","?","M","?","E","R","E","T","?","R","M","?","M","R","B",null,"M","?","M","?","M","R","M"],"character_chosen":"DEFECT","items_purchased":[],"campfire_rested":0,"item_purchase_floors":[],"current_hp_per_floor":[68,68,68,68,68,41,41,9,19,16,16,13,13,13,13,6,61,58,36,26,26,16,16,0],"gold":543,"neow_bonus":"THREE_ENEMY_KILL","is_prod":false,"is_daily":false,"chose_seed":false,"campfire_upgraded":1,"win_rate":0,"timestamp":1541961174,"path_taken":["M","M","?","?","?","E","R","E","T","?","R","M","?","M","R","BOSS","M","?","M","?","M","R","M"],"build_version":"2018-11-08","purchased_purges":0,"victory":false,"max_hp_per_floor":[75,75,75,75,69,69,69,69,79,79,79,79,79,79,79,79,79,79,79,79,79,79,79,79],"card_choices":[{"not_picked":["Sunder","Conserve Battery"],"picked":"Streamline","floor":1},{"not_picked":["Skim","Blizzard"],"picked":"Go for the Eyes","floor":2},{"not_picked":["Lockon","Scrape"],"picked":"Leap","floor":4},{"not_picked":["Turbo","Leap"],"picked":"Ball Lightning","floor":6},{"not_picked":["Steam","Coolheaded"],"picked":"Cold Snap","floor":8},{"not_picked":["Redo","Self Repair"],"picked":"Sweeping Beam","floor":12},{"not_picked":["Skim","Tempest"],"picked":"Beam Cell","floor":14},{"not_picked":["Buffer","Fission"],"picked":"Echo Form","floor":16},{"not_picked":["Storm"],"picked":"SKIP","floor":18},{"not_picked":[],"picked":"Redo","floor":19},{"not_picked":[],"picked":"Leap+1","floor":20},{"not_picked":["Beam Cell"],"picked":"SKIP","floor":22}],"player_experience":1154253,"relics_obtained":[{"floor":6,"key":"Bronze Scales"},{"floor":8,"key":"Girya"},{"floor":9,"key":"Pear"},{"floor":19,"key":"Red Mask"}],"event_choices":[{"cards_removed":["Strike_B"],"damage_healed":0,"gold_gain":0,"player_choice":"Purged","damage_taken":0,"max_hp_gain":0,"max_hp_loss":0,"event_name":"Purifier","floor":3,"gold_loss":0},{"damage_healed":0,"gold_gain":0,"player_choice":"Lose Max HP","damage_taken":0,"relics_obtained":["Golden Idol"],"max_hp_gain":0,"max_hp_loss":6,"event_name":"Golden Idol","floor":5,"gold_loss":0},{"damage_healed":0,"gold_gain":0,"player_choice":"Success","damage_taken":3,"relics_obtained":["Boot"],"max_hp_gain":0,"max_hp_loss":0,"event_name":"Scrap Ooze","floor":10,"gold_loss":0},{"damage_healed":0,"gold_gain":66,"player_choice":"Gained Gold","damage_taken":0,"max_hp_gain":0,"max_hp_loss":0,"event_name":"Golden Wing","floor":13,"gold_loss":0},{"damage_healed":0,"gold_gain":0,"player_choice":"Fought Bandits","damage_taken":0,"max_hp_gain":0,"max_hp_loss":0,"event_name":"Masked Bandits","floor":19,"gold_loss":0},{"damage_healed":0,"gold_gain":0,"player_choice":"Traded Relic","damage_taken":0,"relics_obtained":["Nloth\u0027s Gift"],"max_hp_gain":0,"max_hp_loss":0,"event_name":"N\u0027loth","floor":21,"relics_lost":["Red Mask"],"gold_loss":0}],"is_beta":false,"boss_relics":[{"not_picked":["Calling Bell","FrozenCore"],"picked":"Busted Crown"}],"items_purged_floors":[],"is_endless":false,"potions_floor_spawned":[2,6,8,16,20],"killed_by":"Sentry and Sphere","ascension_level":10}