{"gold_per_floor":[368,368,379,394,414,448,25,25,77,77,97,97,122,134,134,236,236,247,258,258,269,169,169,196,296,296,322,335,335,351,226,226,323,323,342,442,119,119,131,194,194,207,207,220,247,247,44,57,57,57],"floor_reached":51,"playtime":9453,"items_purged":["Strike_B","Strike_B","Strike_B","Decay"],"score":1004,"play_id":"5d0c1017-c8bc-4448-912a-141365fc4ce7","local_time":"20190119115215","is_ascension_mode":true,"campfire_choices":[{"data":"Zap","floor":8.0,"key":"SMITH"},{"floor":10.0,"key":"REST"},{"data":"Go for the Eyes","floor":15.0,"key":"SMITH"},{"data":"Defragment","floor":23.0,"key":"SMITH"},{"floor":29.0,"key":"REST"},{"floor":32.0,"key":"REST"},{"data":"Hologram","floor":41.0,"key":"SMITH"},{"floor":46,"key":"REST"},{"floor":49,"key":"REST"}],"neow_cost":"TEN_PERCENT_HP_LOSS","seed_source_timestamp":0,"circlet_count":0,"master_deck":["Defend_B","Defend_B","Defend_B","Defend_B","Zap+1","Dualcast+1","Ball Lightning","Hologram+1","Auto Shields+1","Cold Snap","BootSequence+1","Go for the Eyes+1","Go for the Eyes","Compile Driver","Electrodynamics","Tempest+1","Defragment+1","Go for the Eyes","Go for the Eyes+1","Double Energy+1","Echo Form","Machine Learning","Barrage+1","Cold Snap","Defragment+1","Conserve Battery","All For One","Conserve Battery","Capacitor+1"],"special_seed":0,"relics":["Cracked Core","Shuriken","Runic Capacitor","Regal Pillow","Lantern","Potion Belt","Darkstone Periapt","Nuclear Battery","Nilry\u0027s Codex","Anchor","Emotion Chip","Pear","Mercury Hourglass","War Paint","Cursed Key","WingedGreaves","Calipers","Tiny Chest","Bronze Scales","Bird Faced Urn"],"potions_floor_usage":[50],"damage_taken":[{"damage":0.0,"enemies":"2 Louse","floor":1.0,"turns":3.0},{"damage":1.0,"enemies":"Cultist","floor":3.0,"turns":3.0},{"damage":0.0,"enemies":"Small Slimes","floor":4.0,"turns":2.0},{"damage":13.0,"enemies":"3 Louse","floor":5.0,"turns":4.0},{"damage":22.0,"enemies":"Gremlin Nob","floor":6.0,"turns":4.0},{"damage":1.0,"enemies":"Looter","floor":11.0,"turns":3.0},{"damage":11.0,"enemies":"3 Sentries","floor":13.0,"turns":6.0},{"damage":2.0,"enemies":"Blue Slaver","floor":14.0,"turns":3.0},{"damage":11.0,"enemies":"Slime Boss","floor":16.0,"turns":9.0},{"damage":0.0,"enemies":"3 Byrds","floor":18.0,"turns":3.0},{"damage":0.0,"enemies":"Chosen","floor":19.0,"turns":3.0},{"damage":4.0,"enemies":"3 Cultists","floor":21.0,"turns":4.0},{"damage":28.0,"enemies":"Slavers","floor":24.0,"turns":3.0},{"damage":0.0,"enemies":"Colosseum Slavers","floor":25.0,"turns":3.0},{"damage":2.0,"enemies":"Colosseum Nobs","floor":25.0,"turns":3.0},{"damage":11.0,"enemies":"Gremlin Leader","floor":27.0,"turns":5.0},{"damage":0.0,"enemies":"Cultist and Chosen","floor":28.0,"turns":4.0},{"damage":14.0,"enemies":"Snake Plant","floor":30.0,"turns":3.0},{"damage":12.0,"enemies":"Collector","floor":33.0,"turns":6.0},{"damage":10.0,"enemies":"Orb Walker","floor":35.0,"turns":4.0},{"damage":0.0,"enemies":"Mind Bloom Boss Battle","floor":36.0,"turns":4.0},{"damage":4.0,"enemies":"3 Shapes","floor":39.0,"turns":3.0},{"damage":6.0,"enemies":"Nemesis","floor":40.0,"turns":9.0},{"damage":11.0,"enemies":"Sphere and 2 Shapes","floor":42.0,"turns":3.0},{"damage":19.0,"enemies":"Writhing Mass","floor":44.0,"turns":4.0},{"damage":24.0,"enemies":"Reptomancer","floor":45.0,"turns":4.0},{"damage":6,"enemies":"Transient","floor":48,"turns":5},{"damage":37,"enemies":"Donu and Deca","floor":50,"turns":5}],"seed_played":"-2155151564183614420","potions_obtained":[{"floor":3.0,"key":"FairyPotion"},{"floor":5.0,"key":"Dexterity Potion"},{"floor":13.0,"key":"GamblersBrew"},{"floor":18.0,"key":"FearPotion"},{"floor":19.0,"key":"Weak Potion"},{"floor":24.0,"key":"Block Potion"},{"floor":28.0,"key":"Explosive Potion"},{"floor":33.0,"key":"EntropicBrew"},{"floor":35.0,"key":"Poison Potion"},{"floor":39.0,"key":"Explosive Potion"},{"floor":45,"key":"SkillPotion"},{"floor":48,"key":"PowerPotion"}],"is_trial":false,"path_per_floor":["M","?","M","M","M","E","$","R","T","R","M","?","E","M","R","B",null,"M","M","?","M","$","R","E","?","T","E","M","R","M","$","R","B",null,"M","?","$","?","M","E","R","M","T","M","E","R","$","M","R","B",null],"character_chosen":"DEFECT","items_purchased":["Runic Capacitor","Regal Pillow","Calipers","Cold Snap","Conserve Battery"],"campfire_rested":5,"item_purchase_floors":[7,7,37,37,47],"current_hp_per_floor":[68,68,67,67,54,32,32,32,32,67,66,48,37,35,35,24,57,57,57,41,37,37,37,9,17,17,6,6,44,30,30,68,56,73,63,63,63,63,59,53,53,42,48,29,5,45,45,49,84,56],"gold":57,"neow_bonus":"TWO_FIFTY_GOLD","is_prod":false,"is_daily":false,"chose_seed":false,"campfire_upgraded":4,"win_rate":0,"timestamp":1547866335,"path_taken":["M","?","M","?","M","E","$","R","T","R","M","?","E","M","R","BOSS","M","M","?","M","$","R","E","?","T","E","M","R","M","?","R","BOSS","M","?","$","?","?","E","R","?","T","M","E","R","$","M","R","BOSS"],"build_version":"2019-01-17v2","purchased_purges":4,"victory":true,"max_hp_per_floor":[68,68,68,68,68,68,68,68,68,68,68,68,68,68,68,68,68,68,68,68,68,68,68,68,78,78,78,78,78,78,78,78,78,78,78,78,78,78,78,78,78,78,84,84,84,84,84,84,84,84],"card_choices":[{"not_picked":["Compile Driver","Sweeping Beam"],"picked":"Ball Lightning","floor":1.0},{"not_picked":["Chaos","Gash"],"picked":"Hologram","floor":3.0},{"not_picked":["Genetic Algorithm","Reprogram"],"picked":"Auto Shields","floor":4.0},{"not_picked":["Gash","Hologram"],"picked":"Cold Snap","floor":5.0},{"not_picked":["Redo","Beam Cell"],"picked":"BootSequence","floor":6.0},{"not_picked":["Beam Cell","Aggregate"],"picked":"Go for the Eyes","floor":11.0},{"not_picked":["Rebound","Turbo"],"picked":"Go for the Eyes","floor":13.0},{"not_picked":["Thunder Strike","Reprogram"],"picked":"Compile Driver","floor":14.0},{"not_picked":["Machine Learning","Fission"],"picked":"Electrodynamics","floor":16.0},{"not_picked":["Gash","Hello World"],"picked":"Tempest+1","floor":18.0},{"not_picked":["Steam","Doom and Gloom+1"],"picked":"Defragment","floor":19.0},{"not_picked":["Rebound+1","Ball Lightning"],"picked":"Go for the Eyes","floor":21.0},{"not_picked":["Compile Driver+1","Ball Lightning"],"picked":"Go for the Eyes+1","floor":24.0},{"not_picked":["Leap","Steam+1"],"picked":"Double Energy+1","floor":25.0},{"not_picked":["Stack","FTL"],"picked":"Echo Form","floor":27.0},{"not_picked":["Rebound","Leap+1","Turbo"],"picked":"SKIP","floor":28.0},{"not_picked":["Stack","Sunder","Go for the Eyes+1"],"picked":"SKIP","floor":30.0},{"not_picked":["Reboot","Biased Cognition"],"picked":"Machine Learning","floor":33.0},{"not_picked":["Beam Cell+1","Redo+1"],"picked":"Barrage+1","floor":35.0},{"not_picked":["Leap+1","Sweeping Beam+1","Genetic Algorithm+1"],"picked":"SKIP","floor":39.0},{"not_picked":["Steam","Barrage","Hello World"],"picked":"SKIP","floor":40.0},{"not_picked":["Recycle","Streamline"],"picked":"Defragment+1","floor":42.0},{"not_picked":["Ball Lightning+1","Streamline"],"picked":"Conserve Battery","floor":44.0},{"not_picked":["Beam Cell+1","Turbo+1"],"picked":"All For One","floor":45},{"not_picked":["Conserve Battery","Multi-Cast"],"picked":"Capacitor+1","floor":48}],"player_experience":376672,"relics_obtained":[{"floor":6.0,"key":"Shuriken"},{"floor":9.0,"key":"Lantern"},{"floor":13.0,"key":"Darkstone Periapt"},{"floor":20.0,"key":"Nilry\u0027s Codex"},{"floor":24.0,"key":"Anchor"},{"floor":25.0,"key":"Emotion Chip"},{"floor":25.0,"key":"Pear"},{"floor":26.0,"key":"Mercury Hourglass"},{"floor":27.0,"key":"War Paint"},{"floor":36.0,"key":"WingedGreaves"},{"floor":40.0,"key":"Tiny Chest"},{"floor":43.0,"key":"Bronze Scales"},{"floor":45,"key":"Bird Faced Urn"}],"event_choices":[{"damage_healed":0.0,"max_hp_gain":0.0,"max_hp_loss":0.0,"gold_gain":0.0,"event_name":"Upgrade Shrine","player_choice":"Upgraded","floor":2.0,"gold_loss":0.0,"damage_taken":0.0,"cards_upgraded":["Dualcast"]},{"damage_healed":0.0,"max_hp_gain":0.0,"max_hp_loss":0.0,"gold_gain":0.0,"event_name":"Scrap Ooze","player_choice":"Success","floor":12.0,"gold_loss":0.0,"damage_taken":18.0,"relics_obtained":["Potion Belt"]},{"damage_healed":0.0,"max_hp_gain":0.0,"max_hp_loss":0.0,"gold_gain":0.0,"event_name":"Cursed Tome","player_choice":"Obtained Book","floor":20.0,"gold_loss":0.0,"damage_taken":16.0},{"damage_healed":0.0,"max_hp_gain":0.0,"max_hp_loss":0.0,"gold_gain":0.0,"event_name":"Colosseum","player_choice":"Fight","floor":25.0,"gold_loss":0.0,"damage_taken":0.0},{"damage_healed":0.0,"max_hp_gain":0.0,"max_hp_loss":0.0,"gold_gain":0.0,"event_name":"Colosseum","player_choice":"Fought Nobs","floor":25.0,"gold_loss":0.0,"damage_taken":0.0},{"damage_healed":0.0,"max_hp_gain":0.0,"max_hp_loss":0.0,"gold_gain":0.0,"event_name":"MindBloom","player_choice":"Fight","floor":36.0,"gold_loss":0.0,"damage_taken":0.0},{"cards_removed":["Strike_B"],"damage_healed":0.0,"max_hp_gain":0.0,"max_hp_loss":0.0,"gold_gain":0.0,"event_name":"Bonfire Elementals","player_choice":"Offered Basic","floor":38.0,"gold_loss":0.0,"damage_taken":0.0}],"is_beta":false,"boss_relics":[{"not_picked":["Philosopher\u0027s Stone","Lizard Tail"],"picked":"Nuclear Battery"},{"not_picked":["FrozenCore","Runic Pyramid"],"picked":"Cursed Key"}],"items_purged_floors":[7,22,31,47],"is_endless":false,"potions_floor_spawned":[3,5,13,18,19,24,28,33,35,39,45,48],"ascension_level":7}