{"gold_per_floor":[15,35,50,225,150,150,178,178,178,190,155,185,204,215,215,314,314,333,333,333,77,95,126,126,156,156,190,190,207,32,48,48,48],"floor_reached":33,"playtime":1094,"items_purged":["Doubt","Writhe"],"score":507,"play_id":"eebffc64-1df1-48b5-ba48-c8fcc1e46ea8","local_time":"20180823183852","is_ascension_mode":true,"campfire_choices":[{"data":"Feed","floor":6,"key":"SMITH"},{"data":"Immolate","floor":8,"key":"SMITH"},{"data":"Rupture","floor":15,"key":"SMITH"},{"data":"Shockwave","floor":24,"key":"SMITH"},{"data":"Seeing Red","floor":28,"key":"SMITH"},{"data":"Apotheosis","floor":32,"key":"SMITH"}],"neow_cost":"NO_GOLD","seed_source_timestamp":175316776467712,"circlet_count":0,"master_deck":["Strike_R","Strike_R","Strike_R","Strike_R","Strike_R","Defend_R","Defend_R","Defend_R","Defend_R","Bash","Feed+1","Combust","Wild Strike","Immolate+1","Shockwave+1","Perfected Strike","Flex","Wild Strike","Rupture+1","Immolate","Pommel Strike","Hemokinesis","Heavy Blade","Warcry","Seeing Red+1","Bloodletting+1","Apotheosis+1","Corruption+1"],"relics":["Burning Blood","Pear","Boot","Meat on the Bone","Coffee Dripper","Potion Belt","Vajra","Question Card","Strawberry","Nunchaku","Unceasing Top"],"potions_floor_usage":[7,10,12,16,16,23,23,23,25,25,27],"damage_taken":[{"damage":1,"enemies":"2 Louse","floor":1,"turns":2},{"damage":6,"enemies":"Cultist","floor":2,"turns":4},{"damage":4,"enemies":"Jaw Worm","floor":3,"turns":4},{"damage":32,"enemies":"Gremlin Nob","floor":7,"turns":4},{"damage":5,"enemies":"Large Slime","floor":10,"turns":5},{"damage":3,"enemies":"3 Sentries","floor":12,"turns":3},{"damage":9,"enemies":"Red Slaver","floor":13,"turns":3},{"damage":14,"enemies":"Blue Slaver","floor":14,"turns":3},{"damage":41,"enemies":"Slime Boss","floor":16,"turns":9},{"damage":29,"enemies":"3 Byrds","floor":18,"turns":3},{"damage":2,"enemies":"Spheric Guardian","floor":22,"turns":3},{"damage":26,"enemies":"Gremlin Leader","floor":23,"turns":3},{"damage":24,"enemies":"Slavers","floor":25,"turns":2},{"damage":31,"enemies":"Book of Stabbing","floor":27,"turns":4},{"damage":8,"enemies":"Centurion and Healer","floor":29,"turns":2},{"damage":20,"enemies":"Snecko","floor":31,"turns":3},{"damage":73,"enemies":"Champ","floor":33,"turns":6}],"seed_played":"8386907525861892104","potions_obtained":[{"floor":1,"key":"Block Potion"},{"floor":2,"key":"Dexterity Potion"},{"floor":3,"key":"Poison Potion"},{"floor":12,"key":"Poison Potion"},{"floor":13,"key":"EssenceOfSteel"},{"floor":18,"key":"Swift Potion"},{"floor":22,"key":"EntropicBrew"},{"floor":31,"key":"Ancient Potion"}],"is_trial":false,"path_per_floor":["M","M","M","?","$","R","E","R","T","M","?","E","M","M","R","B",null,"M","?","?","$","M","E","R","E","T","E","R","M","$","M","R"],"character_chosen":"IRONCLAD","items_purchased":["Vajra","Apotheosis"],"campfire_rested":0,"item_purchase_floors":[21,30],"current_hp_per_floor":[80,83,88,88,88,88,76,76,76,81,107,111,112,104,104,69,104,85,85,60,60,76,68,68,73,73,60,60,74,74,72,72,0],"gold":48,"neow_bonus":"THREE_RARE_CARDS","is_prod":false,"is_daily":false,"chose_seed":false,"campfire_upgraded":6,"win_rate":0,"timestamp":1535042332,"path_taken":["M","M","M","?","$","R","E","R","T","M","?","E","?","M","R","BOSS","M","?","?","$","M","E","R","E","T","E","R","M","$","?","R","BOSS"],"build_version":"2018-08-16","purchased_purges":2,"victory":false,"max_hp_per_floor":[83,86,89,89,89,89,103,103,103,107,107,111,115,115,115,115,115,119,119,124,124,124,124,124,135,135,135,135,139,139,139,139,139],"card_choices":[{"not_picked":["Brutality","Limit Break"],"picked":"Feed","floor":0},{"not_picked":["Corruption","Heavy Blade"],"picked":"Combust","floor":1},{"not_picked":["Second Wind","Sword Boomerang"],"picked":"Wild Strike","floor":2},{"not_picked":["Armaments","Entrench"],"picked":"Immolate","floor":3},{"not_picked":["Combust","True Grit"],"picked":"Shockwave","floor":7},{"not_picked":["Thunderclap","Heavy Blade"],"picked":"Perfected Strike","floor":10},{"not_picked":["Body Slam","Thunderclap"],"picked":"Flex","floor":12},{"not_picked":["Shockwave","Thunderclap"],"picked":"Wild Strike","floor":13},{"not_picked":["Sword Boomerang","Uppercut"],"picked":"Rupture","floor":14},{"not_picked":["Barricade","Bludgeon"],"picked":"Immolate","floor":16},{"not_picked":["Pummel+1","Havoc"],"picked":"Pommel Strike","floor":18},{"not_picked":["Clash+1","Dark Embrace"],"picked":"Hemokinesis","floor":22},{"not_picked":["Cleave+1","Rage"],"picked":"Heavy Blade","floor":23},{"not_picked":["Sentinel+1","Sword Boomerang","Fiend Fire"],"picked":"Warcry","floor":25},{"not_picked":["Iron Wave","Havoc+1","Clothesline"],"picked":"Seeing Red","floor":27},{"not_picked":["Clothesline+1","Warcry","Rupture"],"picked":"Bloodletting+1","floor":29},{"not_picked":["Twin Strike+1","Dual Wield","Second Wind"],"picked":"Corruption+1","floor":31}],"player_experience":925255,"relics_obtained":[{"floor":7,"key":"Pear"},{"floor":9,"key":"Boot"},{"floor":12,"key":"Meat on the Bone"},{"floor":23,"key":"Question Card"},{"floor":25,"key":"Strawberry"},{"floor":26,"key":"Nunchaku"},{"floor":27,"key":"Unceasing Top"}],"event_choices":[{"event_name":"Liars Game","player_choice":"agreed","floor":4,"damage_taken":0},{"event_name":"The Cleric","player_choice":"Healed","floor":11,"damage_taken":0},{"event_name":"The Mausoleum","player_choice":"Yes","floor":19,"damage_taken":0},{"event_name":"Forgotten Altar","player_choice":"Shed Blood","floor":20,"damage_taken":0}],"is_beta":false,"boss_relics":[{"not_picked":["Lizard Tail","Pandora\u0027s Box"],"picked":"Coffee Dripper"}],"items_purged_floors":[5,21],"is_endless":false,"potions_floor_spawned":[1,2,3,12,13,18,22,31],"killed_by":"Champ","ascension_level":9}