{"gold_per_floor":[115,80,98,98,108,108,143,119,145,157,187,199,239,270,282,367,379,391],"floor_reached":18,"playtime":1868,"items_purged":[],"score":281,"play_id":"4d1de21a-7c10-4607-9709-18295c6c79a0","local_time":"20190205084857","is_ascension_mode":true,"campfire_choices":[{"data":"Cold Snap","floor":6,"key":"SMITH"},{"data":"Ball Lightning","floor":10,"key":"SMITH"},{"data":"Ball Lightning","floor":12,"key":"SMITH"},{"floor":15,"key":"REST"}],"neow_cost":"NONE","seed_source_timestamp":847410781765684,"circlet_count":0,"master_deck":["AscendersBane","Strike_B","Strike_B","Strike_B","Strike_B","Defend_B","Defend_B","Defend_B","Defend_B","Zap+1","Dualcast","Coolheaded","Cold Snap","Cold Snap+1","Conserve Battery","Ball Lightning+1","Ball Lightning+1","Cold Snap","Conserve Battery","Machine Learning"],"relics":["Cracked Core","Lantern","MawBank","DataDisk","Nuclear Battery"],"potions_floor_usage":[7,13],"damage_taken":[{"damage":2,"enemies":"Jaw Worm","floor":1,"turns":3},{"damage":0,"enemies":"Small Slimes","floor":3,"turns":3},{"damage":5,"enemies":"2 Louse","floor":5,"turns":2},{"damage":18,"enemies":"Lagavulin","floor":7,"turns":7},{"damage":7,"enemies":"Red Slaver","floor":11,"turns":2},{"damage":16,"enemies":"3 Sentries","floor":13,"turns":6},{"damage":5,"enemies":"Exordium Wildlife","floor":14,"turns":3},{"damage":33,"enemies":"Hexaghost","floor":16,"turns":11},{"damage":6,"enemies":"Shell Parasite","floor":18,"turns":3}],"seed_played":"454652240550820546","potions_obtained":[{"floor":1,"key":"Regen Potion"},{"floor":5,"key":"FearPotion"}],"is_trial":false,"path_per_floor":["M","?","M","?","M","R","E","$","T","R","M","R","E","M","R","B",null,"M"],"character_chosen":"DEFECT","items_purchased":["Ball Lightning"],"campfire_rested":1,"item_purchase_floors":[8],"current_hp_per_floor":[66,75,75,75,70,70,52,52,52,52,45,45,44,39,61,28,63,57],"gold":391,"neow_bonus":"UPGRADE_CARD","is_prod":false,"is_daily":false,"chose_seed":false,"campfire_upgraded":3,"win_rate":0,"timestamp":1549352937,"path_taken":["M","?","M","?","M","R","E","$","T","R","?","R","E","M","R","BOSS","M"],"build_version":"2019-01-23","purchased_purges":0,"victory":false,"max_hp_per_floor":[75,75,75,75,75,75,75,75,75,75,75,75,75,75,75,75,75,75],"card_choices":[{"not_picked":["Beam Cell","Fusion"],"picked":"Coolheaded","floor":1},{"not_picked":["Stack","Leap"],"picked":"Cold Snap","floor":3},{"not_picked":["Go for the Eyes","Force Field"],"picked":"Cold Snap","floor":5},{"not_picked":["Coolheaded","Gash"],"picked":"Conserve Battery","floor":7},{"not_picked":["Double Energy","Sweeping Beam"],"picked":"Ball Lightning","floor":11},{"not_picked":["Hologram","Turbo"],"picked":"Cold Snap","floor":13},{"not_picked":["Streamline","Scrape"],"picked":"Conserve Battery","floor":14},{"not_picked":["Hyperbeam","Amplify"],"picked":"Machine Learning","floor":16}],"player_experience":2199281,"relics_obtained":[{"floor":7,"key":"Lantern"},{"floor":9,"key":"MawBank"},{"floor":13,"key":"DataDisk"}],"event_choices":[{"damage_healed":18,"gold_gain":0,"player_choice":"Healed","damage_taken":0,"max_hp_gain":0,"max_hp_loss":0,"event_name":"The Cleric","floor":2,"gold_loss":35},{"damage_healed":0,"gold_gain":0,"player_choice":"Ignored","damage_taken":0,"max_hp_gain":0,"max_hp_loss":0,"event_name":"Golden Wing","floor":4,"gold_loss":0}],"is_beta":false,"boss_relics":[{"not_picked":["Philosopher\u0027s Stone","Sozu"],"picked":"Nuclear Battery"}],"items_purged_floors":[],"is_endless":false,"potions_floor_spawned":[1,5],"killed_by":"Shell Parasite","ascension_level":13}