{"gold_per_floor":[117,117,127,127,146,146,175,191,215,185,185,185,214,289,289,289],"floor_reached":16,"playtime":359,"items_purged":[],"score":178,"play_id":"bb5242e4-5c85-40ed-bfab-8106e7f0f83d","local_time":"20190206212143","is_ascension_mode":true,"campfire_choices":[{"data":"Bash","floor":6.0,"key":"SMITH"},{"data":"Madness","floor":11,"key":"SMITH"},{"floor":15,"key":"REST"}],"neow_cost":"NONE","seed_source_timestamp":980401228296615,"circlet_count":0,"master_deck":["AscendersBane","Strike_R","Strike_R","Strike_R","Strike_R","Strike_R","Defend_R","Defend_R","Defend_R","Defend_R","Bash+1","Dual Wield","Madness+1","Feed","Warcry","Dropkick","Regret","Thunderclap","Shrug It Off","Pommel Strike","Iron Wave"],"special_seed":0,"relics":["Burning Blood","NeowsBlessing","PreservedInsect","Red Skull","Boot","Bag of Preparation","Turnip"],"potions_floor_usage":[7],"damage_taken":[{"damage":0.0,"enemies":"Jaw Worm","floor":1.0,"turns":1.0},{"damage":0.0,"enemies":"Cultist","floor":3.0,"turns":1.0},{"damage":0.0,"enemies":"Small Slimes","floor":5.0,"turns":1.0},{"damage":24,"enemies":"Lagavulin","floor":7,"turns":6},{"damage":22,"enemies":"Exordium Wildlife","floor":8,"turns":6},{"damage":9,"enemies":"Looter","floor":10,"turns":4},{"damage":20,"enemies":"3 Sentries","floor":13,"turns":5},{"damage":31,"enemies":"The Guardian","floor":16,"turns":4}],"seed_played":"-2888418325640546725","potions_obtained":[{"floor":5.0,"key":"Fire Potion"},{"floor":7,"key":"Weak Potion"},{"floor":8,"key":"FearPotion"}],"is_trial":false,"path_per_floor":["M","?","M","?","M","R","E","M","T","M","R","T","E","?","R","B"],"character_chosen":"IRONCLAD","items_purchased":[],"campfire_rested":1,"item_purchase_floors":[],"current_hp_per_floor":[78,78,80,80,80,80,62,49,49,46,46,46,35,24,49,18],"gold":289,"neow_bonus":"THREE_ENEMY_KILL","is_prod":false,"is_daily":false,"chose_seed":false,"campfire_upgraded":2,"win_rate":0,"timestamp":1549484503,"path_taken":["M","?","?","?","M","R","E","M","T","M","R","?","E","?","R","BOSS"],"build_version":"2019-01-23","purchased_purges":0,"victory":false,"max_hp_per_floor":[80,80,80,80,80,80,80,83,83,83,83,83,86,86,86,86],"card_choices":[{"not_picked":["Perfected Strike","Flex"],"picked":"Dual Wield","floor":1.0},{"not_picked":["Fire Breathing","Thunderclap"],"picked":"Dropkick","floor":3.0},{"not_picked":["Clash","Flex"],"picked":"Thunderclap","floor":5.0},{"not_picked":["Corruption","Rage","Clash"],"picked":"SKIP","floor":7},{"not_picked":["Pommel Strike","Warcry"],"picked":"Shrug It Off","floor":8},{"not_picked":["Body Slam","Reckless Charge"],"picked":"Pommel Strike","floor":10},{"not_picked":["Perfected Strike","Heavy Blade"],"picked":"Iron Wave","floor":13}],"player_experience":2230292,"relics_obtained":[{"floor":7,"key":"Red Skull"},{"floor":9,"key":"Boot"},{"floor":12,"key":"Bag of Preparation"},{"floor":13,"key":"Turnip"}],"event_choices":[{"damage_healed":0.0,"max_hp_gain":0.0,"max_hp_loss":0.0,"gold_gain":0.0,"event_name":"Match and Keep!","player_choice":"3 cards matched","floor":2.0,"gold_loss":0.0,"damage_taken":0.0,"cards_obtained":["Madness","Feed","Warcry"]},{"damage_healed":0.0,"max_hp_gain":0.0,"max_hp_loss":0.0,"gold_gain":0.0,"event_name":"Big Fish","player_choice":"Box","floor":4.0,"gold_loss":0.0,"damage_taken":0.0,"relics_obtained":["PreservedInsect"],"cards_obtained":["Regret"]},{"damage_healed":0,"gold_gain":75,"player_choice":"Gather Gold","damage_taken":11,"max_hp_gain":0,"max_hp_loss":0,"event_name":"World of Goop","floor":14,"gold_loss":0}],"is_beta":false,"boss_relics":[],"items_purged_floors":[],"is_endless":false,"potions_floor_spawned":[5,7,8],"killed_by":"The Guardian","ascension_level":13}