{"gold_per_floor":[18,35,35,55,71,96,96,96,150,150,150,163,198,216,216,314,314,330,330,213,227,245,245,271,271,271,306,323,323,323,338,338,438,438,458,458,109,128,148,176,176,189,189,203,203,58,58,72,72,72],"floor_reached":51,"playtime":11346,"items_purged":[],"score":1263,"play_id":"2144fa00-4a34-4d9e-82bd-5c8b1fae8d25","local_time":"20190126103526","is_ascension_mode":true,"campfire_choices":[{"data":"Zap","floor":7.0,"key":"SMITH"},{"data":"Defragment","floor":10.0,"key":"SMITH"},{"data":"Dualcast","floor":15,"key":"SMITH"},{"data":"Capacitor","floor":23,"key":"SMITH"},{"data":"Defragment","floor":25,"key":"SMITH"},{"data":"Sunder","floor":30,"key":"SMITH"},{"data":"Multi-Cast","floor":32,"key":"SMITH"},{"data":"Go for the Eyes","floor":41,"key":"SMITH"},{"data":"Force Field","floor":45,"key":"SMITH"},{"data":"Glacier","floor":47,"key":"SMITH"},{"floor":49,"key":"REST"}],"neow_cost":"NO_GOLD","seed_source_timestamp":1053860567723703,"circlet_count":0,"master_deck":["Zap+1","Dualcast+1","Capacitor+1","Undo","Defragment+1","Glacier+1","BootSequence","Go for the Eyes+1","Reboot","FTL","FTL","Multi-Cast+1","Force Field+1","Chill","Defragment+1","Sunder+1","Coolheaded+1","Barrage","Redo+1","Redo+1","Electrodynamics","Madness","Coolheaded+1"],"special_seed":0,"relics":["Cracked Core","Letter Opener","Ancient Tea Set","Omamori","Boot","Pandora\u0027s Box","Question Card","Strawberry","Dream Catcher","Darkstone Periapt","Busted Crown","Medical Kit","Anchor","Bag of Preparation","Smiling Mask","Bronze Scales"],"potions_floor_usage":[24,50,50],"damage_taken":[{"damage":2.0,"enemies":"Small Slimes","floor":1.0,"turns":3.0},{"damage":2.0,"enemies":"Jaw Worm","floor":2.0,"turns":4.0},{"damage":0.0,"enemies":"2 Louse","floor":4.0,"turns":3.0},{"damage":8.0,"enemies":"Large Slime","floor":5.0,"turns":6.0},{"damage":12.0,"enemies":"Lagavulin","floor":6.0,"turns":9.0},{"damage":0.0,"enemies":"Lots of Slimes","floor":12.0,"turns":2.0},{"damage":4.0,"enemies":"Gremlin Nob","floor":13.0,"turns":7.0},{"damage":0,"enemies":"3 Louse","floor":14,"turns":4},{"damage":0,"enemies":"The Guardian","floor":16,"turns":12},{"damage":0,"enemies":"Shell Parasite","floor":18,"turns":5},{"damage":0,"enemies":"3 Byrds","floor":21,"turns":3},{"damage":2,"enemies":"Cultist and Chosen","floor":22,"turns":6},{"damage":0,"enemies":"Gremlin Leader","floor":24,"turns":5},{"damage":0,"enemies":"Book of Stabbing","floor":27,"turns":6},{"damage":0,"enemies":"Snake Plant","floor":28,"turns":4},{"damage":0,"enemies":"Centurion and Healer","floor":31,"turns":3},{"damage":0,"enemies":"Automaton","floor":33,"turns":10},{"damage":0,"enemies":"3 Shapes","floor":35,"turns":2},{"damage":0,"enemies":"Orb Walker","floor":38,"turns":3},{"damage":10,"enemies":"Writhing Mass","floor":39,"turns":5},{"damage":0,"enemies":"Reptomancer","floor":40,"turns":5},{"damage":12,"enemies":"3 Darklings","floor":42,"turns":4},{"damage":0,"enemies":"Sphere and 2 Shapes","floor":44,"turns":3},{"damage":0,"enemies":"Jaw Worm Horde","floor":48,"turns":2},{"damage":20,"enemies":"Awakened One","floor":50,"turns":13}],"seed_played":"7057823755725561641","potions_obtained":[{"floor":1.0,"key":"Swift Potion"},{"floor":2.0,"key":"GamblersBrew"},{"floor":6.0,"key":"EssenceOfSteel"},{"floor":13.0,"key":"Energy Potion"},{"floor":27,"key":"FearPotion"},{"floor":28,"key":"LiquidBronze"}],"is_trial":false,"path_per_floor":["M","M","?","M","M","E","R","?","T","R","T","M","E","M","R","B",null,"M","?","$","M","M","R","E","R","T","E","M","?","R","M","R","B",null,"M","?","$","M","M","E","R","M","T","M","R","$","R","M","R","B",null],"character_chosen":"DEFECT","items_purchased":["Defragment","Sunder","Medical Kit","Anchor","Bronze Scales"],"campfire_rested":1,"item_purchase_floors":[20,20,37,37,46],"current_hp_per_floor":[66,64,69,69,61,49,49,49,49,49,49,49,45,45,45,45,71,71,71,71,71,69,69,76,76,76,76,76,59,59,59,59,59,84,84,84,84,84,74,74,74,62,62,62,62,62,62,62,89,69],"gold":72,"neow_bonus":"REMOVE_TWO","is_prod":false,"is_daily":false,"chose_seed":false,"campfire_upgraded":10,"win_rate":0,"timestamp":1548466526,"path_taken":["M","M","?","M","M","E","R","?","T","R","?","M","E","M","R","BOSS","M","?","$","M","M","R","E","R","T","E","M","?","R","M","R","BOSS","M","?","$","M","?","E","R","M","T","M","R","$","R","M","R","BOSS"],"build_version":"2019-01-23","purchased_purges":0,"victory":true,"max_hp_per_floor":[75,75,80,80,80,80,80,80,80,80,80,80,80,80,80,80,80,80,80,80,80,80,80,87,87,87,87,87,92,92,92,92,92,92,92,92,92,92,92,92,92,92,92,92,92,92,92,92,92,92],"card_choices":[{"not_picked":["Go for the Eyes","Streamline"],"picked":"Capacitor","floor":1.0},{"not_picked":["Turbo","Hologram"],"picked":"Undo","floor":2.0},{"not_picked":["Gash","Streamline","Blizzard"],"picked":"SKIP","floor":4.0},{"not_picked":["Undo","Streamline"],"picked":"Defragment","floor":5.0},{"not_picked":["Rebound","Sweeping Beam","Rip and Tear"],"picked":"SKIP","floor":6.0},{"not_picked":["Ball Lightning","Thunder Strike"],"picked":"Glacier","floor":12.0},{"not_picked":["Hello World","Static Discharge"],"picked":"BootSequence","floor":13.0},{"not_picked":["Coolheaded","Turbo"],"picked":"Go for the Eyes","floor":14},{"not_picked":["Rainbow","Amplify"],"picked":"Reboot","floor":16},{"not_picked":["Melter","Turbo","Stack"],"picked":"SKIP","floor":18},{"not_picked":["FTL","Rebound+1","BootSequence+1"],"picked":"Coolheaded+1","floor":21},{"not_picked":["Streamline","Beam Cell+1","Gash","Turbo"],"picked":"SKIP","floor":22},{"not_picked":["Ball Lightning+1","BootSequence+1","Streamline"],"picked":"Barrage","floor":24},{"not_picked":["Streamline+1","Lockon+1","Cold Snap"],"picked":"Redo+1","floor":27},{"not_picked":["Tempest","Turbo","Sweeping Beam","Beam Cell"],"picked":"SKIP","floor":28},{"not_picked":["Hologram","Fusion","Reboot"],"picked":"Redo+1","floor":31},{"not_picked":["Hyperbeam","Reboot","Seek"],"picked":"Electrodynamics","floor":33},{"not_picked":["Sweeping Beam","Aggregate"],"picked":"SKIP","floor":35},{"not_picked":["BootSequence+1","Storm"],"picked":"SKIP","floor":38},{"not_picked":["Steam+1","Gash"],"picked":"SKIP","floor":39},{"not_picked":["Doom and Gloom+1","Auto Shields"],"picked":"SKIP","floor":40},{"not_picked":["Fusion+1","Streamline"],"picked":"SKIP","floor":42},{"not_picked":["Undo+1"],"picked":"Coolheaded+1","floor":44},{"not_picked":["Streamline","Rip and Tear+1"],"picked":"SKIP","floor":48}],"player_experience":437581,"relics_obtained":[{"floor":6.0,"key":"Letter Opener"},{"floor":9.0,"key":"Ancient Tea Set"},{"floor":11.0,"key":"Omamori"},{"floor":13.0,"key":"Boot"},{"floor":24,"key":"Strawberry"},{"floor":26,"key":"Dream Catcher"},{"floor":27,"key":"Darkstone Periapt"},{"floor":40,"key":"Bag of Preparation"},{"floor":43,"key":"Smiling Mask"}],"event_choices":[{"damage_healed":0.0,"max_hp_gain":5.0,"max_hp_loss":0.0,"gold_gain":0.0,"event_name":"Big Fish","player_choice":"Donut","floor":3.0,"gold_loss":0.0,"damage_taken":0.0},{"cards_removed":["Strike_B"],"damage_healed":0.0,"max_hp_gain":0.0,"max_hp_loss":0.0,"gold_gain":0.0,"event_name":"Living Wall","player_choice":"Forget","floor":8.0,"gold_loss":0.0,"damage_taken":0.0},{"damage_healed":0,"gold_gain":0,"player_choice":"Opened","damage_taken":0,"relics_obtained":["Question Card"],"max_hp_gain":0,"max_hp_loss":0,"event_name":"The Mausoleum","floor":19,"gold_loss":0},{"damage_healed":0,"gold_gain":0,"player_choice":"Shed Blood","damage_taken":22,"max_hp_gain":5,"max_hp_loss":0,"event_name":"Forgotten Altar","floor":29,"gold_loss":0},{"damage_healed":0,"gold_gain":0,"player_choice":"1 cards matched","damage_taken":0,"max_hp_gain":0,"max_hp_loss":0,"event_name":"Match and Keep!","floor":36,"gold_loss":0,"cards_obtained":["Madness"]}],"is_beta":false,"boss_relics":[{"not_picked":["Inserter","Ectoplasm"],"picked":"Pandora\u0027s Box"},{"not_picked":["Astrolabe","Black Star"],"picked":"Busted Crown"}],"items_purged_floors":[],"is_endless":false,"potions_floor_spawned":[1,2,6,13,16,27,28,31,33,38,40,42,48],"ascension_level":9}