{"gold_per_floor":[361,218,236,251,251,287,302,302,327,358,358,376,400,439,439,564,564,584,598,16,39,55,55,89,89,119,394,410,444,543,584,584,584],"floor_reached":33,"playtime":3913,"items_purged":["Writhe"],"score":499,"play_id":"88310026-2960-46c8-b10d-1714585fd3cd","local_time":"20180903183725","is_ascension_mode":true,"campfire_choices":[{"data":"Footwork","floor":8.0,"key":"SMITH"},{"data":"Terror","floor":11.0,"key":"SMITH"},{"data":"Glass Knife","floor":15.0,"key":"SMITH"},{"floor":23.0,"key":"REST"},{"floor":25.0,"key":"REST"},{"floor":32,"key":"REST"}],"neow_cost":"CURSE","seed_source_timestamp":0,"circlet_count":0,"master_deck":["Defend_G","Defend_G","Defend_G","Defend_G","Defend_G","Strike_G","Strike_G","Strike_G","Strike_G","Strike_G","Survivor","Neutralize","Slice","Footwork+1","Cloak And Dagger","Terror+1","Quick Slash","Glass Knife+1","Dash","PiercingWail","Outmaneuver","Prepared","Unload","Quick Slash","Setup+1","Venomology","Cloak And Dagger+1","Flying Knee+1","Slice+1","Cloak And Dagger","Flechettes+1","Sucker Punch+1"],"special_seed":0,"relics":["Ring of the Serpent","Golden Idol","Potion Belt","Bag of Marbles","Snake Skull","Smiling Mask","Strange Spoon","Thread and Needle","Omamori","Tiny Chest","Mango","Vajra"],"potions_floor_usage":[31,33,33],"damage_taken":[{"damage":4.0,"enemies":"Jaw Worm","floor":1.0,"turns":6.0},{"damage":0.0,"enemies":"Small Slimes","floor":3.0,"turns":5.0},{"damage":0.0,"enemies":"Cultist","floor":4.0,"turns":4.0},{"damage":7.0,"enemies":"Gremlin Nob","floor":6.0,"turns":5.0},{"damage":4.0,"enemies":"Red Slaver","floor":7.0,"turns":5.0},{"damage":5.0,"enemies":"3 Sentries","floor":10.0,"turns":9.0},{"damage":1.0,"enemies":"Looter","floor":12.0,"turns":3.0},{"damage":0.0,"enemies":"Large Slime","floor":13.0,"turns":5.0},{"damage":9.0,"enemies":"Lagavulin","floor":14.0,"turns":9.0},{"damage":15.0,"enemies":"Hexaghost","floor":16.0,"turns":11.0},{"damage":0.0,"enemies":"Shell Parasite","floor":18.0,"turns":5.0},{"damage":15.0,"enemies":"Spheric Guardian","floor":19.0,"turns":4.0},{"damage":11.0,"enemies":"Snecko","floor":21.0,"turns":9.0},{"damage":4.0,"enemies":"Centurion and Healer","floor":22.0,"turns":9.0},{"damage":8.0,"enemies":"Slavers","floor":24.0,"turns":8.0},{"damage":0.0,"enemies":"Chosen and Byrds","floor":28.0,"turns":6.0},{"damage":12.0,"enemies":"Book of Stabbing","floor":29.0,"turns":6.0},{"damage":38,"enemies":"Slavers","floor":31,"turns":8},{"damage":10,"enemies":"Champ","floor":33,"turns":9}],"seed_played":"5748142669271007627","potions_obtained":[{"floor":4.0,"key":"Block Potion"},{"floor":6.0,"key":"Regen Potion"},{"floor":7.0,"key":"PowerPotion"},{"floor":10.0,"key":"SkillPotion"},{"floor":14.0,"key":"SkillPotion"},{"floor":19.0,"key":"Dexterity Potion"},{"floor":24.0,"key":"PowerPotion"}],"is_trial":false,"path_per_floor":["M","$","M","M","?","E","M","R","T","E","R","M","M","E","R","B",null,"M","M","$","M","M","R","E","R","T","?","M","E","?","E","R"],"character_chosen":"THE_SILENT","items_purchased":["Footwork","Venomology","Strange Spoon","Thread and Needle"],"campfire_rested":3,"item_purchase_floors":[2,20,20,20],"current_hp_per_floor":[59,59,59,59,59,52,48,48,48,58,58,57,57,48,48,33,57,57,42,42,31,27,46,38,57,57,57,57,59,59,21,44,34],"gold":584,"neow_bonus":"TWO_FIFTY_GOLD","is_prod":false,"is_daily":false,"chose_seed":false,"campfire_upgraded":3,"win_rate":0,"timestamp":1535992645,"path_taken":["M","$","M","M","?","E","M","R","T","E","R","M","M","E","R","BOSS","M","M","$","M","M","R","E","R","T","?","?","E","?","E","R","BOSS"],"build_version":"2018-08-30","purchased_purges":1,"victory":false,"max_hp_per_floor":[70,70,70,70,65,65,65,65,65,65,65,65,65,65,65,65,65,65,65,65,65,65,65,65,65,65,65,65,79,79,79,79,79],"card_choices":[{"not_picked":["Backflip","Blade Dance"],"picked":"Slice","floor":1.0},{"not_picked":["Dagger Spray","PiercingWail"],"picked":"Cloak And Dagger","floor":3.0},{"not_picked":["Slice","Backflip"],"picked":"Terror","floor":4.0},{"not_picked":["Backstab","Heel Hook"],"picked":"Quick Slash","floor":6.0},{"not_picked":["Acrobatics","Deadly Poison"],"picked":"Glass Knife","floor":7.0},{"not_picked":["Terror","Backflip"],"picked":"Dash","floor":10.0},{"not_picked":["Eviscerate","Setup"],"picked":"PiercingWail","floor":12.0},{"not_picked":["Tactician","Bane"],"picked":"Outmaneuver","floor":13.0},{"not_picked":["Flechettes","Concentrate"],"picked":"Prepared","floor":14.0},{"not_picked":["Tools of the Trade","Night Terror"],"picked":"Unload","floor":16.0},{"not_picked":["Acrobatics","Blade Dance"],"picked":"Quick Slash","floor":18.0},{"not_picked":["Endless Agony+1","Blur"],"picked":"Setup+1","floor":19.0},{"not_picked":["Tactician","Quick Slash"],"picked":"Cloak And Dagger+1","floor":21.0},{"not_picked":["Slice","Leg Sweep"],"picked":"Flying Knee+1","floor":22.0},{"not_picked":["Sucker Punch","Grand Finale"],"picked":"Slice+1","floor":24.0},{"not_picked":["Underhanded Strike+1","Reflex"],"picked":"Cloak And Dagger","floor":28.0},{"not_picked":["Calculated Gamble","Cloak And Dagger"],"picked":"Flechettes+1","floor":29.0},{"not_picked":["Malaise","Acrobatics"],"picked":"Sucker Punch+1","floor":31}],"player_experience":960782,"relics_obtained":[{"floor":6.0,"key":"Potion Belt"},{"floor":9.0,"key":"Bag of Marbles"},{"floor":10.0,"key":"Snake Skull"},{"floor":14.0,"key":"Smiling Mask"},{"floor":24.0,"key":"Omamori"},{"floor":26.0,"key":"Tiny Chest"},{"floor":29.0,"key":"Mango"},{"floor":31,"key":"Vajra"}],"event_choices":[{"event_name":"Golden Idol","player_choice":"Lose Max HP","floor":5.0,"damage_taken":0.0},{"event_name":"Golden Shrine","player_choice":"Desecrate","floor":27.0,"damage_taken":0.0},{"event_name":"Nest","player_choice":"Stole From Cult","floor":30,"damage_taken":0}],"is_beta":false,"boss_relics":[{"not_picked":["WristBlade","Tiny House"],"picked":"Ring of the Serpent"}],"items_purged_floors":[2],"is_endless":false,"potions_floor_spawned":[4,6,7,10,14,19,24],"killed_by":"Champ","ascension_level":9}