{"gold_per_floor":[113,113,124,74,6,31,43,43,66,66],"floor_reached":10,"playtime":9808,"items_purged":[],"score":112,"play_id":"43b99359-34c6-43a6-b6a6-1ce3f0b3298d","local_time":"20190220171921","is_ascension_mode":true,"campfire_choices":[],"neow_cost":"PERCENT_DAMAGE","seed_source_timestamp":160115772596604,"circlet_count":0,"master_deck":["AscendersBane","Strike_R","Strike_R","Strike_R","Strike_R","Defend_R","Defend_R","Defend_R","Defend_R","Bash","Inflame","Corruption","Whirlwind","Shockwave"],"special_seed":0,"relics":["Burning Blood","Mango","Bronze Scales","Boot"],"potions_floor_usage":[],"damage_taken":[{"damage":14.0,"enemies":"Small Slimes","floor":1.0,"turns":4.0},{"damage":1.0,"enemies":"Cultist","floor":3.0,"turns":3.0},{"damage":30.0,"enemies":"3 Sentries","floor":6.0,"turns":5.0},{"damage":11.0,"enemies":"2 Louse","floor":7.0,"turns":2.0},{"damage":24,"enemies":"Gremlin Nob","floor":10,"turns":4}],"seed_played":"-5677551011776298264","potions_obtained":[],"is_trial":false,"path_per_floor":["M","?","M","?","$","E","M","?","T","E"],"character_chosen":"IRONCLAD","items_purchased":["Whirlwind"],"campfire_rested":0,"item_purchase_floors":[5],"current_hp_per_floor":[56,56,61,61,61,37,32,32,32,8],"gold":66,"neow_bonus":"ONE_RARE_RELIC","is_prod":false,"is_daily":false,"chose_seed":false,"campfire_upgraded":0,"win_rate":0,"timestamp":1550704761,"path_taken":["M","?","?","?","$","E","M","?","T","E"],"build_version":"2019-01-23","purchased_purges":0,"victory":false,"max_hp_per_floor":[89,89,89,89,89,89,89,89,89,89],"card_choices":[{"not_picked":["Headbutt","Spot Weakness"],"picked":"Inflame","floor":1.0},{"not_picked":["Inflame","Iron Wave"],"picked":"Corruption","floor":3.0},{"not_picked":["Wild Strike","Clash"],"picked":"Shockwave","floor":6.0},{"not_picked":["Wild Strike","Shockwave","Anger"],"picked":"SKIP","floor":7.0}],"player_experience":453955,"relics_obtained":[{"floor":6.0,"key":"Bronze Scales"},{"floor":9.0,"key":"Boot"}],"event_choices":[{"damage_healed":0.0,"max_hp_gain":0.0,"max_hp_loss":0.0,"gold_gain":0.0,"event_name":"The Woman in Blue","player_choice":"Bought 0 Potions","floor":2.0,"gold_loss":0.0,"damage_taken":0.0},{"cards_removed":["Strike_R"],"damage_healed":0.0,"max_hp_gain":0.0,"max_hp_loss":0.0,"gold_gain":0.0,"event_name":"The Cleric","player_choice":"Card Removal","floor":4.0,"gold_loss":50.0,"damage_taken":0.0},{"damage_healed":0.0,"max_hp_gain":0.0,"max_hp_loss":0.0,"gold_gain":0.0,"event_name":"Golden Idol","player_choice":"Ignored","floor":8.0,"gold_loss":0.0,"damage_taken":0.0}],"is_beta":false,"boss_relics":[],"items_purged_floors":[],"is_endless":false,"potions_floor_spawned":[],"killed_by":"Gremlin Nob","ascension_level":14}