{"gold_per_floor":[113,113,128,14,14,44,44,100,147,147,178,196,223,203],"floor_reached":14,"playtime":325,"items_purged":[],"score":262,"play_id":"0862a617-4744-4f31-9809-5355edb59deb","local_time":"20181218164448","is_ascension_mode":true,"campfire_choices":[{"data":"Zap","floor":7.0,"key":"SMITH"},{"floor":10,"key":"REST"}],"neow_cost":"NONE","seed_source_timestamp":61690660067733,"circlet_count":0,"master_deck":["AscendersBane","Strike_B","Strike_B","Strike_B","Strike_B","Defend_B","Defend_B","Defend_B","Defend_B","Zap+1","Dualcast","Doom and Gloom","Streamline","Ball Lightning","Compile Driver","Conserve Battery","Machine Learning","Sunder","Ball Lightning","Defragment"],"special_seed":0,"relics":["Cracked Core","NeowsBlessing","Dodecahedron","Happy Flower","Prayer Wheel","Smiling Mask","Darkstone Periapt"],"potions_floor_usage":[11],"damage_taken":[{"damage":0.0,"enemies":"2 Louse","floor":1.0,"turns":1.0},{"damage":0.0,"enemies":"Small Slimes","floor":3.0,"turns":1.0},{"damage":0.0,"enemies":"Gremlin Nob","floor":6.0,"turns":1.0},{"damage":31.0,"enemies":"Lagavulin Event","floor":8.0,"turns":4.0},{"damage":18,"enemies":"3 Sentries","floor":11,"turns":3},{"damage":0,"enemies":"Cultist","floor":12,"turns":3},{"damage":20,"enemies":"Lagavulin","floor":13,"turns":5},{"damage":6,"enemies":"Looter","floor":14,"turns":1}],"seed_played":"-3755568470139673933","potions_obtained":[{"floor":1.0,"key":"SkillPotion"},{"floor":11,"key":"FocusPotion"}],"is_trial":false,"path_per_floor":["M","?","M","$","?","E","R","?","T","R","E","M","E","M"],"character_chosen":"DEFECT","items_purchased":["Ball Lightning","Explosive Potion"],"campfire_rested":1,"item_purchase_floors":[4,4],"current_hp_per_floor":[64,53,53,53,53,53,53,22,22,43,25,25,5,0],"gold":203,"neow_bonus":"THREE_ENEMY_KILL","is_prod":false,"is_daily":false,"chose_seed":false,"campfire_upgraded":1,"win_rate":0,"timestamp":1545169488,"path_taken":["M","?","M","$","?","E","R","?","T","R","E","M","E","M"],"build_version":"2018-12-17","purchased_purges":0,"victory":false,"max_hp_per_floor":[71,71,71,71,71,71,71,71,71,71,71,71,71,71],"card_choices":[{"not_picked":["Scrape","Leap"],"picked":"Doom and Gloom","floor":1.0},{"not_picked":["Leap","Sweeping Beam"],"picked":"Streamline","floor":3.0},{"not_picked":["Doom and Gloom","Compile Driver","Turbo"],"picked":"SKIP","floor":6.0},{"not_picked":["Doom and Gloom","Turbo"],"picked":"Compile Driver","floor":6.0},{"not_picked":["Doom and Gloom","Leap"],"picked":"Conserve Battery","floor":8.0},{"not_picked":["Loop","Stack"],"picked":"Machine Learning","floor":11},{"not_picked":["Steam","Cold Snap"],"picked":"Sunder","floor":12},{"not_picked":["Leap","Conserve Battery"],"picked":"Ball Lightning","floor":12},{"not_picked":["Aggregate","Hologram"],"picked":"Defragment","floor":13}],"player_experience":1267423,"relics_obtained":[{"floor":6.0,"key":"Happy Flower"},{"floor":8.0,"key":"Prayer Wheel"},{"floor":11,"key":"Smiling Mask"},{"floor":13,"key":"Darkstone Periapt"}],"event_choices":[{"damage_healed":0.0,"max_hp_gain":0.0,"max_hp_loss":0.0,"gold_gain":0.0,"event_name":"Scrap Ooze","player_choice":"Success","floor":2.0,"gold_loss":0.0,"damage_taken":11.0,"relics_obtained":["Dodecahedron"]},{"damage_healed":0.0,"max_hp_gain":0.0,"max_hp_loss":0.0,"gold_gain":0.0,"event_name":"The Cleric","player_choice":"Leave","floor":5.0,"gold_loss":0.0,"damage_taken":0.0},{"damage_healed":0.0,"max_hp_gain":0.0,"max_hp_loss":0.0,"gold_gain":0.0,"event_name":"Dead Adventurer","player_choice":"Searched \u00271\u0027 times","floor":8.0,"gold_loss":0.0,"damage_taken":0.0}],"is_beta":true,"boss_relics":[],"items_purged_floors":[],"is_endless":false,"potions_floor_spawned":[1,11],"killed_by":"Looter","ascension_level":20}