{"gold_per_floor":[109,109,109,133,151,151,182,32,32,32,32,50,68,91,91,216,216,241,256,272,17,17,57,0,15,38,61,61],"floor_reached":28,"playtime":2482,"items_purged":["Strike_R","Strike_R"],"score":412,"play_id":"9fc318fa-fb52-4a65-9f47-e3364cbe937d","local_time":"20190123212842","is_ascension_mode":true,"campfire_choices":[{"data":"Dropkick","floor":6,"key":"SMITH"},{"floor":15,"key":"REST"}],"neow_cost":"NONE","seed_source_timestamp":12962857910931932,"circlet_count":0,"master_deck":["AscendersBane","Defend_R","Defend_R","Defend_R","Defend_R","Bash+1","Dropkick+1","Power Through","Ghostly Armor","Second Wind","Ghostly Armor","Reaper","Thunderclap","Flame Barrier","Bite","Bite","Bite","Bite","Bite"],"relics":["Burning Blood","Bronze Scales","Golden Idol","Frozen Egg 2","Lantern","Snecko Eye","Smiling Mask","Strawberry"],"potions_floor_usage":[7,7,12,14,16,27,28,28],"damage_taken":[{"damage":6,"enemies":"Jaw Worm","floor":1,"turns":5},{"damage":5,"enemies":"Small Slimes","floor":4,"turns":4},{"damage":9,"enemies":"2 Louse","floor":5,"turns":2},{"damage":35,"enemies":"Lagavulin","floor":7,"turns":6},{"damage":5,"enemies":"Gremlin Gang","floor":12,"turns":4},{"damage":22,"enemies":"Exordium Wildlife","floor":13,"turns":6},{"damage":0,"enemies":"Looter","floor":14,"turns":4},{"damage":31,"enemies":"Slime Boss","floor":16,"turns":16},{"damage":21,"enemies":"Chosen","floor":18,"turns":6},{"damage":14,"enemies":"Shell Parasite","floor":19,"turns":6},{"damage":15,"enemies":"3 Cultists","floor":20,"turns":7},{"damage":66,"enemies":"Book of Stabbing","floor":23,"turns":6},{"damage":28,"enemies":"Chosen and Byrds","floor":25,"turns":9},{"damage":45,"enemies":"Cultist and Chosen","floor":27,"turns":8},{"damage":76,"enemies":"Gremlin Leader","floor":28,"turns":9}],"seed_played":"195778180053546559","potions_obtained":[{"floor":1,"key":"Swift Potion"},{"floor":5,"key":"Ancient Potion"},{"floor":7,"key":"PowerPotion"},{"floor":13,"key":"EssenceOfSteel"},{"floor":14,"key":"Dexterity Potion"},{"floor":16,"key":"BloodPotion"},{"floor":20,"key":"FearPotion"},{"floor":25,"key":"Strength Potion"},{"floor":27,"key":"Fire Potion"}],"is_trial":false,"path_per_floor":["?","?","M","?","?","M","?","?"],"character_chosen":"IRONCLAD","items_purchased":["Second Wind","Blood Vial"],"campfire_rested":1,"item_purchase_floors":[8,21],"current_hp_per_floor":[72,77,56,57,54,54,25,25,25,25,25,26,10,16,41,16,68,57,55,60,60,60,20,20,20,27,25,0],"gold":61,"neow_bonus":"RANDOM_COMMON_RELIC","is_prod":false,"is_daily":false,"chose_seed":false,"campfire_upgraded":1,"win_rate":0,"timestamp":1548275322,"path_taken":["M","?","?","M","?","R","E","$","T","?","?","M","M","?","R","BOSS","M","M","M","$","?","E","?","M","T","M","E"],"build_version":"2019-01-23","purchased_purges":2,"victory":false,"max_hp_per_floor":[80,85,85,85,85,85,85,85,85,85,85,85,85,85,85,85,85,85,85,85,85,85,85,85,85,92,92,92],"card_choices":[{"not_picked":["Ghostly Armor","Clothesline"],"picked":"Dropkick","floor":1},{"not_picked":["Dual Wield","Body Slam","Sever Soul"],"picked":"SKIP","floor":4},{"not_picked":["Heavy Blade","Perfected Strike"],"picked":"Power Through","floor":5},{"not_picked":["Hemokinesis","Headbutt"],"picked":"Ghostly Armor","floor":7},{"not_picked":["Power Through","Pommel Strike","Heavy Blade"],"picked":"SKIP","floor":12},{"not_picked":["Headbutt","Thunderclap"],"picked":"Ghostly Armor","floor":13},{"not_picked":["Cleave","Sword Boomerang","Sever Soul"],"picked":"SKIP","floor":14},{"not_picked":["Brutality+1","Impervious"],"picked":"Reaper","floor":16},{"not_picked":["Burning Pact","Twin Strike"],"picked":"Thunderclap","floor":18},{"not_picked":["Thunderclap","True Grit","Sword Boomerang+1"],"picked":"SKIP","floor":19},{"not_picked":["Disarm","Combust+1"],"picked":"Flame Barrier","floor":20},{"not_picked":["Intimidate","Flex+1","Double Tap"],"picked":"SKIP","floor":23},{"not_picked":["Seeing Red","Anger+1","Searing Blow"],"picked":"SKIP","floor":25},{"not_picked":["Anger","Intimidate","Twin Strike"],"picked":"SKIP","floor":27}],"player_experience":305783,"relics_obtained":[{"floor":7,"key":"Frozen Egg 2"},{"floor":9,"key":"Lantern"},{"floor":23,"key":"Smiling Mask"},{"floor":26,"key":"Strawberry"}],"event_choices":[{"damage_healed":0,"gold_gain":0,"player_choice":"Donut","damage_taken":0,"max_hp_gain":5,"max_hp_loss":0,"event_name":"Big Fish","floor":2,"gold_loss":0},{"damage_healed":0,"gold_gain":0,"player_choice":"Take Damage","damage_taken":21,"relics_obtained":["Golden Idol"],"max_hp_gain":0,"max_hp_loss":0,"event_name":"Golden Idol","floor":3,"gold_loss":0},{"damage_healed":0,"gold_gain":0,"player_choice":"Ignored","damage_taken":0,"max_hp_gain":0,"max_hp_loss":0,"event_name":"Liars Game","floor":10,"gold_loss":0},{"damage_healed":0,"gold_gain":0,"player_choice":"Upgraded","damage_taken":0,"max_hp_gain":0,"max_hp_loss":0,"event_name":"Upgrade Shrine","floor":11,"gold_loss":0,"cards_upgraded":["Bash"]},{"damage_healed":0,"gold_gain":0,"player_choice":"Became a vampire (Vial)","damage_taken":0,"max_hp_gain":0,"max_hp_loss":0,"event_name":"Vampires","floor":22,"relics_lost":["Blood Vial"],"gold_loss":0,"cards_obtained":["Bite","Bite","Bite","Bite","Bite"]},{"damage_healed":0,"gold_gain":0,"player_choice":"Paid Fearfully","damage_taken":0,"max_hp_gain":0,"max_hp_loss":0,"event_name":"Masked Bandits","floor":24,"gold_loss":57}],"is_beta":false,"boss_relics":[{"not_picked":["Busted Crown","Eternal Feather"],"picked":"Snecko Eye"}],"items_purged_floors":[8,21],"is_endless":false,"potions_floor_spawned":[1,5,7,13,14,16,20,25,27],"killed_by":"Gremlin Leader","ascension_level":12}