{"gold_per_floor":[114,114,77,77,96,125,137,137,163,74,74,92,102,62,62,62],"floor_reached":16,"playtime":2506,"items_purged":[],"score":188,"play_id":"4c12caee-c689-4a81-abff-11f28bc97378","local_time":"20181201082111","is_ascension_mode":true,"campfire_choices":[{"data":"Discovery","floor":11,"key":"SMITH"},{"data":"Poisoned Stab","floor":15,"key":"SMITH"}],"neow_cost":"NONE","seed_source_timestamp":1160524443310449,"circlet_count":0,"master_deck":["AscendersBane","Defend_G","Defend_G","Defend_G","Defend_G","Defend_G","Strike_G+1","Strike_G","Strike_G","Strike_G","Strike_G","Survivor+1","Neutralize","Backflip","Distraction+1","Deadly Poison","Poisoned Stab+1","Calculated Gamble","Discovery+1","Calculated Gamble","Predator"],"relics":["Ring of the Snake","NeowsBlessing","Dodecahedron","Blue Candle","Snake Skull"],"potions_floor_usage":[7],"damage_taken":[{"damage":0,"enemies":"Jaw Worm","floor":1,"turns":1},{"damage":0,"enemies":"2 Louse","floor":5,"turns":1},{"damage":0,"enemies":"Lagavulin","floor":6,"turns":1},{"damage":0,"enemies":"Cultist","floor":7,"turns":4},{"damage":0,"enemies":"Looter","floor":12,"turns":4},{"damage":20,"enemies":"Exordium Thugs","floor":13,"turns":4},{"damage":1,"enemies":"Slime Boss","floor":16,"turns":3}],"seed_played":"244426217199453486","potions_obtained":[{"floor":6,"key":"Regen Potion"},{"floor":13,"key":"FearPotion"},{"floor":14,"key":"Strength Potion"},{"floor":14,"key":"Regen Potion"}],"is_trial":false,"path_per_floor":["M","?","$","?","M","E","M","T","T","$","R","M","M","?","R","B"],"character_chosen":"THE_SILENT","items_purchased":["Distraction","Discovery"],"campfire_rested":0,"item_purchase_floors":[3,10],"current_hp_per_floor":[63,49,49,49,49,49,63,63,63,63,63,63,43,43,43,42],"gold":62,"neow_bonus":"THREE_ENEMY_KILL","is_prod":false,"is_daily":false,"chose_seed":false,"campfire_upgraded":2,"win_rate":0,"timestamp":1543648871,"path_taken":["M","?","$","?","M","E","M","?","T","?","R","M","M","?","R","BOSS"],"build_version":"2018-11-15","purchased_purges":0,"victory":false,"max_hp_per_floor":[70,70,70,70,70,70,70,70,70,70,70,70,70,70,70,70],"card_choices":[{"not_picked":["Bane","Outmaneuver"],"picked":"Backflip","floor":1},{"not_picked":["Backflip","PiercingWail"],"picked":"Deadly Poison","floor":5},{"not_picked":["Concentrate","Sucker Punch"],"picked":"Poisoned Stab","floor":6},{"not_picked":["Outmaneuver","Finisher"],"picked":"Calculated Gamble","floor":7},{"not_picked":["Dagger Spray","Expertise"],"picked":"Calculated Gamble","floor":12},{"not_picked":["Acrobatics","Slice"],"picked":"Predator","floor":13}],"player_experience":1463315,"relics_obtained":[{"floor":6,"key":"Dodecahedron"},{"floor":8,"key":"Blue Candle"},{"floor":9,"key":"Snake Skull"}],"event_choices":[{"damage_healed":0,"gold_gain":0,"player_choice":"Entered Light","damage_taken":14,"max_hp_gain":0,"max_hp_loss":0,"event_name":"Shining Light","floor":2,"gold_loss":0,"cards_upgraded":["Survivor","Strike_G"]},{"damage_healed":0,"gold_gain":0,"player_choice":"Grow","damage_taken":0,"max_hp_gain":0,"max_hp_loss":0,"event_name":"Living Wall","floor":4,"gold_loss":0,"cards_upgraded":["Distraction"]},{"damage_healed":0,"gold_gain":0,"player_choice":"Bought 3 Potions","damage_taken":0,"max_hp_gain":0,"max_hp_loss":0,"event_name":"The Woman in Blue","floor":14,"gold_loss":0}],"is_beta":false,"boss_relics":[],"items_purged_floors":[],"is_endless":false,"potions_floor_spawned":[6,13],"killed_by":"Slime Boss","ascension_level":10}