{"gold_per_floor":[109,128,128,128,147,147,165,165,165,165,185,185,218,9,9,140,140,159,182,198,123,123,123,123],"floor_reached":24,"playtime":1071,"items_purged":["Normality"],"score":270,"play_id":"97bb6b54-ee1d-4b84-8193-ad715020cea7","local_time":"20190219201943","is_ascension_mode":true,"campfire_choices":[{"data":"Searing Blow","floor":6,"key":"SMITH"},{"data":"Bash","floor":8,"key":"SMITH"},{"data":"Searing Blow+1","floor":12,"key":"SMITH"},{"floor":15,"key":"REST"},{"data":"Searing Blow+2","floor":23,"key":"SMITH"}],"neow_cost":"NONE","seed_source_timestamp":730334535905396,"circlet_count":0,"master_deck":["Strike_R+1","Strike_R","Strike_R","Strike_R","Defend_R","Defend_R","Defend_R","Defend_R","Bash+1","Feed","Searing Blow+3","Armaments","Immolate+1","Double Tap+1","Writhe","Injury"],"relics":["Burning Blood","Golden Idol","Bronze Scales","Toxic Egg 2","Whetstone","Calling Bell","Orichalcum","Gremlin Horn","Ice Cream"],"potions_floor_usage":[13,16,16],"damage_taken":[{"damage":1,"enemies":"2 Louse","floor":1,"turns":3},{"damage":7,"enemies":"Jaw Worm","floor":2,"turns":3},{"damage":10,"enemies":"Cultist","floor":5,"turns":5},{"damage":14,"enemies":"Exordium Thugs","floor":7,"turns":5},{"damage":27,"enemies":"Lots of Slimes","floor":11,"turns":4},{"damage":25,"enemies":"3 Sentries","floor":13,"turns":8},{"damage":21,"enemies":"Hexaghost","floor":16,"turns":9},{"damage":20,"enemies":"Spheric Guardian","floor":18,"turns":4},{"damage":22,"enemies":"3 Byrds","floor":19,"turns":3},{"damage":37,"enemies":"Sentry and Sphere","floor":20,"turns":6},{"damage":17,"enemies":"3 Cultists","floor":24,"turns":4}],"seed_played":"-4818454496802485060","potions_obtained":[{"floor":1,"key":"AttackPotion"},{"floor":7,"key":"SpeedPotion"},{"floor":13,"key":"LiquidBronze"},{"floor":20,"key":"FearPotion"}],"is_trial":false,"path_per_floor":["M","M","?","?","M","R","M","R","T","?","M","R","E","$","R","B",null,"M","M","M","$","?","R","M"],"character_chosen":"IRONCLAD","items_purchased":["Whetstone","PowerPotion"],"campfire_rested":1,"item_purchase_floors":[14,14],"current_hp_per_floor":[83,85,85,64,64,64,59,59,59,59,41,41,22,22,50,35,81,67,54,23,23,14,14,0],"gold":123,"neow_bonus":"ONE_RANDOM_RARE_CARD","is_prod":false,"is_daily":false,"chose_seed":false,"campfire_upgraded":4,"win_rate":0,"timestamp":1550636383,"path_taken":["M","M","?","?","M","R","M","R","T","?","?","R","E","?","R","BOSS","M","?","M","$","?","R","M"],"build_version":"2019-01-23","purchased_purges":1,"victory":false,"max_hp_per_floor":[83,86,86,86,90,90,93,93,93,93,96,96,96,96,96,96,96,96,99,99,99,99,99,99],"card_choices":[{"not_picked":["Sentinel","Clothesline"],"picked":"Searing Blow","floor":1},{"not_picked":["Thunderclap","Anger"],"picked":"Armaments","floor":2},{"not_picked":["Limit Break","Pommel Strike","Entrench"],"picked":"SKIP","floor":5},{"not_picked":["True Grit","Heavy Blade","Armaments"],"picked":"SKIP","floor":7},{"not_picked":["Wild Strike","Rage","Headbutt"],"picked":"SKIP","floor":11},{"not_picked":["Heavy Blade","Clash"],"picked":"Immolate","floor":13},{"not_picked":["Feed","Demon Form"],"picked":"Double Tap+1","floor":16},{"not_picked":["Uppercut","Flex+1","Wild Strike"],"picked":"SKIP","floor":18},{"not_picked":["Body Slam","Havoc+1","Carnage+1"],"picked":"SKIP","floor":19},{"not_picked":["Iron Wave+1","Searing Blow","Juggernaut"],"picked":"SKIP","floor":20}],"player_experience":191694,"relics_obtained":[{"floor":9,"key":"Bronze Scales"},{"floor":13,"key":"Toxic Egg 2"},{"floor":17,"key":"Orichalcum"},{"floor":17,"key":"Gremlin Horn"},{"floor":17,"key":"Ice Cream"}],"event_choices":[{"damage_healed":0,"gold_gain":0,"player_choice":"Ignored","damage_taken":0,"max_hp_gain":0,"max_hp_loss":0,"event_name":"Liars Game","floor":3,"gold_loss":0},{"damage_healed":0,"gold_gain":0,"player_choice":"Take Damage","damage_taken":21,"relics_obtained":["Golden Idol"],"max_hp_gain":0,"max_hp_loss":0,"event_name":"Golden Idol","floor":4,"gold_loss":0},{"cards_removed":["Strike_R"],"damage_healed":0,"gold_gain":0,"player_choice":"Offered Basic","damage_taken":0,"max_hp_gain":0,"max_hp_loss":0,"event_name":"Bonfire Elementals","floor":10,"gold_loss":0},{"damage_healed":0,"gold_gain":0,"player_choice":"Damaged","damage_taken":9,"max_hp_gain":0,"max_hp_loss":0,"event_name":"Wheel of Change","floor":22,"gold_loss":0}],"is_beta":false,"boss_relics":[{"not_picked":["Snecko Eye","Runic Cube"],"picked":"Calling Bell"}],"items_purged_floors":[21],"is_endless":false,"potions_floor_spawned":[1,7,13,20],"killed_by":"3 Cultists","ascension_level":5}