{"gold_per_floor":[118,38,38,49,0,29,29,63,63,74,74,105,116,134,134,233,233,249,174,124,223,237,237,237,237,237,252,272,302,262,83,83,83],"floor_reached":33,"playtime":1396,"items_purged":["Shame","Pain"],"score":447,"play_id":"d827d7b8-767f-40e9-ad5b-daef685c0956","local_time":"20180818185824","is_ascension_mode":true,"campfire_choices":[{"data":"Blade Dance","floor":7.0,"key":"SMITH"},{"floor":11.0,"key":"REST"},{"data":"Footwork","floor":15.0,"key":"SMITH"},{"data":"Storm of Steel","floor":23.0,"key":"SMITH"},{"data":"Cloak And Dagger","floor":25.0,"key":"SMITH"},{"floor":32,"key":"REST"}],"neow_cost":"NONE","seed_source_timestamp":0,"circlet_count":0,"master_deck":["Defend_G","Defend_G","Defend_G","Defend_G","Defend_G","Strike_G","Strike_G","Strike_G","Strike_G","Strike_G","Survivor","Neutralize","Backstab","Slice","Distraction+1","Blade Dance+1","Dodge and Roll","Glass Knife","Cloak And Dagger","Blur","Cloak And Dagger+1","Footwork+1","Storm of Steel+1","Shame","Well Laid Plans","Backflip","Distraction","Dash+1","Dodge and Roll+1","Infinite Blades"],"special_seed":0,"relics":["WristBlade","Boot","Centennial Puzzle","Meat on the Bone","Ancient Tea Set","Calling Bell","Oddly Smooth Stone","Question Card","Sundial","Vajra","Juzu Bracelet"],"potions_floor_usage":[28,29,29,29,33,33,33,33,33],"damage_taken":[{"damage":2.0,"enemies":"Jaw Worm","floor":1.0,"turns":4.0},{"damage":0.0,"enemies":"Small Slimes","floor":4.0,"turns":3.0},{"damage":4.0,"enemies":"Gremlin Nob","floor":6.0,"turns":3.0},{"damage":42.0,"enemies":"Lagavulin","floor":8.0,"turns":7.0},{"damage":0.0,"enemies":"Cultist","floor":10.0,"turns":2.0},{"damage":0.0,"enemies":"Gremlin Nob","floor":12.0,"turns":2.0},{"damage":5.0,"enemies":"Lots of Slimes","floor":13.0,"turns":3.0},{"damage":4.0,"enemies":"Red Slaver","floor":14.0,"turns":2.0},{"damage":11.0,"enemies":"The Guardian","floor":16.0,"turns":16.0},{"damage":7.0,"enemies":"3 Byrds","floor":18.0,"turns":4.0},{"damage":7.0,"enemies":"Chosen","floor":22.0,"turns":3.0},{"damage":11,"enemies":"Snake Plant","floor":27,"turns":4},{"damage":16,"enemies":"Snecko","floor":28,"turns":4},{"damage":15,"enemies":"Gremlin Leader","floor":29,"turns":5},{"damage":22,"enemies":"Automaton","floor":33,"turns":10}],"seed_played":"-9174212610295648460","potions_obtained":[{"floor":6.0,"key":"Energy Potion"},{"floor":8.0,"key":"Strength Potion"},{"floor":10.0,"key":"AttackPotion"},{"floor":12.0,"key":"EssenceOfSteel"},{"floor":27,"key":"SteroidPotion"},{"floor":30,"key":"EntropicBrew"},{"floor":30,"key":"SteroidPotion"},{"floor":30,"key":"SpeedPotion"}],"is_trial":false,"path_per_floor":["M","$","?","M","$","E","R","E","T","M","R","E","M","M","R","B",null,"M","$","?","?","M","R","?","R","T","M","M","E","?","$","R"],"character_chosen":"THE_SILENT","items_purchased":["Slice","Distraction","Strength Potion","Infinite Blades"],"campfire_rested":2,"item_purchase_floors":[2,2,5,31],"current_hp_per_floor":[61,61,61,61,61,57,57,15,15,27,48,48,43,39,39,40,63,56,56,56,56,49,49,36,36,36,37,33,30,30,30,52,30],"gold":83,"neow_bonus":"BOSS_RELIC","is_prod":false,"is_daily":false,"chose_seed":false,"campfire_upgraded":4,"win_rate":0,"timestamp":1534611504,"path_taken":["M","$","?","?","?","E","R","E","T","M","R","E","M","?","R","BOSS","M","$","?","?","?","R","?","R","T","M","M","E","?","?","R","BOSS"],"build_version":"2018-08-16","purchased_purges":2,"victory":false,"max_hp_per_floor":[70,70,70,70,70,70,70,70,70,70,70,70,70,70,70,70,70,70,70,70,70,70,70,75,75,75,75,75,75,75,75,75,75],"card_choices":[{"not_picked":["Deadly Poison","Backflip"],"picked":"Backstab","floor":1.0},{"not_picked":["Catalyst","Caltrops"],"picked":"Blade Dance","floor":4.0},{"not_picked":["Slice","Dagger Throw"],"picked":"Dodge and Roll","floor":6.0},{"not_picked":["Night Terror","Choke"],"picked":"Glass Knife","floor":8.0},{"not_picked":["Bane","Poisoned Stab"],"picked":"Cloak And Dagger","floor":10.0},{"not_picked":["Predator","A Thousand Cuts"],"picked":"Blur","floor":12.0},{"not_picked":["Footwork","Dagger Throw"],"picked":"Cloak And Dagger","floor":13.0},{"not_picked":["Sucker Punch","Prepared"],"picked":"Footwork","floor":14.0},{"not_picked":["Phantasmal Killer","Glass Knife"],"picked":"Storm of Steel","floor":16.0},{"not_picked":["Bane+1","Slice","Masterful Stab+1"],"picked":"Well Laid Plans","floor":18.0},{"not_picked":["Bane+1","Dagger Spray","Underhanded Strike+1"],"picked":"Backflip","floor":22.0},{"not_picked":["Slice","Underhanded Strike+1","Cloak And Dagger"],"picked":"Distraction","floor":27},{"not_picked":["Envenom","Outmaneuver","Crippling Poison+1"],"picked":"Dash+1","floor":28},{"not_picked":["Dagger Throw","Outmaneuver","All Out Attack+1"],"picked":"Dodge and Roll+1","floor":29}],"player_experience":889476,"relics_obtained":[{"floor":6.0,"key":"Boot"},{"floor":8.0,"key":"Centennial Puzzle"},{"floor":9.0,"key":"Meat on the Bone"},{"floor":12.0,"key":"Ancient Tea Set"},{"floor":17.0,"key":"Oddly Smooth Stone"},{"floor":17.0,"key":"Question Card"},{"floor":17.0,"key":"Sundial"},{"floor":26.0,"key":"Vajra"},{"floor":29,"key":"Juzu Bracelet"}],"event_choices":[{"event_name":"Living Wall","player_choice":"Grow","floor":3.0,"damage_taken":0.0},{"event_name":"The Joust","player_choice":"Bet on Murderer","floor":20.0,"damage_taken":0.0},{"event_name":"Nest","player_choice":"Stole From Cult","floor":21.0,"damage_taken":0.0},{"event_name":"Forgotten Altar","player_choice":"Shed Blood","floor":24.0,"damage_taken":0.0},{"event_name":"The Woman in Blue","player_choice":"Bought 3 Potions","floor":30,"damage_taken":0}],"is_beta":false,"boss_relics":[{"not_picked":["Lizard Tail","Cursed Key"],"picked":"Calling Bell"}],"items_purged_floors":[19,31],"is_endless":false,"potions_floor_spawned":[6,8,10,12,27],"killed_by":"Automaton","ascension_level":9}