{"gold_per_floor":[116,116,266,266,29,59,77,107,107,142,161,161,174,193,193,266,266,279,299,299,316,346,346,346,373,373,386,386,386],"floor_reached":29,"playtime":3339,"items_purged":["Doubt"],"score":576,"play_id":"f4d22813-f6d5-4f81-8044-35acc4350453","local_time":"20181220144412","is_ascension_mode":true,"campfire_choices":[{"data":"Sunder","floor":12,"key":"SMITH"},{"data":"Sunder","floor":15,"key":"SMITH"},{"floor":23,"key":"REST"},{"floor":28,"key":"REST"}],"neow_cost":"NONE","seed_source_timestamp":3041456351102,"circlet_count":0,"master_deck":["AscendersBane","Strike_B","Strike_B","Strike_B","Strike_B","Defend_B","Defend_B","Defend_B","Defend_B","Zap+1","Dualcast","Glacier","Sunder+1","Go for the Eyes","Hologram","Sunder+1","BootSequence","Ball Lightning","Rainbow","Biased Cognition","Loop","Cold Snap+1","Turbo+1","Machine Learning","Ghostly","Ghostly","Ghostly","Redo+1","Glacier"],"special_seed":0,"relics":["Cracked Core","NeowsBlessing","Happy Flower","Vajra","Emotion Chip","Singing Bowl","Inserter","Red Mask","Pen Nib","Blood Vial"],"potions_floor_usage":[10,21],"damage_taken":[{"damage":0.0,"enemies":"Cultist","floor":1.0,"turns":1.0},{"damage":0.0,"enemies":"Gremlin Nob","floor":6.0,"turns":1.0},{"damage":0.0,"enemies":"Jaw Worm","floor":7.0,"turns":1.0},{"damage":5.0,"enemies":"3 Sentries","floor":8.0,"turns":6.0},{"damage":4,"enemies":"Lagavulin","floor":10,"turns":6},{"damage":0,"enemies":"Small Slimes","floor":11,"turns":2},{"damage":0,"enemies":"Looter","floor":13,"turns":2},{"damage":0,"enemies":"2 Fungi Beasts","floor":14,"turns":2},{"damage":30,"enemies":"The Guardian","floor":16,"turns":9},{"damage":9,"enemies":"Spheric Guardian","floor":18,"turns":3},{"damage":6,"enemies":"Shell Parasite","floor":19,"turns":6},{"damage":13,"enemies":"Shelled Parasite and Fungi","floor":21,"turns":4},{"damage":32,"enemies":"Masked Bandits","floor":22,"turns":4},{"damage":22,"enemies":"Gremlin Leader","floor":25,"turns":8},{"damage":4,"enemies":"Snake Plant","floor":27,"turns":4},{"damage":23,"enemies":"3 Cultists","floor":29,"turns":3}],"seed_played":"3881849537181855475","potions_obtained":[{"floor":1.0,"key":"Regen Potion"},{"floor":6.0,"key":"Weak Potion"},{"floor":8.0,"key":"Weak Potion"},{"floor":11,"key":"LiquidBronze"},{"floor":25,"key":"Strength Potion"}],"is_trial":false,"path_per_floor":["M","?","?","?","$","E","M","E","T","E","M","R","M","M","R","B",null,"M","M","$","M","?","R","?","E","T","M","R","M"],"character_chosen":"DEFECT","items_purchased":["Sunder","Go for the Eyes","Hologram"],"campfire_rested":2,"item_purchase_floors":[5,5,5],"current_hp_per_floor":[64,53,53,53,53,53,53,63,63,59,59,59,61,63,63,33,65,56,50,50,37,5,27,27,5,5,3,14,0],"gold":386,"neow_bonus":"THREE_ENEMY_KILL","is_prod":false,"is_daily":false,"chose_seed":false,"campfire_upgraded":2,"win_rate":0,"timestamp":1545335052,"path_taken":["M","?","?","?","$","E","M","E","T","E","M","R","M","M","R","BOSS","M","M","$","M","?","R","?","E","T","?","R","?"],"build_version":"2018-12-19","purchased_purges":1,"victory":false,"max_hp_per_floor":[71,71,71,71,71,71,71,71,71,71,71,71,73,75,75,75,75,75,75,75,75,75,75,37,37,37,37,37,37],"card_choices":[{"not_picked":["Darkness","Sweeping Beam"],"picked":"Glacier","floor":1.0},{"not_picked":["Turbo","Coolheaded"],"picked":"Sunder","floor":6.0},{"not_picked":["Compile Driver","Turbo"],"picked":"BootSequence","floor":7.0},{"not_picked":["Hologram","Go for the Eyes","Tempest"],"picked":"SKIP","floor":8.0},{"not_picked":["Redo","Doom and Gloom"],"picked":"Ball Lightning","floor":10},{"not_picked":["Stack","Redo"],"picked":"Rainbow","floor":11},{"not_picked":["Gash","Skim","Compile Driver"],"picked":"Singing Bowl","floor":13},{"not_picked":["Rebound","Barrage","Streamline"],"picked":"Singing Bowl","floor":14},{"not_picked":["Fission","Seek"],"picked":"Biased Cognition","floor":16},{"not_picked":["FTL","Stack"],"picked":"Loop","floor":18},{"not_picked":["Compile Driver","Redo+1"],"picked":"Cold Snap+1","floor":19},{"not_picked":["Ball Lightning","Gash"],"picked":"Turbo+1","floor":21},{"not_picked":["Go for the Eyes","Hologram"],"picked":"Machine Learning","floor":22},{"not_picked":["Static Discharge","Chill"],"picked":"Redo+1","floor":25},{"not_picked":["Rebound+1","Reinforced Body"],"picked":"Glacier","floor":27}],"player_experience":1276941,"relics_obtained":[{"floor":6.0,"key":"Vajra"},{"floor":8.0,"key":"Emotion Chip"},{"floor":10,"key":"Singing Bowl"},{"floor":22,"key":"Red Mask"},{"floor":25,"key":"Pen Nib"},{"floor":26,"key":"Blood Vial"}],"event_choices":[{"damage_healed":0.0,"max_hp_gain":0.0,"max_hp_loss":0.0,"gold_gain":0.0,"event_name":"Scrap Ooze","player_choice":"Success","floor":2.0,"gold_loss":0.0,"damage_taken":11.0,"relics_obtained":["Happy Flower"]},{"damage_healed":0.0,"max_hp_gain":0.0,"max_hp_loss":0.0,"gold_gain":150.0,"event_name":"Liars Game","player_choice":"AGREE","floor":3.0,"gold_loss":0.0,"damage_taken":0.0,"cards_obtained":["Doubt"]},{"damage_healed":0.0,"max_hp_gain":0.0,"max_hp_loss":0.0,"gold_gain":0.0,"event_name":"Living Wall","player_choice":"Grow","floor":4.0,"gold_loss":0.0,"damage_taken":0.0,"cards_upgraded":["Zap"]},{"damage_healed":0,"gold_gain":0,"player_choice":"Fought Bandits","damage_taken":0,"max_hp_gain":0,"max_hp_loss":0,"event_name":"Masked Bandits","floor":22,"gold_loss":0},{"damage_healed":0,"gold_gain":0,"player_choice":"Became a Ghost","damage_taken":0,"max_hp_gain":0,"max_hp_loss":38,"event_name":"Ghosts","floor":24,"gold_loss":0,"cards_obtained":["Ghostly","Ghostly","Ghostly"]}],"is_beta":true,"boss_relics":[{"not_picked":["Coffee Dripper","FrozenCore"],"picked":"Inserter"}],"items_purged_floors":[5],"is_endless":false,"potions_floor_spawned":[1,6,8,11,16,19,25],"killed_by":"3 Cultists","ascension_level":20}