{"gold_per_floor":[116,116,116,130,148,183,183,201,201,233,233,233,233],"floor_reached":13,"playtime":361,"items_purged":[],"score":116,"play_id":"e09b617e-a3e9-454e-88dd-1f8f64c4b873","local_time":"20180703042643","is_ascension_mode":true,"campfire_choices":[{"data":"Doom and Gloom","floor":7.0,"key":"SMITH"},{"data":"Echo Form","floor":12.0,"key":"SMITH"}],"neow_cost":"","seed_source_timestamp":0,"circlet_count":0,"master_deck":["Strike_B","Strike_B+1","Strike_B","Strike_B","Defend_B","Defend_B","Defend_B","Defend_B","Zap","Dualcast+1","Cold Snap","Normality","Doom and Gloom+1","Hologram","Compile Driver","Self Repair","Echo Form+1"],"special_seed":0,"relics":["Cracked Core","Meat on the Bone","Omamori","Bottled Tornado","Happy Flower","Golden Idol"],"potions_floor_usage":[],"damage_taken":[{"damage":12.0,"enemies":"Small Slimes","floor":1.0,"turns":2.0},{"damage":0.0,"enemies":"Cultist","floor":4.0,"turns":3.0},{"damage":5.0,"enemies":"Jaw Worm","floor":5.0,"turns":2.0},{"damage":17.0,"enemies":"Lagavulin","floor":6.0,"turns":7.0},{"damage":20.0,"enemies":"Exordium Thugs","floor":8.0,"turns":4.0},{"damage":24.0,"enemies":"3 Sentries","floor":10.0,"turns":4.0},{"damage":34,"enemies":"Large Slime","floor":13,"turns":4}],"seed_played":"-863205642924181299","potions_obtained":[{"floor":8.0,"key":"LiquidBronze"},{"floor":10.0,"key":"Dexterity Potion"}],"is_trial":false,"path_per_floor":["M","?","?","M","M","E","R","M","T","E","?","R"],"character_chosen":"DEFECT","items_purchased":[],"campfire_rested":0,"item_purchase_floors":[],"current_hp_per_floor":[63,48,48,48,43,38,38,30,30,25,25,25,0],"gold":233,"neow_bonus":"","is_prod":false,"is_daily":false,"chose_seed":false,"campfire_upgraded":2,"win_rate":0,"timestamp":1530584803,"path_taken":["M","?","?","M","M","E","R","M","T","E","?","R","M"],"build_version":"2018-06-28","purchased_purges":0,"victory":false,"max_hp_per_floor":[75,75,75,75,75,75,75,75,75,75,69,69,69],"card_choices":[{"not_picked":["Coolheaded","Static Discharge"],"picked":"Cold Snap","floor":1.0},{"not_picked":["Go for the Eyes","Rip and Tear"],"picked":"Doom and Gloom","floor":4.0},{"not_picked":["Streamline","Electrodynamics"],"picked":"Hologram","floor":5.0},{"not_picked":["Sunder","Hologram"],"picked":"Compile Driver","floor":6.0},{"not_picked":["Sweeping Beam","Lockon"],"picked":"Self Repair","floor":8.0},{"not_picked":["Consume","Recycle"],"picked":"Echo Form","floor":10.0}],"player_experience":812353,"relics_obtained":[{"floor":6.0,"key":"Omamori"},{"floor":9.0,"key":"Bottled Tornado"},{"floor":10.0,"key":"Happy Flower"}],"event_choices":[{"event_name":"Shining Light","player_choice":"Entered Light","floor":2.0,"damage_taken":0.0},{"event_name":"Accursed Blacksmith","player_choice":"Rummage","floor":3.0,"damage_taken":0.0},{"event_name":"Golden Idol","player_choice":"Lose Max HP","floor":11.0,"damage_taken":0.0}],"boss_relics":[],"items_purged_floors":[],"is_endless":false,"potions_floor_spawned":[8,10],"killed_by":"Large Slime","ascension_level":5}