{"gold_per_floor":[109,109,284,284,35,70,70,98,98,98,98,121,132,145,145,145],"floor_reached":16,"playtime":577,"items_purged":["Regret"],"score":154,"play_id":"cdf10563-8b18-4550-a00e-80333d71b916","local_time":"20181001235101","is_ascension_mode":true,"campfire_choices":[{"floor":7.0,"key":"REST"},{"floor":10.0,"key":"REST"},{"data":"Zap","floor":15.0,"key":"SMITH"}],"neow_cost":"","seed_source_timestamp":0,"circlet_count":0,"master_deck":["Strike_B","Strike_B","Strike_B","Strike_B","Defend_B","Defend_B","Defend_B","Defend_B","Zap+1","Dualcast","Leap","Doubt","Steam","Stack","Coolheaded","Glacier","Gash"],"special_seed":0,"relics":["Cracked Core","Regal Pillow","Centennial Puzzle","Bag of Marbles","Pen Nib","Shuriken","Happy Flower"],"potions_floor_usage":[16],"damage_taken":[{"damage":9.0,"enemies":"2 Louse","floor":1.0,"turns":2.0},{"damage":55.0,"enemies":"3 Sentries","floor":6.0,"turns":11.0},{"damage":38.0,"enemies":"Lagavulin","floor":8.0,"turns":8.0},{"damage":6.0,"enemies":"Small Slimes","floor":13.0,"turns":3.0},{"damage":3.0,"enemies":"Jaw Worm","floor":14.0,"turns":4.0},{"damage":49,"enemies":"Hexaghost","floor":16,"turns":16}],"seed_played":"-5905353165752753238","potions_obtained":[{"floor":13.0,"key":"SmokeBomb"},{"floor":14.0,"key":"SpeedPotion"}],"is_trial":false,"path_per_floor":["M","?","?","?","$","E","R","E","T","R","$","T","M","M","R"],"character_chosen":"DEFECT","items_purchased":["Steam","Centennial Puzzle"],"campfire_rested":2,"item_purchase_floors":[5,5],"current_hp_per_floor":[59,59,59,75,75,20,57,19,19,56,56,56,50,47,47,0],"gold":145,"neow_bonus":"","is_prod":false,"is_daily":false,"chose_seed":false,"campfire_upgraded":1,"win_rate":0,"timestamp":1538430661,"path_taken":["M","?","?","?","?","E","R","E","T","R","$","?","M","M","R","BOSS"],"build_version":"2018-09-27","purchased_purges":1,"victory":false,"max_hp_per_floor":[75,75,75,75,75,75,75,75,75,75,75,75,75,75,75,75],"card_choices":[{"not_picked":["Skim","Go for the Eyes"],"picked":"Leap","floor":1.0},{"not_picked":["Hologram","Reprogram"],"picked":"Stack","floor":6.0},{"not_picked":["Turbo","Reinforced Body"],"picked":"Coolheaded","floor":8.0},{"not_picked":["Amplify","Cold Snap"],"picked":"Glacier","floor":13.0},{"not_picked":["Steam Power","Go for the Eyes"],"picked":"Gash","floor":14.0}],"player_experience":1018743,"relics_obtained":[{"floor":6.0,"key":"Bag of Marbles"},{"floor":8.0,"key":"Pen Nib"},{"floor":9.0,"key":"Shuriken"},{"floor":12.0,"key":"Happy Flower"}],"event_choices":[{"event_name":"Big Fish","player_choice":"Box","floor":2.0,"damage_taken":0.0},{"event_name":"Liars Game","player_choice":"agreed","floor":3.0,"damage_taken":0.0},{"event_name":"Wheel of Change","player_choice":"Full Heal","floor":4.0,"damage_taken":0.0}],"is_beta":false,"boss_relics":[],"items_purged_floors":[5],"is_endless":false,"potions_floor_spawned":[13,14],"killed_by":"Hexaghost","ascension_level":9}