{"gold_per_floor":[118,193,193,193,218,246,303,303,371,403,403,418,68,125,125,230,230,248,248,93,193,118,118,149,166,166,186,204,204,219,219,219,323,323,339,339,358,358,371,371,402,402,427,527,551,563,563,574,574,574],"floor_reached":51,"playtime":13732,"items_purged":[],"score":1119,"play_id":"11a2f093-887c-40f3-8de3-4a9c130b1f90","local_time":"20190202191631","is_ascension_mode":true,"campfire_choices":[{"data":"Noxious Fumes","floor":8.0,"key":"SMITH"},{"floor":11.0,"key":"REST"},{"data":"1","floor":15.0,"key":"LIFT"},{"data":"2","floor":23,"key":"LIFT"},{"data":"3","floor":29,"key":"LIFT"},{"floor":32,"key":"REST"},{"data":"Enlightenment","floor":40,"key":"SMITH"},{"data":"Crippling Poison","floor":42,"key":"SMITH"},{"floor":47,"key":"DIG"},{"floor":49,"key":"DIG"}],"neow_cost":"NONE","seed_source_timestamp":613915489815301,"circlet_count":0,"master_deck":["AscendersBane","Defend_G","Defend_G","Defend_G+1","Strike_G","Strike_G","Strike_G","Survivor","Neutralize","Poisoned Stab+1","Heel Hook","Noxious Fumes+1","Well Laid Plans","Leg Sweep","Bouncing Flask","PiercingWail","A Thousand Cuts","After Image+1","Blur+1","Footwork+1","Crippling Poison+1","Backflip","Dash","Terror","Malaise","Deflect","Backflip","After Image","Enlightenment+1","Parasite"],"special_seed":0,"relics":["Ring of the Snake","NeowsBlessing","Anchor","Torii","Centennial Puzzle","Gremlin Horn","Pear","Girya","Tiny Chest","Astrolabe","Oddly Smooth Stone","Dream Catcher","Ornamental Fan","Mummified Hand","Busted Crown","Ancient Tea Set","Bronze Scales","Shovel","Bag of Preparation","Snake Skull","The Specimen"],"potions_floor_usage":[24,33,50],"damage_taken":[{"damage":0.0,"enemies":"2 Louse","floor":1.0,"turns":1.0},{"damage":0.0,"enemies":"3 Sentries","floor":6.0,"turns":1.0},{"damage":0.0,"enemies":"Gremlin Nob","floor":7.0,"turns":1.0},{"damage":23.0,"enemies":"Gremlin Nob","floor":10.0,"turns":4.0},{"damage":0.0,"enemies":"Small Slimes","floor":12.0,"turns":3.0},{"damage":11.0,"enemies":"3 Sentries","floor":14.0,"turns":6.0},{"damage":22,"enemies":"The Guardian","floor":16,"turns":9},{"damage":7,"enemies":"3 Byrds","floor":18,"turns":5},{"damage":0,"enemies":"2 Thieves","floor":22,"turns":5},{"damage":1,"enemies":"Book of Stabbing","floor":24,"turns":10},{"damage":2,"enemies":"Shelled Parasite and Fungi","floor":25,"turns":8},{"damage":14,"enemies":"Chosen and Byrds","floor":27,"turns":7},{"damage":1,"enemies":"Snake Plant","floor":28,"turns":6},{"damage":1,"enemies":"Centurion and Healer","floor":30,"turns":6},{"damage":9,"enemies":"Automaton","floor":33,"turns":14},{"damage":0,"enemies":"3 Darklings","floor":35,"turns":5},{"damage":8,"enemies":"Orb Walker","floor":37,"turns":4},{"damage":0,"enemies":"Sphere and 2 Shapes","floor":39,"turns":6},{"damage":1,"enemies":"Nemesis","floor":41,"turns":9},{"damage":3,"enemies":"Mind Bloom Boss Battle","floor":44,"turns":6},{"damage":1,"enemies":"Writhing Mass","floor":46,"turns":5},{"damage":0,"enemies":"4 Shapes","floor":48,"turns":4},{"damage":1,"enemies":"Time Eater","floor":50,"turns":12}],"seed_played":"8001595350809342533","potions_obtained":[{"floor":6.0,"key":"PowerPotion"},{"floor":12.0,"key":"FearPotion"},{"floor":16,"key":"EssenceOfSteel"},{"floor":25,"key":"Energy Potion"},{"floor":28,"key":"Ancient Potion"},{"floor":30,"key":"Block Potion"},{"floor":35,"key":"Fire Potion"},{"floor":39,"key":"FairyPotion"}],"is_trial":false,"path_per_floor":["M","?","?","?","T","E","?","R","T","E","R","M","$","E","R","B",null,"M","?","$","?","M","R","E","M","T","M","M","R","M","T","R","B",null,"M","?","M","?","M","R","E","R","T","?","T","M","R","M","R","B",null],"character_chosen":"THE_SILENT","items_purchased":["Girya","Fire Potion","Oddly Smooth Stone"],"campfire_rested":2,"item_purchase_floors":[13,13,20],"current_hp_per_floor":[63,52,38,38,38,38,38,38,38,25,49,49,49,38,38,16,64,57,57,57,57,57,57,56,54,54,40,39,39,38,38,62,53,73,73,73,65,65,65,65,64,64,64,61,61,60,60,60,60,59],"gold":574,"neow_bonus":"THREE_ENEMY_KILL","is_prod":false,"is_daily":false,"chose_seed":false,"campfire_upgraded":3,"win_rate":0,"timestamp":1549131391,"path_taken":["M","?","?","?","?","E","?","R","T","E","R","M","$","E","R","BOSS","M","?","$","?","M","R","E","M","T","?","M","R","M","?","R","BOSS","M","?","M","?","?","R","E","R","T","?","?","M","R","M","R","BOSS"],"build_version":"2019-01-23","purchased_purges":0,"victory":true,"max_hp_per_floor":[70,70,70,70,70,70,70,70,70,80,80,80,80,80,80,80,80,80,80,80,80,80,80,80,80,80,80,80,80,80,80,80,80,80,80,80,80,80,80,80,80,80,80,80,80,80,80,80,80,80],"card_choices":[{"not_picked":["Bane","Quick Slash"],"picked":"Poisoned Stab","floor":1.0},{"not_picked":["Catalyst","Heel Hook"],"picked":"Noxious Fumes","floor":6.0},{"not_picked":["Acrobatics","Underhanded Strike"],"picked":"Well Laid Plans","floor":7.0},{"not_picked":["Storm of Steel","Bouncing Flask"],"picked":"Leg Sweep","floor":10.0},{"not_picked":["Quick Slash","Dagger Spray"],"picked":"Bouncing Flask","floor":12.0},{"not_picked":["Accuracy","Distraction"],"picked":"PiercingWail","floor":14.0},{"not_picked":["Die Die Die","Phantasmal Killer"],"picked":"A Thousand Cuts","floor":16},{"not_picked":["Well Laid Plans","Quick Slash"],"picked":"Crippling Poison","floor":18},{"not_picked":["Tactician","Heel Hook"],"picked":"Backflip","floor":22},{"not_picked":["Leg Sweep","Riddle With Holes"],"picked":"Dash","floor":24},{"not_picked":["Concentrate+1","Dodge and Roll"],"picked":"Terror","floor":25},{"not_picked":["Acrobatics+1","Dagger Spray"],"picked":"Malaise","floor":27},{"not_picked":["Flying Knee","Bane"],"picked":"Deflect","floor":28},{"not_picked":["Poisoned Stab","Sucker Punch"],"picked":"Backflip","floor":30},{"not_picked":["A Thousand Cuts","Night Terror"],"picked":"After Image","floor":33},{"not_picked":["Slice"],"picked":"SKIP","floor":35},{"not_picked":["Blade Dance"],"picked":"SKIP","floor":37},{"not_picked":[],"picked":"Enlightenment","floor":38},{"not_picked":["Outmaneuver"],"picked":"SKIP","floor":39},{"not_picked":["Masterful Stab+1"],"picked":"SKIP","floor":41},{"not_picked":["Dagger Throw"],"picked":"SKIP","floor":46},{"not_picked":["Cloak And Dagger"],"picked":"SKIP","floor":48}],"player_experience":2094656,"relics_obtained":[{"floor":5.0,"key":"Anchor"},{"floor":6.0,"key":"Torii"},{"floor":7.0,"key":"Centennial Puzzle"},{"floor":9.0,"key":"Gremlin Horn"},{"floor":10.0,"key":"Pear"},{"floor":14.0,"key":"Tiny Chest"},{"floor":24,"key":"Dream Catcher"},{"floor":26,"key":"Ornamental Fan"},{"floor":31,"key":"Mummified Hand"},{"floor":41,"key":"Ancient Tea Set"},{"floor":43,"key":"Bronze Scales"},{"floor":44,"key":"Shovel"},{"floor":45,"key":"Bag of Preparation"},{"floor":47,"key":"Snake Skull"},{"floor":49,"key":"The Specimen"}],"event_choices":[{"damage_healed":0.0,"max_hp_gain":0.0,"max_hp_loss":0.0,"gold_gain":75.0,"event_name":"World of Goop","player_choice":"Gather Gold","floor":2.0,"gold_loss":0.0,"damage_taken":11.0},{"damage_healed":0.0,"max_hp_gain":0.0,"max_hp_loss":0.0,"gold_gain":0.0,"event_name":"Shining Light","player_choice":"Entered Light","floor":3.0,"gold_loss":0.0,"damage_taken":14.0,"cards_upgraded":["Defend_G","Poisoned Stab"]},{"damage_healed":0.0,"max_hp_gain":0.0,"max_hp_loss":0.0,"gold_gain":0.0,"cards_transformed":["Strike_G"],"event_name":"Living Wall","player_choice":"Change","floor":4.0,"gold_loss":0.0,"damage_taken":0.0,"cards_obtained":["Heel Hook"]},{"damage_healed":0.0,"max_hp_gain":0.0,"max_hp_loss":0.0,"gold_gain":30.0,"event_name":"Dead Adventurer","player_choice":"Searched \u00272\u0027 times","floor":7.0,"gold_loss":0.0,"damage_taken":0.0},{"damage_healed":0,"gold_gain":0,"player_choice":"Ignored","damage_taken":0,"max_hp_gain":0,"max_hp_loss":0,"event_name":"Beggar","floor":19,"gold_loss":0},{"damage_healed":0,"gold_gain":100,"player_choice":"Pray","damage_taken":0,"max_hp_gain":0,"max_hp_loss":0,"event_name":"Golden Shrine","floor":21,"gold_loss":0},{"damage_healed":0,"gold_gain":0,"player_choice":"Ignored","damage_taken":0,"max_hp_gain":0,"max_hp_loss":0,"event_name":"Tomb of Lord Red Mask","floor":36,"gold_loss":0},{"damage_healed":0,"gold_gain":0,"player_choice":"Memory 1","damage_taken":0,"max_hp_gain":0,"max_hp_loss":0,"event_name":"SensoryStone","floor":38,"gold_loss":0},{"damage_healed":0,"gold_gain":0,"player_choice":"Fight","damage_taken":0,"max_hp_gain":0,"max_hp_loss":0,"event_name":"MindBloom","floor":44,"gold_loss":0}],"is_beta":false,"boss_relics":[{"not_picked":["Tiny House","Cursed Key"],"picked":"Astrolabe"},{"not_picked":["Ring of the Serpent","Runic Dome"],"picked":"Busted Crown"}],"items_purged_floors":[],"is_endless":false,"potions_floor_spawned":[6,12,16,25,28,30,35,37,39,48],"ascension_level":12}