{"gold_per_floor":[117,117,42,42,42,42,67,67,67,67,217,138,167,198,198,277,277,293,309,309,309,88,117,133,192,215,232,263,263,291,216,216,294,294,310,325,325,225,225,225,252,252,252,252,252,281,281,297,297,297,297,297,297,6,40,40],"floor_reached":57,"playtime":3370,"items_purged":["Strike_R","Strike_R","Strike_R"],"score":2847,"play_id":"ba1105d6-c603-49be-8bb3-8b04a39ad8c1","local_time":"20190208224345","is_ascension_mode":true,"campfire_choices":[{"data":"Clothesline","floor":6.0,"key":"SMITH"},{"data":"Bash","floor":8.0,"key":"SMITH"},{"data":"Pommel Strike","floor":10.0,"key":"SMITH"},{"data":"Demon Form","floor":15.0,"key":"SMITH"},{"data":"Disarm","floor":29.0,"key":"SMITH"},{"floor":32.0,"key":"RECALL"},{"data":"Immolate","floor":40.0,"key":"SMITH"},{"data":"Flame Barrier","floor":42.0,"key":"SMITH"},{"data":"Feel No Pain","floor":49.0,"key":"SMITH"},{"data":"Iron Wave","floor":53,"key":"SMITH"}],"neow_cost":"NONE","seed_source_timestamp":31307635654463,"circlet_count":0,"master_deck":["AscendersBane","Strike_R+1","Strike_R+1","Defend_R","Defend_R","Defend_R","Bash+1","Clothesline+1","Pommel Strike+1","Iron Wave+1","Shrug It Off","Headbutt","Demon Form+1","Immolate+1","Corruption+1","Flame Barrier+1","Shrug It Off","Disarm+1","Heavy Blade+1","Ghostly Armor+1","Reaper","Barricade","Demon Form+1","Exhume","Feel No Pain+1","Fiend Fire"],"special_seed":0,"relics":["Burning Blood","NeowsBlessing","Omamori","Blue Candle","Regal Pillow","Odd Mushroom","Du-Vu Doll","Snecko Eye","Meat on the Bone","Bronze Scales","Whetstone","Tiny Chest","Juzu Bracelet","Mummified Hand","Lantern","Runic Pyramid","Boot","Sundial","Shuriken","Bag of Preparation","Strawberry","Vajra"],"potions_floor_usage":[50,56],"damage_taken":[{"damage":0.0,"enemies":"Cultist","floor":1.0,"turns":1.0},{"damage":0.0,"enemies":"Gremlin Nob","floor":7.0,"turns":1.0},{"damage":0.0,"enemies":"The Mushroom Lair","floor":13.0,"turns":2.0},{"damage":27.0,"enemies":"3 Sentries","floor":14.0,"turns":10.0},{"damage":33.0,"enemies":"The Guardian","floor":16.0,"turns":10.0},{"damage":15.0,"enemies":"2 Thieves","floor":18.0,"turns":3.0},{"damage":16.0,"enemies":"Spheric Guardian","floor":19.0,"turns":4.0},{"damage":4.0,"enemies":"Book of Stabbing","floor":23.0,"turns":4.0},{"damage":0.0,"enemies":"Snecko","floor":24.0,"turns":5.0},{"damage":18.0,"enemies":"Gremlin Leader","floor":25.0,"turns":5.0},{"damage":7.0,"enemies":"Sentry and Sphere","floor":27.0,"turns":4.0},{"damage":10.0,"enemies":"Book of Stabbing","floor":28.0,"turns":4.0},{"damage":0.0,"enemies":"Gremlin Leader","floor":30.0,"turns":4.0},{"damage":61.0,"enemies":"Champ","floor":33.0,"turns":10.0},{"damage":13.0,"enemies":"Orb Walker","floor":35.0,"turns":4.0},{"damage":0.0,"enemies":"3 Shapes","floor":36.0,"turns":2.0},{"damage":18.0,"enemies":"Giant Head","floor":41.0,"turns":6.0},{"damage":15.0,"enemies":"Reptomancer","floor":46.0,"turns":6.0},{"damage":0.0,"enemies":"Maw","floor":48.0,"turns":5.0},{"damage":90,"enemies":"Awakened One","floor":50,"turns":8},{"damage":35,"enemies":"Donu and Deca","floor":51,"turns":7},{"damage":54,"enemies":"Shield and Spear","floor":55,"turns":5},{"damage":76,"enemies":"The Heart","floor":56,"turns":8}],"seed_played":"8686783923113249413","potions_obtained":[{"floor":7.0,"key":"Regen Potion"},{"floor":14.0,"key":"Dexterity Potion"},{"floor":18.0,"key":"Fire Potion"},{"floor":25.0,"key":"Swift Potion"},{"floor":28.0,"key":"SpeedPotion"},{"floor":30.0,"key":"Block Potion"},{"floor":46.0,"key":"AttackPotion"}],"is_trial":false,"path_per_floor":["M","?","?","?","$","R","E","R","T","R","?","$","?","E","R","B",null,"M","M","?","?","$","E","M","E","T","M","E","R","E","$","R","B",null,"M","M","?","$","?","R","E","R","T","?","?","E","$","M","R","B","B",null,"R","$","E","B",null],"character_chosen":"IRONCLAD","items_purchased":["Iron Wave","Shrug It Off","Bronze Scales","Shrug It Off","Strawberry"],"campfire_rested":0,"item_purchase_floors":[12,12,22,22,54],"current_hp_per_floor":[74,74,74,63,63,63,69,69,69,69,69,69,75,69,69,42,67,58,48,48,48,48,50,56,44,44,55,51,51,75,75,75,54,70,68,74,74,74,74,74,75,75,75,75,75,75,75,75,75,54,74,75,75,82,82,82],"gold":40,"neow_bonus":"THREE_ENEMY_KILL","is_prod":false,"is_daily":false,"chose_seed":false,"campfire_upgraded":9,"win_rate":0,"timestamp":1549683825,"path_taken":["M","?","?","?","$","R","E","R","T","R","?","$","?","E","R","BOSS","M","M","?","?","$","E","M","E","T","M","E","R","E","?","R","BOSS","M","M","?","$","?","R","E","R","T","?","?","E","$","M","R","BOSS","BOSS","R","$","E","BOSS"],"build_version":"2019-01-23","purchased_purges":3,"victory":true,"max_hp_per_floor":[75,75,75,75,75,75,75,75,75,75,75,75,75,75,75,75,75,75,75,75,75,75,75,75,75,75,75,75,75,75,75,75,75,75,75,75,75,75,75,75,75,75,75,75,75,75,75,75,75,75,75,75,75,82,82,82],"card_choices":[{"not_picked":["True Grit","Rupture"],"picked":"Clothesline","floor":1.0},{"not_picked":["Flex","Havoc"],"picked":"Pommel Strike","floor":7.0},{"not_picked":["Perfected Strike","Entrench"],"picked":"Headbutt","floor":13.0},{"not_picked":["Wild Strike","Cleave"],"picked":"Demon Form","floor":14.0},{"not_picked":["Limit Break","Juggernaut"],"picked":"Immolate","floor":16.0},{"not_picked":["Burning Pact","Sentinel+1"],"picked":"Corruption+1","floor":18.0},{"not_picked":["Headbutt","Shrug It Off"],"picked":"Flame Barrier","floor":19.0},{"not_picked":["Clash","Sword Boomerang","Reckless Charge+1"],"picked":"SKIP","floor":23.0},{"not_picked":["Heavy Blade","Dual Wield"],"picked":"Disarm","floor":24.0},{"not_picked":["Double Tap","Bludgeon"],"picked":"Heavy Blade+1","floor":25.0},{"not_picked":["Warcry+1","Sever Soul"],"picked":"Ghostly Armor+1","floor":27.0},{"not_picked":["Wild Strike","Demon Form"],"picked":"Reaper","floor":28.0},{"not_picked":["Twin Strike","Thunderclap","Carnage"],"picked":"SKIP","floor":30.0},{"not_picked":["Dark Embrace","Bludgeon"],"picked":"Barricade","floor":33.0},{"not_picked":["Hemokinesis","Pummel","Clash"],"picked":"SKIP","floor":35.0},{"not_picked":["Cleave+1","Wild Strike","Bloodletting"],"picked":"SKIP","floor":36.0},{"not_picked":["Heavy Blade","Whirlwind","Hemokinesis"],"picked":"SKIP","floor":41.0},{"not_picked":["Iron Wave","Ghostly Armor"],"picked":"Exhume","floor":46.0},{"not_picked":["Metallicize","Perfected Strike"],"picked":"Feel No Pain","floor":48.0},{"not_picked":["Armaments","Battle Trance"],"picked":"Fiend Fire","floor":55}],"player_experience":1180779,"relics_obtained":[{"floor":7.0,"key":"Regal Pillow"},{"floor":13.0,"key":"Odd Mushroom"},{"floor":14.0,"key":"Du-Vu Doll"},{"floor":23.0,"key":"Whetstone"},{"floor":25.0,"key":"Tiny Chest"},{"floor":26.0,"key":"Juzu Bracelet"},{"floor":28.0,"key":"Mummified Hand"},{"floor":30.0,"key":"Lantern"},{"floor":41.0,"key":"Boot"},{"floor":43.0,"key":"Sundial"},{"floor":46.0,"key":"Bag of Preparation"},{"floor":55,"key":"Vajra"}],"event_choices":[{"damage_healed":0.0,"max_hp_gain":0.0,"max_hp_loss":0.0,"gold_gain":0.0,"event_name":"Big Fish","player_choice":"Box","floor":2.0,"gold_loss":0.0,"damage_taken":0.0,"relics_obtained":["Omamori"],"cards_obtained":["Regret"]},{"cards_removed":["Regret"],"damage_healed":0.0,"max_hp_gain":0.0,"max_hp_loss":0.0,"gold_gain":0.0,"event_name":"The Cleric","player_choice":"Card Removal","floor":3.0,"gold_loss":75.0,"damage_taken":0.0},{"damage_healed":0.0,"max_hp_gain":0.0,"max_hp_loss":0.0,"gold_gain":0.0,"event_name":"Scrap Ooze","player_choice":"Success","floor":4.0,"gold_loss":0.0,"damage_taken":11.0,"relics_obtained":["Blue Candle"]},{"damage_healed":0.0,"max_hp_gain":0.0,"max_hp_loss":0.0,"gold_gain":150.0,"event_name":"Liars Game","player_choice":"AGREE","floor":11.0,"gold_loss":0.0,"damage_taken":0.0,"cards_obtained":["Doubt"]},{"damage_healed":0.0,"max_hp_gain":0.0,"max_hp_loss":0.0,"gold_gain":0.0,"event_name":"Mushrooms","player_choice":"Fought Mushrooms","floor":13.0,"gold_loss":0.0,"damage_taken":0.0},{"damage_healed":0.0,"max_hp_gain":0.0,"max_hp_loss":0.0,"gold_gain":0.0,"event_name":"Vampires","player_choice":"Ignored","floor":20.0,"gold_loss":0.0,"damage_taken":0.0},{"damage_healed":0.0,"max_hp_gain":0.0,"max_hp_loss":0.0,"gold_gain":0.0,"event_name":"The Mausoleum","player_choice":"Opened","floor":21.0,"gold_loss":0.0,"damage_taken":0.0,"relics_obtained":["Meat on the Bone"],"cards_obtained":["Writhe"]},{"damage_healed":0.0,"max_hp_gain":0.0,"max_hp_loss":0.0,"gold_gain":0.0,"event_name":"Tomb of Lord Red Mask","player_choice":"Ignored","floor":37.0,"gold_loss":0.0,"damage_taken":0.0},{"cards_removed":["Defend_R"],"damage_healed":0.0,"max_hp_gain":0.0,"max_hp_loss":0.0,"gold_gain":0.0,"event_name":"Falling","player_choice":"Removed Skill","floor":39.0,"gold_loss":0.0,"damage_taken":0.0},{"damage_healed":0.0,"max_hp_gain":0.0,"max_hp_loss":0.0,"gold_gain":0.0,"event_name":"WeMeetAgain","player_choice":"Gave Potion","floor":44.0,"gold_loss":0.0,"damage_taken":0.0,"relics_obtained":["Shuriken"]},{"damage_healed":0.0,"max_hp_gain":0.0,"max_hp_loss":0.0,"gold_gain":0.0,"event_name":"Duplicator","player_choice":"Copied","floor":45.0,"gold_loss":0.0,"damage_taken":0.0,"cards_obtained":["Demon Form"]}],"is_beta":false,"boss_relics":[{"not_picked":["Philosopher\u0027s Stone","Velvet Choker"],"picked":"Snecko Eye"},{"not_picked":["Eternal Feather","Runic Cube"],"picked":"Runic Pyramid"}],"items_purged_floors":[31,38,54],"is_endless":false,"potions_floor_spawned":[7,14,18,23,25,28,30,35,36,46],"ascension_level":20}