{"path_per_floor":["M","M","M","M","$","R","E","R","T","$","M","M","E","?","R"],"character_chosen":"THE_SILENT","items_purchased":["Pantograph","Infinite Blades","Explosive Potion"],"gold_per_floor":[359,369,389,399,12,12,43,43,70,19,35,55,90,90,90,90],"floor_reached":16,"campfire_rested":2,"playtime":819,"current_hp_per_floor":[69,60,60,62,62,62,3,24,24,24,24,23,22,22,43,0],"items_purged":["Injury"],"gold":90,"score":134,"play_id":"e3a3a89a-6b6e-4175-b56b-455f9ca44f57","local_time":"20180511152756","is_prod":false,"is_daily":false,"chose_seed":false,"is_ascension_mode":true,"campfire_upgraded":1,"timestamp":1526045276,"path_taken":["M","M","M","M","$","R","E","R","T","$","M","M","E","?","R","BOSS"],"build_version":"2018-05-10","seed_source_timestamp":106807234918442,"purchased_purges":1,"victory":false,"master_deck":["Defend_G+1","Defend_G","Defend_G","Defend_G","Defend_G","Strike_G","Strike_G","Strike_G","Strike_G","Strike_G","Survivor","Neutralize","Finisher","Concentrate+1","Calculated Gamble","Cloak And Dagger+1","Infinite Blades","Die Die Die","Malaise+1"],"max_hp_per_floor":[70,70,70,70,70,70,70,70,70,70,70,70,70,70,70,70],"relics":["Ring of the Snake","Pantograph","Orichalcum","War Paint","Prayer Wheel"],"card_choices":[{"not_picked":["Dodge and Roll","Masterful Stab"],"picked":"Finisher","floor":1.0},{"not_picked":["Deadly Poison","Sucker Punch"],"picked":"Concentrate","floor":2.0},{"not_picked":["PiercingWail","Eviscerate"],"picked":"Calculated Gamble","floor":3.0},{"not_picked":["Bane","Caltrops"],"picked":"Cloak And Dagger","floor":4},{"not_picked":["Night Terror","Backflip"],"picked":"Die Die Die","floor":7},{"not_picked":["Cloak And Dagger","Deflect"],"picked":"Malaise","floor":11}],"player_experience":458681,"potions_floor_usage":[4,4,13,16],"damage_taken":[{"damage":1.0,"enemies":"Small Slimes","floor":1.0,"turns":3.0},{"damage":9.0,"enemies":"Cultist","floor":2.0,"turns":5.0},{"damage":0.0,"enemies":"2 Louse","floor":3.0,"turns":3.0},{"damage":13,"enemies":"Large Slime","floor":4,"turns":11},{"damage":59,"enemies":"Gremlin Nob","floor":7,"turns":6},{"damage":0,"enemies":"Blue Slaver","floor":11,"turns":3},{"damage":1,"enemies":"3 Louse","floor":12,"turns":2},{"damage":1,"enemies":"3 Sentries","floor":13,"turns":5},{"damage":68,"enemies":"Slime Boss","floor":16,"turns":15}],"event_choices":[{"event_name":"Upgrade Shrine","player_choice":"Upgraded","floor":14,"damage_taken":0}],"boss_relics":[],"potions_floor_spawned":[2,3,4,12,13],"seed_played":"2967015424896151432","killed_by":"Slime Boss","ascension_level":4,"is_trial":false}