{"path_per_floor":["M","M","?","$","M","R","M","R","T","E","M","?","M","E","R","B",null,"M","?","M"],"character_chosen":"DEFECT","items_purchased":["Barrage"],"gold_per_floor":[110,127,127,101,119,119,136,136,160,190,208,233,248,282,282,378,378,392,352,371,371],"floor_reached":21,"campfire_rested":0,"playtime":989,"item_purchase_floors":[4],"current_hp_per_floor":[65,61,85,85,85,85,78,78,78,78,78,76,70,53,53,29,71,51,51,5,5],"items_purged":[],"gold":371,"score":270,"play_id":"37efdd2c-75a8-4b84-8e4e-4e907fc44baf","local_time":"20180619195023","is_prod":false,"is_daily":false,"chose_seed":false,"is_ascension_mode":true,"campfire_upgraded":3,"win_rate":0,"timestamp":1529430623,"campfire_choices":[{"data":"Dualcast","floor":6,"key":"SMITH"},{"data":"Gash","floor":8,"key":"SMITH"},{"data":"Creative AI","floor":15,"key":"SMITH"}],"path_taken":["M","M","?","$","?","R","M","R","T","E","M","?","M","E","R","BOSS","M","?","M","?"],"build_version":"2018-06-14v2","seed_source_timestamp":525393256270835,"purchased_purges":0,"victory":false,"master_deck":["Strike_B","Strike_B","Strike_B","Strike_B","Defend_B","Defend_B","Defend_B","Defend_B","Zap","Dualcast+1","Chill","Go for the Eyes","Barrage","Barrage","Gash+1","Creative AI+1","Ball Lightning","Conserve Battery","Undo","White Noise","Hyperbeam","Double Energy","Stack+1","Fusion","Heatsinks+1"],"max_hp_per_floor":[75,75,85,85,85,85,85,85,85,85,85,85,85,85,85,85,85,85,85,85,85],"relics":["Cracked Core","Anchor","Oddly Smooth Stone","Odd Mushroom","Prayer Wheel","Inserter"],"card_choices":[{"not_picked":["BootSequence","Barrage"],"picked":"Chill","floor":1},{"not_picked":["Darkness","Rebound"],"picked":"Go for the Eyes","floor":2},{"not_picked":["Compile Driver","Recycle"],"picked":"Barrage","floor":5},{"not_picked":["Rip and Tear","Blizzard"],"picked":"Gash","floor":7},{"not_picked":["Hyperbeam","Cold Snap"],"picked":"Creative AI","floor":10},{"not_picked":["Stack","Steam"],"picked":"Ball Lightning","floor":11},{"not_picked":["Leap","BootSequence"],"picked":"Conserve Battery","floor":12},{"not_picked":["Skim","Turbo"],"picked":"Undo","floor":13},{"not_picked":["Double Energy","Compile Driver"],"picked":"White Noise","floor":14},{"not_picked":["Biased Cognition","Echo Form"],"picked":"Hyperbeam","floor":16},{"not_picked":["Sweeping Beam","Heatsinks"],"picked":"Double Energy","floor":18},{"not_picked":["Force Field","Darkness+1"],"picked":"Stack+1","floor":18},{"not_picked":["Reprogram","Redo"],"picked":"Fusion","floor":20},{"not_picked":["Reprogram","Redo+1"],"picked":"Heatsinks+1","floor":20}],"player_experience":756706,"potions_floor_usage":[10,10,14,18],"damage_taken":[{"damage":10,"enemies":"Small Slimes","floor":1,"turns":3},{"damage":4,"enemies":"Cultist","floor":2,"turns":3},{"damage":0,"enemies":"2 Louse","floor":5,"turns":2},{"damage":7,"enemies":"Red Slaver","floor":7,"turns":2},{"damage":0,"enemies":"3 Sentries","floor":10,"turns":5},{"damage":0,"enemies":"3 Louse","floor":11,"turns":4},{"damage":2,"floor":12,"turns":4},{"damage":6,"enemies":"Large Slime","floor":13,"turns":5},{"damage":17,"enemies":"Gremlin Nob","floor":14,"turns":5},{"damage":24,"enemies":"Hexaghost","floor":16,"turns":8},{"damage":27,"enemies":"3 Byrds","floor":18,"turns":4},{"damage":46,"enemies":"Spheric Guardian","floor":20,"turns":6},{"damage":0,"enemies":"Slaver and Parasite","floor":21,"turns":1}],"relics_obtained":[{"floor":9,"key":"Anchor"},{"floor":10,"key":"Oddly Smooth Stone"},{"floor":12,"key":"Odd Mushroom"},{"floor":14,"key":"Prayer Wheel"}],"event_choices":[{"event_name":"Bonfire Elementals","player_choice":"RARE","floor":3,"damage_taken":0},{"event_name":"Mushrooms","player_choice":"Fought Mushrooms","floor":12,"damage_taken":0},{"event_name":"The Woman in Blue","player_choice":"Bought 3 Potions","floor":19,"damage_taken":0}],"boss_relics":[{"not_picked":["Eternal Feather","Nuclear Battery"],"picked":"Inserter"}],"items_purged_floors":[],"is_endless":false,"potions_floor_spawned":[1,2,12,14,20],"seed_played":"3539671421318250937","killed_by":"Slaver and Parasite","ascension_level":5,"potions_obtained":[{"floor":1,"key":"Swift Potion"},{"floor":2,"key":"AttackPotion"},{"floor":12,"key":"EssenceOfSteel"},{"floor":14,"key":"Explosive Potion"},{"floor":19,"key":"SkillPotion"},{"floor":19,"key":"LiquidBronze"},{"floor":19,"key":"Fire Potion"}],"is_trial":false}