{"gold_per_floor":[117,117,117,135,146,146,176,188,252,264,289,301,329,352,364,471,483,507,569,596,622,649,661,690,731,743,755,787,859,871,898,910,1018,1030,1057,461,461,506,519,519,551,551,578,19,37,37,47,57,57,57,57,57,6,6],"floor_reached":54,"playtime":8497,"items_purged":["Pain","Writhe"],"score":949,"play_id":"916de124-17dc-406a-84aa-7cd76f6dce23","local_time":"20190104192323","is_ascension_mode":true,"campfire_choices":[{"data":"Metallicize","floor":6.0,"key":"SMITH"},{"data":"Fiend Fire","floor":8.0,"key":"SMITH"},{"data":"Ghostly Armor","floor":12.0,"key":"SMITH"},{"floor":15.0,"key":"REST"},{"floor":23.0,"key":"REST"},{"data":"Shockwave","floor":27.0,"key":"SMITH"},{"floor":30.0,"key":"REST"},{"floor":32.0,"key":"REST"},{"floor":40.0,"key":"RECALL"},{"floor":42.0,"key":"REST"},{"floor":46.0,"key":"REST"},{"data":"1","floor":49.0,"key":"LIFT"},{"data":"Juggernaut","floor":52.0,"key":"SMITH"}],"neow_cost":"NONE","seed_source_timestamp":853643096797870,"circlet_count":0,"master_deck":["Strike_R","Strike_R","Strike_R","Strike_R","Strike_R","Defend_R","Defend_R","Defend_R","Defend_R","Impervious","Wild Strike+1","Metallicize+1","Fiend Fire+1","Ghostly Armor+1","Second Wind","Shockwave+1","Power Through+1","True Grit+1","Second Wind","Shockwave+1","Rampage+1","Juggernaut+1","Metallicize+1","Finesse","Master of Strategy","Iron Wave+1","Injury","Parasite","Shrug It Off","Armaments+1"],"special_seed":0,"relics":["Burning Blood","MawBank","Bronze Scales","WarpedTongs","Cursed Key","Bottled Lightning","WingedGreaves","Tiny Chest","Black Star","Lantern","HandDrill","Girya","Boot","Happy Flower","Ancient Tea Set","Oddly Smooth Stone","Orichalcum"],"potions_floor_usage":[54],"damage_taken":[{"damage":9.0,"enemies":"Cultist","floor":1.0,"turns":6.0},{"damage":0.0,"enemies":"Small Slimes","floor":4.0,"turns":4.0},{"damage":0.0,"enemies":"Jaw Worm","floor":5.0,"turns":3.0},{"damage":22.0,"enemies":"3 Sentries","floor":7.0,"turns":10.0},{"damage":3.0,"enemies":"Red Slaver","floor":11.0,"turns":2.0},{"damage":14.0,"enemies":"Looter","floor":13.0,"turns":3.0},{"damage":18.0,"enemies":"Lots of Slimes","floor":14.0,"turns":4.0},{"damage":40.0,"enemies":"Hexaghost","floor":16.0,"turns":12.0},{"damage":7.0,"enemies":"3 Byrds","floor":18.0,"turns":2.0},{"damage":6.0,"enemies":"Shell Parasite","floor":20.0,"turns":5.0},{"damage":15.0,"enemies":"Centurion and Healer","floor":21.0,"turns":5.0},{"damage":10.0,"enemies":"Shelled Parasite and Fungi","floor":22.0,"turns":7.0},{"damage":1.0,"enemies":"3 Cultists","floor":24.0,"turns":7.0},{"damage":3.0,"enemies":"Gremlin Leader","floor":25.0,"turns":6.0},{"damage":23.0,"enemies":"Centurion and Healer","floor":28.0,"turns":12.0},{"damage":43.0,"enemies":"Slavers","floor":29.0,"turns":7.0},{"damage":11.0,"enemies":"Chosen and Byrds","floor":31.0,"turns":9.0},{"damage":56.0,"enemies":"Champ","floor":33.0,"turns":14.0},{"damage":14.0,"enemies":"3 Darklings","floor":35.0,"turns":7.0},{"damage":20.0,"enemies":"2 Orb Walkers","floor":38.0,"turns":7.0},{"damage":3.0,"enemies":"3 Shapes","floor":39.0,"turns":6.0},{"damage":57.0,"enemies":"Reptomancer","floor":41.0,"turns":10.0},{"damage":0.0,"enemies":"Writhing Mass","floor":45.0,"turns":7.0},{"damage":0.0,"enemies":"Jaw Worm Horde","floor":47.0,"turns":5.0},{"damage":1.0,"enemies":"Sphere and 2 Shapes","floor":48.0,"turns":7.0},{"damage":71.0,"enemies":"Awakened One","floor":50.0,"turns":20.0},{"damage":66,"enemies":"Shield and Spear","floor":54,"turns":5}],"seed_played":"-8816252561814988259","potions_obtained":[{"floor":5.0,"key":"SmokeBomb"},{"floor":7.0,"key":"Dexterity Potion"},{"floor":13.0,"key":"AttackPotion"},{"floor":14.0,"key":"SteroidPotion"},{"floor":20.0,"key":"Energy Potion"},{"floor":25.0,"key":"BloodPotion"},{"floor":29.0,"key":"Strength Potion"},{"floor":33.0,"key":"Poison Potion"},{"floor":38.0,"key":"Block Potion"},{"floor":39.0,"key":"Block Potion"},{"floor":47.0,"key":"FearPotion"}],"is_trial":false,"path_per_floor":["M","T","?","M","M","R","E","R","T","?","M","R","M","M","R","B",null,"M","?","M","M","M","R","M","E","T","R","M","E","R","M","R","B",null,"M","$","?","?","M","R","E","R","T","$","M","R","M","M","R","B",null,"R","$","E"],"character_chosen":"IRONCLAD","items_purchased":["Finesse","Lantern","HandDrill","Regen Potion","Oddly Smooth Stone","Strength Potion","Swift Potion","Weak Potion","Orichalcum","Swift Potion"],"campfire_rested":6,"item_purchase_floors":[36,36,36,36,44,44,44,44,44,53],"current_hp_per_floor":[69,69,69,75,80,80,64,64,64,64,67,67,59,47,71,37,69,68,68,68,59,55,79,80,80,80,80,63,26,50,53,77,27,67,59,59,59,60,63,63,12,36,36,36,42,66,72,77,77,12,63,63,63,0],"gold":6,"neow_bonus":"TRANSFORM_CARD","is_prod":false,"is_daily":false,"chose_seed":false,"campfire_upgraded":5,"win_rate":0,"timestamp":1546597403,"path_taken":["M","?","?","?","M","R","E","R","T","?","M","R","?","M","R","BOSS","M","?","M","M","M","R","M","E","T","R","?","E","R","M","R","BOSS","M","$","?","?","M","R","E","R","T","$","M","R","M","M","R","BOSS","R","$","E"],"build_version":"2019-01-03v3","purchased_purges":2,"victory":false,"max_hp_per_floor":[80,80,80,80,80,80,80,80,80,80,80,80,80,80,80,80,80,80,80,80,80,80,80,80,80,80,80,80,80,80,80,80,80,80,80,80,80,80,80,80,80,80,80,80,80,80,80,80,80,80,80,80,80,80],"card_choices":[{"not_picked":["Perfected Strike","Body Slam"],"picked":"Wild Strike","floor":1.0},{"not_picked":["Havoc","Warcry"],"picked":"Metallicize","floor":4.0},{"not_picked":["Clothesline","Flex"],"picked":"Fiend Fire","floor":5.0},{"not_picked":["Warcry","Fire Breathing"],"picked":"Ghostly Armor","floor":7.0},{"not_picked":["Cleave","Infernal Blade","Iron Wave"],"picked":"SKIP","floor":11.0},{"not_picked":["Cleave","Dual Wield"],"picked":"Second Wind","floor":13.0},{"not_picked":["Sword Boomerang","Clash","Dropkick"],"picked":"SKIP","floor":14.0},{"not_picked":["Spot Weakness","Pommel Strike","Thunderclap+1"],"picked":"SKIP","floor":18.0},{"not_picked":["Entrench","Warcry"],"picked":"Shockwave","floor":20.0},{"not_picked":["Pummel","Searing Blow"],"picked":"Power Through+1","floor":21.0},{"not_picked":["Inflame+1","Shockwave+1"],"picked":"True Grit+1","floor":22.0},{"not_picked":["Clothesline","Pommel Strike"],"picked":"Second Wind","floor":24.0},{"not_picked":["Fire Breathing","Sword Boomerang","Feel No Pain"],"picked":"SKIP","floor":25.0},{"not_picked":["Feel No Pain","Wild Strike"],"picked":"Shockwave+1","floor":28.0},{"not_picked":["Flex","Bloodletting"],"picked":"Rampage+1","floor":29.0},{"not_picked":["Offering","Cleave","Iron Wave"],"picked":"SKIP","floor":31.0},{"not_picked":["Impervious","Demon Form"],"picked":"Juggernaut","floor":33.0},{"not_picked":["Sword Boomerang+1","Clothesline"],"picked":"Metallicize+1","floor":35.0},{"not_picked":["Purity","Secret Technique"],"picked":"Master of Strategy","floor":37.0},{"not_picked":["Warcry","Pommel Strike"],"picked":"Iron Wave+1","floor":38.0},{"not_picked":["Havoc","Clash+1","Twin Strike"],"picked":"SKIP","floor":39.0},{"not_picked":["Reckless Charge+1","Immolate","Havoc"],"picked":"SKIP","floor":41.0},{"not_picked":["Corruption","Anger"],"picked":"Shrug It Off","floor":45.0},{"not_picked":["Armaments","Perfected Strike+1","Bloodletting"],"picked":"SKIP","floor":47.0},{"not_picked":["Thunderclap","Shrug It Off+1"],"picked":"Armaments+1","floor":48.0}],"player_experience":275189,"relics_obtained":[{"floor":7.0,"key":"MawBank"},{"floor":9.0,"key":"Bronze Scales"},{"floor":25.0,"key":"Bottled Lightning"},{"floor":26.0,"key":"WingedGreaves"},{"floor":29.0,"key":"Tiny Chest"},{"floor":38.0,"key":"Girya"},{"floor":41.0,"key":"Boot"},{"floor":41.0,"key":"Happy Flower"},{"floor":43.0,"key":"Ancient Tea Set"}],"event_choices":[{"damage_healed":0.0,"max_hp_gain":0.0,"max_hp_loss":0.0,"gold_gain":0.0,"event_name":"Upgrade Shrine","player_choice":"Upgraded","floor":3.0,"gold_loss":0.0,"damage_taken":0.0,"cards_upgraded":["Wild Strike"]},{"damage_healed":0.0,"max_hp_gain":0.0,"max_hp_loss":0.0,"gold_gain":0.0,"event_name":"Accursed Blacksmith","player_choice":"Rummage","floor":10.0,"gold_loss":0.0,"damage_taken":0.0,"relics_obtained":["WarpedTongs"],"cards_obtained":["Pain"]},{"damage_healed":0.0,"max_hp_gain":0.0,"max_hp_loss":0.0,"gold_gain":100.0,"event_name":"The Joust","player_choice":"Bet on Murderer","floor":19.0,"gold_loss":50.0,"damage_taken":0.0},{"damage_healed":0.0,"max_hp_gain":0.0,"max_hp_loss":0.0,"gold_gain":0.0,"event_name":"SensoryStone","player_choice":"Memory 1","floor":37.0,"gold_loss":0.0,"damage_taken":0.0},{"damage_healed":0.0,"max_hp_gain":0.0,"max_hp_loss":0.0,"gold_gain":0.0,"event_name":"Mysterious Sphere","player_choice":"Fight","floor":38.0,"gold_loss":0.0,"damage_taken":0.0}],"is_beta":false,"boss_relics":[{"not_picked":["Busted Crown","Philosopher\u0027s Stone"],"picked":"Cursed Key"},{"not_picked":["Pandora\u0027s Box","Coffee Dripper"],"picked":"Black Star"}],"items_purged_floors":[36,44],"is_endless":false,"potions_floor_spawned":[5,7,13,14,20,21,22,25,29,33,38,39,47],"killed_by":"Shield and Spear","ascension_level":6}