{"gold_per_floor":[114,133,144,144,161,194,194,221,276,226,226,252,42,57,57,152,152,134,147,147,161,171,203,215,261,322,284,327,350,362,401,413,521,533,565,577],"floor_reached":36,"playtime":2486,"items_purged":[],"score":670,"play_id":"38d770dd-5427-4bcb-a933-beb689c0426c","local_time":"20180831142622","is_ascension_mode":true,"campfire_choices":[{"data":"Deadly Poison","floor":7.0,"key":"SMITH"},{"floor":11.0,"key":"REST"},{"data":"Bouncing Flask","floor":15.0,"key":"SMITH"},{"floor":24.0,"key":"REST"},{"floor":30.0,"key":"REST"},{"floor":32,"key":"REST"}],"neow_cost":"NONE","seed_source_timestamp":0,"circlet_count":0,"master_deck":["Defend_G","Defend_G","Defend_G","Defend_G","Defend_G","Strike_G","Strike_G","Strike_G","Strike_G","Survivor","Neutralize","Deadly Poison+1","Dodge and Roll","Malaise+1","Backflip","Caltrops","Bouncing Flask+1","Flying Knee","Venomology","Outmaneuver+1","Leg Sweep+1","Escape Plan","Setup","Adrenaline","Burst","Concentrate","Predator+1","Poisoned Stab","Crippling Poison+1","Unload","Backflip+1"],"special_seed":0,"relics":["Ring of the Snake","Ancient Tea Set","Ornamental Fan","Art of War","Tiny Chest","Lantern","Toolbox","Runic Pyramid","MawBank","Bronze Scales","Bag of Preparation","Bottled Flame","Dream Catcher","Velvet Choker"],"potions_floor_usage":[33,33,35],"damage_taken":[{"damage":1.0,"enemies":"Small Slimes","floor":1.0,"turns":4.0},{"damage":1.0,"enemies":"Jaw Worm","floor":2.0,"turns":4.0},{"damage":0.0,"enemies":"Cultist","floor":3.0,"turns":3.0},{"damage":0.0,"enemies":"Blue Slaver","floor":5.0,"turns":6.0},{"damage":18.0,"enemies":"Gremlin Nob","floor":6.0,"turns":5.0},{"damage":14.0,"enemies":"3 Sentries","floor":8.0,"turns":10.0},{"damage":4.0,"enemies":"Lagavulin","floor":12.0,"turns":10.0},{"damage":1.0,"enemies":"Red Slaver","floor":14.0,"turns":5.0},{"damage":17.0,"enemies":"Hexaghost","floor":16.0,"turns":8.0},{"damage":18.0,"enemies":"2 Thieves","floor":18.0,"turns":4.0},{"damage":0.0,"enemies":"Chosen","floor":19.0,"turns":5.0},{"damage":5.0,"enemies":"Snake Plant","floor":21.0,"turns":5.0},{"damage":7.0,"enemies":"Cultist and Chosen","floor":22.0,"turns":9.0},{"damage":3.0,"enemies":"Book of Stabbing","floor":23.0,"turns":5.0},{"damage":20.0,"enemies":"Slavers","floor":25.0,"turns":6.0},{"damage":1.0,"enemies":"Book of Stabbing","floor":28.0,"turns":6.0},{"damage":4.0,"enemies":"Chosen and Byrds","floor":29.0,"turns":6.0},{"damage":16.0,"enemies":"Slavers","floor":31.0,"turns":4.0},{"damage":49,"enemies":"Champ","floor":33,"turns":14},{"damage":43,"enemies":"3 Darklings","floor":35,"turns":7},{"damage":11,"enemies":"3 Shapes","floor":36,"turns":3}],"seed_played":"4497855645419832548","potions_obtained":[{"floor":2.0,"key":"GhostInAJar"},{"floor":5.0,"key":"Poison Potion"},{"floor":6.0,"key":"Fire Potion"},{"floor":12.0,"key":"Fire Potion"},{"floor":14.0,"key":"Energy Potion"},{"floor":16.0,"key":"LiquidBronze"},{"floor":25.0,"key":"Explosive Potion"}],"is_trial":false,"path_per_floor":["M","M","M","?","M","E","R","E","T","?","R","E","$","M","R","B",null,"M","M","?","M","M","E","R","E","T","?","E","M","R","E","R","B",null,"M"],"character_chosen":"THE_SILENT","items_purchased":["Toolbox"],"campfire_rested":4,"item_purchase_floors":[13],"current_hp_per_floor":[62,61,61,61,61,43,43,29,29,29,50,46,46,45,45,28,60,42,42,42,37,30,27,48,28,28,28,27,23,44,28,49,7,54,11,0],"gold":577,"neow_bonus":"RANDOM_COMMON_RELIC","is_prod":false,"is_daily":false,"chose_seed":false,"campfire_upgraded":2,"win_rate":0,"timestamp":1535718382,"path_taken":["M","M","M","?","M","E","R","E","T","?","R","E","$","?","R","BOSS","M","?","?","M","?","E","R","E","T","?","E","?","R","E","R","BOSS","M","M"],"build_version":"2018-08-30","purchased_purges":0,"victory":false,"max_hp_per_floor":[70,70,70,70,70,70,70,70,70,70,70,70,70,70,70,70,70,70,70,70,70,70,70,70,70,70,70,70,70,70,70,70,70,70,70,70],"card_choices":[{"not_picked":["Outmaneuver","Dodge and Roll"],"picked":"Deadly Poison","floor":1.0},{"not_picked":["Outmaneuver","Blade Dance"],"picked":"Dodge and Roll","floor":2.0},{"not_picked":["Outmaneuver","Sucker Punch"],"picked":"Malaise","floor":3.0},{"not_picked":["Reflex","Concentrate"],"picked":"Backflip","floor":5.0},{"not_picked":["Sucker Punch","Infinite Blades","Tactician"],"picked":"SKIP","floor":6.0},{"not_picked":["Underhanded Strike","Dash"],"picked":"Caltrops","floor":8.0},{"not_picked":["Reflex","Masterful Stab"],"picked":"Bouncing Flask","floor":12.0},{"not_picked":["Concentrate","Riddle With Holes"],"picked":"Flying Knee","floor":14.0},{"not_picked":["A Thousand Cuts","Bullet Time"],"picked":"Venomology","floor":16.0},{"not_picked":["Dodge and Roll","Terror+1"],"picked":"Outmaneuver+1","floor":18.0},{"not_picked":["PiercingWail","Slice"],"picked":"Leg Sweep+1","floor":19.0},{"not_picked":["All Out Attack","Caltrops"],"picked":"Setup","floor":21.0},{"not_picked":["Flying Knee+1","Deflect"],"picked":"Adrenaline","floor":22.0},{"not_picked":["Prepared+1","Acrobatics"],"picked":"Burst","floor":23.0},{"not_picked":["Heel Hook","Well Laid Plans"],"picked":"Concentrate","floor":25.0},{"not_picked":["Riddle With Holes+1","Slice","Blade Dance+1"],"picked":"SKIP","floor":28.0},{"not_picked":["Calculated Gamble","Terror+1"],"picked":"Predator+1","floor":29.0},{"not_picked":["Quick Slash","Flechettes+1"],"picked":"Poisoned Stab","floor":31.0},{"not_picked":["Flying Knee","Outmaneuver"],"picked":"Crippling Poison+1","floor":32},{"not_picked":["Glass Knife","Grand Finale"],"picked":"Unload","floor":33},{"not_picked":["Heel Hook+1","Cloak And Dagger"],"picked":"Backflip+1","floor":35}],"player_experience":939412,"relics_obtained":[{"floor":6.0,"key":"Ornamental Fan"},{"floor":8.0,"key":"Art of War"},{"floor":9.0,"key":"Tiny Chest"},{"floor":12.0,"key":"Lantern"},{"floor":23.0,"key":"MawBank"},{"floor":25.0,"key":"Bronze Scales"},{"floor":26.0,"key":"Bag of Preparation"},{"floor":28.0,"key":"Bottled Flame"},{"floor":31.0,"key":"Dream Catcher"}],"event_choices":[{"event_name":"Living Wall","player_choice":"Grow","floor":4.0,"damage_taken":0.0},{"event_name":"World of Goop","player_choice":"Left","floor":10.0,"damage_taken":0.0},{"event_name":"Transmorgrifier","player_choice":"Transform","floor":20.0,"damage_taken":0.0},{"event_name":"The Joust","player_choice":"Bet on Murderer","floor":27.0,"damage_taken":0.0}],"is_beta":false,"boss_relics":[{"not_picked":["Empty Cage","Philosopher\u0027s Stone"],"picked":"Runic Pyramid"},{"not_picked":["Coffee Dripper","Sozu"],"picked":"Velvet Choker"}],"items_purged_floors":[],"is_endless":false,"potions_floor_spawned":[2,5,6,12,14,16,19,23,25],"killed_by":"3 Shapes","ascension_level":9}