{"gold_per_floor":[118,129,29,44,22,56,56,69,69,69,69,82,110,110,110,215,215,229,229,229,229,241,271,271,296,320,245,263,290,290,307,307,410,410,423,423,423,473,0,0,0,20,20,20,40,40,67,94,106,118],"floor_reached":50,"playtime":2789,"items_purged":["Regret"],"score":742,"play_id":"305894f4-45cb-4751-8c60-acf985b03ee3","local_time":"20180726181850","is_ascension_mode":true,"campfire_choices":[{"data":"Clothesline","floor":7.0,"key":"SMITH"},{"floor":10.0,"key":"REST"},{"floor":15.0,"key":"REST"},{"floor":24.0,"key":"REST"},{"floor":30.0,"key":"REST"},{"data":"Demon Form","floor":32.0,"key":"SMITH"},{"floor":40.0,"key":"REST"},{"data":"Double Tap","floor":44.0,"key":"SMITH"},{"floor":46.0,"key":"REST"},{"floor":49,"key":"REST"}],"neow_cost":"CURSE","seed_source_timestamp":0,"circlet_count":0,"master_deck":["Bash","Rupture","Spot Weakness","Flex","Shrug It Off","Clothesline+1","Exhume","Power Through","Heavy Blade+1","Feed+1","Bash+1","Demon Form+1","Heavy Blade+1","Iron Wave+1","Bite+1","Bite+1","Bite+1","Bite+1","Bite+1","Power Through+1","Armaments+1","Double Tap+1","Warcry","Anger+1","Clash+1","Rupture","Madness","Madness"],"special_seed":0,"relics":["Burning Blood","Turnip","Strawberry","Molten Egg 2","Du-Vu Doll","Kunai","Busted Crown","Singing Bowl","Bottled Lightning","Bottled Tornado","Juzu Bracelet","Champion Belt","Pandora\u0027s Box","Bird Faced Urn","Red Mask","Gremlin Horn","Frozen Egg 2","MawBank"],"potions_floor_usage":[48,50,50],"damage_taken":[{"damage":19.0,"enemies":"Cultist","floor":1.0,"turns":5.0},{"damage":17.0,"enemies":"Jaw Worm","floor":2.0,"turns":3.0},{"damage":6.0,"enemies":"2 Louse","floor":4.0,"turns":4.0},{"damage":21.0,"enemies":"Lagavulin","floor":6.0,"turns":6.0},{"damage":14.0,"enemies":"Large Slime","floor":8.0,"turns":7.0},{"damage":4.0,"enemies":"Looter","floor":12.0,"turns":3.0},{"damage":23.0,"enemies":"3 Sentries","floor":13.0,"turns":9.0},{"damage":10.0,"enemies":"Slime Boss","floor":16.0,"turns":7.0},{"damage":12.0,"enemies":"Chosen","floor":18.0,"turns":5.0},{"damage":21.0,"enemies":"Shell Parasite","floor":22.0,"turns":3.0},{"damage":23.0,"enemies":"Book of Stabbing","floor":23.0,"turns":4.0},{"damage":41.0,"enemies":"Slavers","floor":25.0,"turns":6.0},{"damage":23.0,"enemies":"Centurion and Healer","floor":28.0,"turns":4.0},{"damage":11.0,"enemies":"Book of Stabbing","floor":29.0,"turns":4.0},{"damage":26.0,"enemies":"Chosen and Byrds","floor":31.0,"turns":6.0},{"damage":42.0,"enemies":"Collector","floor":33.0,"turns":7.0},{"damage":11.0,"enemies":"Orb Walker","floor":35.0,"turns":4.0},{"damage":58.0,"floor":38.0,"turns":5.0},{"damage":27.0,"enemies":"3 Darklings","floor":42.0,"turns":5.0},{"damage":62.0,"enemies":"Maw","floor":45.0,"turns":6.0},{"damage":5,"enemies":"Flame Bruiser 2 Orb","floor":48,"turns":4},{"damage":96,"enemies":"Time Eater","floor":50,"turns":8}],"seed_played":"4337428164153511030","potions_obtained":[{"floor":4.0,"key":"PowerPotion"},{"floor":6.0,"key":"PowerPotion"},{"floor":13.0,"key":"SteroidPotion"},{"floor":16.0,"key":"SpeedPotion"},{"floor":22.0,"key":"Explosive Potion"},{"floor":25.0,"key":"Weak Potion"},{"floor":29.0,"key":"SpeedPotion"},{"floor":35.0,"key":"Fire Potion"},{"floor":42.0,"key":"LiquidBronze"}],"is_trial":false,"path_per_floor":["M","M","$","M","$","E","R","M","T","R","?","M","E","?","R","B",null,"M","?","?","?","M","E","R","E","T","?","M","E","R","M","R","B",null,"M","?","?","?","?","R","T","M","T","R","M","R","T","M","R"],"character_chosen":"IRONCLAD","items_purchased":["Flex","Clothesline"],"campfire_rested":7,"item_purchase_floors":[3,5],"current_hp_per_floor":[59,48,48,48,48,40,40,32,32,58,33,35,18,18,44,40,75,69,69,69,60,47,33,51,28,28,28,23,29,50,44,44,23,60,66,66,57,19,19,41,41,41,41,41,14,38,38,57,81,0],"gold":118,"neow_bonus":"ONE_RARE_RELIC","is_prod":false,"is_daily":false,"chose_seed":false,"campfire_upgraded":3,"win_rate":0,"timestamp":1532621930,"path_taken":["M","M","$","M","?","E","R","M","T","R","?","M","E","?","R","BOSS","M","?","?","?","M","E","R","E","T","?","M","E","R","M","R","BOSS","M","?","?","?","?","R","?","M","T","R","M","R","?","M","R","BOSS"],"build_version":"2018-07-19v2","purchased_purges":1,"victory":false,"max_hp_per_floor":[80,80,80,80,80,87,87,87,87,87,87,87,87,87,87,87,87,87,87,87,60,62,62,62,62,62,62,68,70,70,72,72,72,72,74,74,74,76,76,76,76,78,78,78,80,80,80,82,82,82],"card_choices":[{"not_picked":["Body Slam","Heavy Blade"],"picked":"Rupture","floor":1.0},{"not_picked":["Heavy Blade","Sword Boomerang"],"picked":"Spot Weakness","floor":2.0},{"not_picked":["Flex","Reckless Charge"],"picked":"Shrug It Off","floor":4.0},{"not_picked":["Entrench","Rupture"],"picked":"Exhume","floor":6.0},{"not_picked":["Clothesline","Twin Strike"],"picked":"Power Through","floor":8.0},{"not_picked":["Havoc","Armaments"],"picked":"Heavy Blade+1","floor":12.0},{"not_picked":["Armaments","Ghostly Armor"],"picked":"Feed+1","floor":13.0},{"not_picked":["Berserk","Exhume"],"picked":"Demon Form","floor":16.0},{"not_picked":[],"picked":"Heavy Blade+1","floor":18.0},{"not_picked":["Burning Pact"],"picked":"Singing Bowl","floor":22.0},{"not_picked":[],"picked":"Power Through+1","floor":23.0},{"not_picked":[],"picked":"Armaments+1","floor":25.0},{"not_picked":["Anger+1"],"picked":"Singing Bowl","floor":28.0},{"not_picked":["Heavy Blade+1"],"picked":"Singing Bowl","floor":29.0},{"not_picked":["Flex"],"picked":"Singing Bowl","floor":31.0},{"not_picked":[],"picked":"Double Tap","floor":33.0},{"not_picked":["True Grit+1"],"picked":"Singing Bowl","floor":35.0},{"not_picked":["Perfected Strike+1"],"picked":"Singing Bowl","floor":38.0},{"not_picked":["Headbutt+1"],"picked":"Singing Bowl","floor":42.0},{"not_picked":["Flame Barrier"],"picked":"Singing Bowl","floor":45.0},{"not_picked":["Sword Boomerang+1"],"picked":"Singing Bowl","floor":48}],"player_experience":835696,"relics_obtained":[{"floor":6.0,"key":"Strawberry"},{"floor":9.0,"key":"Molten Egg 2"},{"floor":13.0,"key":"Kunai"},{"floor":23.0,"key":"Bottled Lightning"},{"floor":25.0,"key":"Bottled Tornado"},{"floor":26.0,"key":"Juzu Bracelet"},{"floor":29.0,"key":"Champion Belt"},{"floor":38.0,"key":"Bird Faced Urn"},{"floor":41.0,"key":"Gremlin Horn"},{"floor":43.0,"key":"Frozen Egg 2"},{"floor":47.0,"key":"MawBank"}],"event_choices":[{"event_name":"Scrap Ooze","player_choice":"success","floor":11.0,"damage_taken":25.0},{"event_name":"Match and Keep!","player_choice":"2 cards matched","floor":14.0,"damage_taken":0.0},{"event_name":"The Mausoleum","player_choice":"Yes","floor":19.0,"damage_taken":0.0},{"event_name":"The Library","player_choice":"Read","floor":20.0,"damage_taken":0.0},{"event_name":"Vampires","player_choice":"Became a vampire","floor":21.0,"damage_taken":0.0},{"event_name":"Beggar","player_choice":"Gave Gold","floor":27.0,"damage_taken":0.0},{"event_name":"Falling","player_choice":"Removed Power","floor":36.0,"damage_taken":0.0},{"event_name":"Winding Halls","player_choice":"Embrace Madness","floor":37.0,"damage_taken":0.0},{"event_name":"Mysterious Sphere","player_choice":"Fight","floor":38.0,"damage_taken":0.0},{"event_name":"Tomb of Lord Red Mask","player_choice":"Paid","floor":39.0,"damage_taken":0.0}],"is_beta":false,"boss_relics":[{"not_picked":["Orrery","Tiny House"],"picked":"Busted Crown"},{"not_picked":["Cursed Key","Coffee Dripper"],"picked":"Pandora\u0027s Box"}],"items_purged_floors":[3],"is_endless":false,"potions_floor_spawned":[4,6,13,16,22,25,29,35,42],"killed_by":"Time Eater","ascension_level":7}