{"gold_per_floor":[111,111,111,126,301,301,345,50,50,71,95,95],"floor_reached":12,"playtime":3073,"items_purged":["Doubt"],"score":162,"play_id":"c9256af0-0b4f-4605-9c85-9119ee8ea2f7","local_time":"20190124180215","is_ascension_mode":true,"campfire_choices":[{"data":"PiercingWail","floor":6,"key":"SMITH"}],"neow_cost":"NONE","seed_source_timestamp":1264061220323151,"circlet_count":0,"master_deck":["AscendersBane","Defend_G","Defend_G","Defend_G","Defend_G","Defend_G","Strike_G","Strike_G","Strike_G","Strike_G+1","Strike_G","Survivor","Neutralize+1","Outmaneuver","PiercingWail+1","Noxious Fumes","Accuracy","Storm of Steel","Doppelganger"],"relics":["Ring of the Snake","NeowsBlessing","Golden Idol","Blue Candle","Boot","Centennial Puzzle"],"potions_floor_usage":[12,12],"damage_taken":[{"damage":0,"enemies":"Small Slimes","floor":1,"turns":1},{"damage":0,"enemies":"2 Louse","floor":4,"turns":1},{"damage":0,"enemies":"Gremlin Nob","floor":7,"turns":1},{"damage":4,"enemies":"Jaw Worm","floor":10,"turns":4},{"damage":0,"enemies":"3 Sentries","floor":12,"turns":2}],"seed_played":"-4527835835344079007","potions_obtained":[{"floor":7,"key":"Weak Potion"},{"floor":10,"key":"Poison Potion"}],"is_trial":false,"path_per_floor":["M","?","?","M","?","R","E","$","T","M","T","E"],"character_chosen":"THE_SILENT","items_purchased":["Accuracy","Storm of Steel"],"campfire_rested":0,"item_purchase_floors":[8,8],"current_hp_per_floor":[63,46,32,32,32,32,32,32,32,28,28,28],"gold":95,"neow_bonus":"THREE_ENEMY_KILL","is_prod":false,"is_daily":false,"chose_seed":false,"campfire_upgraded":1,"win_rate":0,"timestamp":1548349335,"path_taken":["M","?","?","M","?","R","E","?","T","?","?","E"],"build_version":"2019-01-23","purchased_purges":1,"victory":false,"max_hp_per_floor":[70,70,70,70,70,70,70,70,70,70,70,70],"card_choices":[{"not_picked":["Bane","Eviscerate"],"picked":"Outmaneuver","floor":1},{"not_picked":["Backflip","Poisoned Stab"],"picked":"PiercingWail","floor":4},{"not_picked":["Bane","Prepared"],"picked":"Noxious Fumes","floor":7},{"not_picked":["Blade Dance","Slice"],"picked":"Doppelganger","floor":10}],"player_experience":2034540,"relics_obtained":[{"floor":7,"key":"Blue Candle"},{"floor":9,"key":"Boot"},{"floor":11,"key":"Centennial Puzzle"}],"event_choices":[{"damage_healed":0,"gold_gain":0,"player_choice":"Take Damage","damage_taken":17,"relics_obtained":["Golden Idol"],"max_hp_gain":0,"max_hp_loss":0,"event_name":"Golden Idol","floor":2,"gold_loss":0},{"damage_healed":0,"gold_gain":0,"player_choice":"Entered Light","damage_taken":14,"max_hp_gain":0,"max_hp_loss":0,"event_name":"Shining Light","floor":3,"gold_loss":0,"cards_upgraded":["Neutralize","Strike_G"]},{"damage_healed":0,"gold_gain":175,"player_choice":"AGREE","damage_taken":0,"max_hp_gain":0,"max_hp_loss":0,"event_name":"Liars Game","floor":5,"gold_loss":0,"cards_obtained":["Doubt"]}],"is_beta":false,"boss_relics":[],"items_purged_floors":[8],"is_endless":false,"potions_floor_spawned":[7,10],"killed_by":"3 Sentries","ascension_level":12}