{"gold_per_floor":[113,113,263,276,54,54,80,80,80,5,40,40,105,105],"floor_reached":14,"playtime":341,"items_purged":["Doubt"],"score":258,"play_id":"ebacf14e-22fa-448d-84b7-1ba2f4ce9c0f","local_time":"20181103124736","is_ascension_mode":true,"campfire_choices":[{"data":"Pommel Strike","floor":6,"key":"SMITH"},{"data":"Disarm","floor":8,"key":"SMITH"}],"neow_cost":"NONE","seed_source_timestamp":150729327944121,"circlet_count":0,"master_deck":["AscendersBane","Strike_R+1","Strike_R","Strike_R","Strike_R","Strike_R","Defend_R+1","Defend_R","Defend_R","Defend_R","Bash+1","Feel No Pain","Pommel Strike+1","Disarm+1","Cleave","Barricade"],"relics":["Burning Blood","NeowsBlessing","Medical Kit","Kunai","Gambling Chip","Ginger","Tiny Chest"],"potions_floor_usage":[11,13],"damage_taken":[{"damage":0,"enemies":"Jaw Worm","floor":1,"turns":1},{"damage":0,"enemies":"2 Louse","floor":4,"turns":2},{"damage":0,"enemies":"Lagavulin","floor":7,"turns":1},{"damage":26,"enemies":"3 Sentries","floor":11,"turns":13},{"damage":28,"enemies":"Lagavulin","floor":13,"turns":6},{"damage":16,"enemies":"Small Slimes","floor":14,"turns":2}],"seed_played":"7540492229515699815","potions_obtained":[{"floor":1,"key":"Swift Potion"},{"floor":11,"key":"SteroidPotion"}],"is_trial":false,"path_per_floor":["M","?","?","M","$","R","E","R","T","$","E","?","E","M"],"character_chosen":"IRONCLAD","items_purchased":["Medical Kit"],"campfire_rested":0,"item_purchase_floors":[5],"current_hp_per_floor":[74,74,74,75,75,75,75,75,75,75,55,32,10,0],"gold":105,"neow_bonus":"THREE_ENEMY_KILL","is_prod":false,"is_daily":false,"chose_seed":false,"campfire_upgraded":2,"win_rate":0,"timestamp":1541263656,"path_taken":["M","?","?","M","?","R","E","R","T","$","E","?","E","M"],"build_version":"2018-11-02","purchased_purges":1,"victory":false,"max_hp_per_floor":[75,75,75,75,75,75,75,75,75,75,75,75,75,75],"card_choices":[{"not_picked":["Thunderclap","Pommel Strike"],"picked":"Feel No Pain","floor":1},{"not_picked":["Twin Strike","Armaments"],"picked":"Pommel Strike","floor":4},{"not_picked":["Armaments","Perfected Strike"],"picked":"Disarm","floor":7},{"not_picked":["Heavy Blade","Havoc"],"picked":"Cleave","floor":11},{"not_picked":["Rage","Twin Strike"],"picked":"Barricade","floor":13}],"player_experience":1140283,"relics_obtained":[{"floor":7,"key":"Kunai"},{"floor":9,"key":"Gambling Chip"},{"floor":11,"key":"Ginger"},{"floor":13,"key":"Tiny Chest"}],"event_choices":[{"damage_healed":0,"gold_gain":0,"player_choice":"Grow","damage_taken":0,"max_hp_gain":0,"max_hp_loss":0,"event_name":"Living Wall","floor":2,"gold_loss":0,"cards_upgraded":["Bash"]},{"damage_healed":0,"gold_gain":150,"player_choice":"AGREE","damage_taken":0,"max_hp_gain":0,"max_hp_loss":0,"event_name":"Liars Game","floor":3,"gold_loss":0,"cards_obtained":["Doubt"]},{"damage_healed":0,"gold_gain":0,"player_choice":"Entered Light","damage_taken":23,"max_hp_gain":0,"max_hp_loss":0,"event_name":"Shining Light","floor":12,"gold_loss":0,"cards_upgraded":["Defend_R","Strike_R"]}],"is_beta":true,"boss_relics":[],"items_purged_floors":[10],"is_endless":false,"potions_floor_spawned":[1,11],"killed_by":"Small Slimes","ascension_level":20}