{"gold_per_floor":[112,187,187,207,83,83,101,114,141,141],"floor_reached":10,"playtime":2200,"items_purged":[],"score":90,"play_id":"c2294dce-0870-4012-ac35-fa4d5c6674cd","local_time":"20181204101734","is_ascension_mode":true,"campfire_choices":[{"data":"Escape Plan","floor":6,"key":"SMITH"}],"neow_cost":"NONE","seed_source_timestamp":78671927238894,"circlet_count":0,"master_deck":["AscendersBane","Defend_G","Defend_G","Defend_G","Defend_G","Defend_G","Strike_G","Strike_G","Strike_G","Strike_G","Strike_G","Survivor","Neutralize","Escape Plan+1","Backstab","PiercingWail"],"relics":["Ring of the Snake","NeowsBlessing","Happy Flower","Tiny Chest","Centennial Puzzle"],"potions_floor_usage":[10,10],"damage_taken":[{"damage":0,"enemies":"Small Slimes","floor":1,"turns":1},{"damage":0,"enemies":"2 Louse","floor":4,"turns":1},{"damage":0,"enemies":"Cultist","floor":7,"turns":1},{"damage":7,"enemies":"Lots of Slimes","floor":8,"turns":8},{"damage":17,"enemies":"3 Sentries","floor":10,"turns":6}],"seed_played":"3876441952085317833","potions_obtained":[{"floor":4,"key":"EssenceOfSteel"},{"floor":7,"key":"AttackPotion"},{"floor":8,"key":"AttackPotion"}],"is_trial":false,"path_per_floor":["M","?","?","M","$","R","M","M","T","E"],"character_chosen":"THE_SILENT","items_purchased":["Tiny Chest"],"campfire_rested":0,"item_purchase_floors":[5],"current_hp_per_floor":[63,52,52,52,52,52,52,45,45,28],"gold":141,"neow_bonus":"THREE_ENEMY_KILL","is_prod":false,"is_daily":false,"chose_seed":false,"campfire_upgraded":1,"win_rate":0,"timestamp":1543915054,"path_taken":["M","?","?","?","?","R","M","M","T","E"],"build_version":"2018-11-15","purchased_purges":0,"victory":false,"max_hp_per_floor":[70,70,70,70,70,70,70,70,70,70],"card_choices":[{"not_picked":["Backflip","PiercingWail"],"picked":"Cloak And Dagger","floor":1},{"not_picked":["Dodge and Roll","Deflect"],"picked":"Escape Plan","floor":4},{"not_picked":["Flying Knee","Dagger Spray"],"picked":"Backstab","floor":7},{"not_picked":["Expertise","Eviscerate"],"picked":"PiercingWail","floor":8}],"player_experience":1640432,"relics_obtained":[{"floor":9,"key":"Centennial Puzzle"}],"event_choices":[{"damage_healed":0,"gold_gain":75,"player_choice":"Gather Gold","damage_taken":11,"max_hp_gain":0,"max_hp_loss":0,"event_name":"World of Goop","floor":2,"gold_loss":0},{"cards_removed":["Cloak And Dagger"],"damage_healed":0,"gold_gain":0,"player_choice":"Gave Card","damage_taken":0,"relics_obtained":["Happy Flower"],"max_hp_gain":0,"max_hp_loss":0,"event_name":"WeMeetAgain","floor":3,"gold_loss":0}],"is_beta":false,"boss_relics":[],"items_purged_floors":[],"is_endless":false,"potions_floor_spawned":[4,7,8],"killed_by":"3 Sentries","ascension_level":11}