{"gold_per_floor":[113,129,29,29,179,179,210,210,210,220,220,248,261,287,287,358,358,369,388,388,55,73,73,91,104,104,120,120,120,45,45],"floor_reached":31,"playtime":1083,"items_purged":["Strike_R"],"score":610,"play_id":"20096b2a-c186-4c0a-9589-2e0f539e01f0","local_time":"20181027131012","is_ascension_mode":true,"campfire_choices":[{"data":"Uppercut","floor":6.0,"key":"SMITH"},{"data":"Hemokinesis","floor":11.0,"key":"SMITH"},{"data":"Inflame","floor":15.0,"key":"SMITH"},{"floor":23,"key":"REST"},{"floor":28,"key":"REST"}],"neow_cost":"NONE","seed_source_timestamp":598654695648857,"circlet_count":0,"master_deck":["Strike_R+1","Strike_R","Strike_R","Strike_R","Defend_R","Defend_R","Defend_R","Defend_R","Bash","AscendersBane","Wild Strike","Rampage+1","Uppercut+1","True Grit","Limit Break","Hemokinesis+1","Offering","Shrug It Off","Inflame+1","Immolate","Corruption","Clothesline+1","Feel No Pain","Flame Barrier","True Grit","Iron Wave","Fiend Fire"],"special_seed":0,"relics":["Burning Blood","NeowsBlessing","Blood Vial","Self Forming Clay","Happy Flower","Matryoshka","Black Star","Oddly Smooth Stone","Potion Belt","Ancient Tea Set","Enchiridion"],"potions_floor_usage":[24,31],"damage_taken":[{"damage":0.0,"enemies":"Cultist","floor":1.0,"turns":1.0},{"damage":0.0,"enemies":"Jaw Worm","floor":2.0,"turns":1.0},{"damage":0.0,"enemies":"Gremlin Nob","floor":7.0,"turns":1.0},{"damage":5.0,"enemies":"Small Slimes","floor":10.0,"turns":4.0},{"damage":33.0,"enemies":"3 Sentries","floor":12.0,"turns":10.0},{"damage":3.0,"enemies":"Blue Slaver","floor":13.0,"turns":4.0},{"damage":2.0,"enemies":"Gremlin Nob","floor":14.0,"turns":3.0},{"damage":46.0,"enemies":"Hexaghost","floor":16.0,"turns":8.0},{"damage":24,"enemies":"3 Byrds","floor":18,"turns":6},{"damage":15,"enemies":"Chosen","floor":19,"turns":5},{"damage":21,"enemies":"Centurion and Healer","floor":22,"turns":8},{"damage":15,"enemies":"Snecko","floor":24,"turns":6},{"damage":28,"enemies":"Snake Plant","floor":25,"turns":6},{"damage":23,"enemies":"Centurion and Healer","floor":27,"turns":7},{"damage":19,"enemies":"Book of Stabbing","floor":31,"turns":3}],"seed_played":"-8926691501070954582","potions_obtained":[{"floor":2.0,"key":"FearPotion"},{"floor":7.0,"key":"Ancient Potion"},{"floor":10.0,"key":"Fruit Juice"},{"floor":13.0,"key":"SkillPotion"},{"floor":22,"key":"Ancient Potion"},{"floor":24,"key":"Fruit Juice"},{"floor":27,"key":"SkillPotion"}],"is_trial":false,"path_per_floor":["M","M","$","?","?","R","E","?","T","M","R","E","M","E","R","B",null,"M","M","?","$","M","R","M","M","T","M","R","?","$"],"character_chosen":"IRONCLAD","items_purchased":["Uppercut","True Grit","Oddly Smooth Stone","Feel No Pain","Flame Barrier"],"campfire_rested":2,"item_purchase_floors":[3,3,21,21,21],"current_hp_per_floor":[74,75,75,52,52,52,58,51,51,59,59,34,39,45,45,7,62,46,39,39,39,26,50,48,28,28,13,38,17,17,0],"gold":45,"neow_bonus":"THREE_ENEMY_KILL","is_prod":false,"is_daily":false,"chose_seed":false,"campfire_upgraded":3,"win_rate":0,"timestamp":1540660212,"path_taken":["M","?","$","?","?","R","E","?","T","?","R","E","M","E","R","BOSS","M","M","?","$","M","R","M","M","T","?","R","?","$","E"],"build_version":"2018-10-25v2","purchased_purges":1,"victory":false,"max_hp_per_floor":[75,75,75,75,75,75,75,75,75,80,80,80,80,80,80,80,80,80,80,80,80,80,80,85,85,85,85,85,85,85,85],"card_choices":[{"not_picked":["Havoc","Blood for Blood"],"picked":"Wild Strike","floor":1.0},{"not_picked":["Pommel Strike","Thunderclap"],"picked":"Rampage","floor":2.0},{"not_picked":["Reaper","Uppercut"],"picked":"Limit Break","floor":7.0},{"not_picked":["Twin Strike","True Grit"],"picked":"Hemokinesis","floor":10.0},{"not_picked":["Heavy Blade","Cleave"],"picked":"Offering","floor":12.0},{"not_picked":["Twin Strike","Infernal Blade"],"picked":"Shrug It Off","floor":13.0},{"not_picked":["Sever Soul","Flex"],"picked":"Inflame","floor":14.0},{"not_picked":["Barricade","Brutality"],"picked":"Immolate","floor":16.0},{"not_picked":["Flex","Clothesline"],"picked":"Corruption","floor":18},{"not_picked":["Wild Strike","Heavy Blade"],"picked":"Clothesline+1","floor":19},{"not_picked":["Warcry","Pommel Strike"],"picked":"True Grit","floor":22},{"not_picked":["Clash","Warcry","Wild Strike"],"picked":"SKIP","floor":24},{"not_picked":["Heavy Blade","Twin Strike"],"picked":"Iron Wave","floor":25},{"not_picked":["Twin Strike","Seeing Red"],"picked":"Fiend Fire","floor":27}],"player_experience":1081843,"relics_obtained":[{"floor":7.0,"key":"Blood Vial"},{"floor":9.0,"key":"Self Forming Clay"},{"floor":12.0,"key":"Happy Flower"},{"floor":14.0,"key":"Matryoshka"},{"floor":26,"key":"Potion Belt"},{"floor":26,"key":"Ancient Tea Set"},{"floor":29,"key":"Enchiridion"}],"event_choices":[{"damage_healed":0.0,"max_hp_gain":0.0,"max_hp_loss":0.0,"gold_gain":0.0,"event_name":"Shining Light","player_choice":"Entered Light","floor":4.0,"gold_loss":0.0,"damage_taken":23.0,"cards_upgraded":["Rampage","Strike_R"]},{"damage_healed":0.0,"max_hp_gain":0.0,"max_hp_loss":0.0,"gold_gain":150.0,"event_name":"Liars Game","player_choice":"AGREE","floor":5.0,"gold_loss":0.0,"damage_taken":0.0,"cards_obtained":["Doubt"]},{"cards_removed":["Doubt"],"damage_healed":0.0,"max_hp_gain":0.0,"max_hp_loss":0.0,"gold_gain":0.0,"event_name":"Golden Wing","player_choice":"Card Removal","floor":8.0,"gold_loss":0.0,"damage_taken":7.0},{"damage_healed":0,"gold_gain":0,"player_choice":"Ignored","damage_taken":0,"max_hp_gain":0,"max_hp_loss":0,"event_name":"N\u0027loth","floor":20,"gold_loss":0},{"damage_healed":0,"gold_gain":0,"player_choice":"Obtained Book","damage_taken":21,"max_hp_gain":0,"max_hp_loss":0,"event_name":"Cursed Tome","floor":29,"gold_loss":0}],"is_beta":false,"boss_relics":[{"not_picked":["Velvet Choker","Black Blood"],"picked":"Black Star"}],"items_purged_floors":[30],"is_endless":false,"potions_floor_spawned":[2,7,10,13,22,24,27],"killed_by":"Book of Stabbing","ascension_level":20}