{"gold_per_floor":[116,195,195,242,258,290,290,306,306,340,355,366,397,397],"floor_reached":14,"playtime":285,"items_purged":[],"score":209,"play_id":"19ae7418-a2b1-4fb5-8bd9-c7284f6b6917","local_time":"20190106163858","is_ascension_mode":true,"campfire_choices":[{"data":"Burst","floor":7.0,"key":"SMITH"}],"neow_cost":"NONE","seed_source_timestamp":0,"circlet_count":0,"master_deck":["AscendersBane","Defend_G","Defend_G","Defend_G+1","Defend_G+1","Defend_G","Strike_G","Strike_G","Strike_G+1","Strike_G+1","Strike_G","Survivor","Neutralize","All Out Attack+1","Caltrops","Burst+1","Escape Plan","Die Die Die","Dagger Throw","Skewer"],"special_seed":0,"relics":["Ring of the Snake","NeowsBlessing","War Paint","Whetstone","Pear","Pantograph","Lantern"],"potions_floor_usage":[],"damage_taken":[{"damage":0.0,"enemies":"Jaw Worm","floor":1.0,"turns":1.0},{"damage":0.0,"enemies":"2 Louse","floor":5.0,"turns":1.0},{"damage":0.0,"enemies":"Lagavulin","floor":6.0,"turns":1.0},{"damage":2.0,"enemies":"Cultist","floor":8.0,"turns":4.0},{"damage":52.0,"enemies":"Gremlin Nob","floor":10.0,"turns":4.0},{"damage":0.0,"enemies":"Lots of Slimes","floor":11.0,"turns":1.0},{"damage":0.0,"enemies":"Exordium Wildlife","floor":12.0,"turns":2.0},{"damage":6.0,"enemies":"Lagavulin","floor":13.0,"turns":7.0},{"damage":0,"enemies":"Large Slime","floor":14,"turns":1}],"seed_played":"5660441254342440154","potions_obtained":[{"floor":6.0,"key":"Regen Potion"},{"floor":10.0,"key":"EssenceOfSteel"},{"floor":11.0,"key":"Dexterity Potion"}],"is_trial":false,"path_per_floor":["M","?","?","T","M","E","R","M","T","E","M","M","E","M"],"character_chosen":"THE_SILENT","items_purchased":[],"campfire_rested":0,"item_purchase_floors":[],"current_hp_per_floor":[63,63,63,63,63,63,63,61,71,33,33,33,27,27],"gold":397,"neow_bonus":"THREE_ENEMY_KILL","is_prod":false,"is_daily":false,"chose_seed":false,"campfire_upgraded":1,"win_rate":0,"timestamp":1546789138,"path_taken":["M","?","?","?","?","E","R","M","T","E","?","M","E","M"],"build_version":"2019-01-03v4","purchased_purges":0,"victory":false,"max_hp_per_floor":[70,70,70,70,70,70,70,70,80,80,80,80,80,80],"card_choices":[{"not_picked":["Slice","Noxious Fumes"],"picked":"All Out Attack","floor":1.0},{"not_picked":["Choke","Distraction"],"picked":"Caltrops","floor":5.0},{"not_picked":["PiercingWail","Skewer"],"picked":"Burst","floor":6.0},{"not_picked":["Flying Knee","Dodge and Roll"],"picked":"Escape Plan","floor":8.0},{"not_picked":["Sucker Punch","Backflip"],"picked":"Die Die Die","floor":10.0},{"not_picked":["Blade Dance","Prepared"],"picked":"Dagger Throw","floor":11.0},{"not_picked":["Noxious Fumes","Poisoned Stab","Infinite Blades"],"picked":"SKIP","floor":12.0},{"not_picked":["Deflect","Deadly Poison"],"picked":"Skewer","floor":13.0}],"player_experience":1911998,"relics_obtained":[{"floor":4.0,"key":"War Paint"},{"floor":6.0,"key":"Whetstone"},{"floor":9.0,"key":"Pear"},{"floor":10.0,"key":"Pantograph"},{"floor":13.0,"key":"Lantern"}],"event_choices":[{"damage_healed":0.0,"max_hp_gain":0.0,"max_hp_loss":0.0,"gold_gain":79.0,"event_name":"Golden Wing","player_choice":"Gained Gold","floor":2.0,"gold_loss":0.0,"damage_taken":0.0},{"damage_healed":0.0,"max_hp_gain":0.0,"max_hp_loss":0.0,"gold_gain":0.0,"event_name":"Living Wall","player_choice":"Grow","floor":3.0,"gold_loss":0.0,"damage_taken":0.0,"cards_upgraded":["All Out Attack"]}],"is_beta":false,"boss_relics":[],"items_purged_floors":[],"is_endless":false,"potions_floor_spawned":[6,10,11,12],"killed_by":"Large Slime","ascension_level":11}