{"gold_per_floor":[117,137,137,150,75,100,100,100,146,146,96,115,115,136,136,136],"floor_reached":16,"playtime":1004,"items_purged":["Strike_R","Defend_R"],"score":145,"play_id":"41d86b94-97f6-4111-84f2-2b0ec0911a8b","local_time":"20190118190745","is_ascension_mode":true,"campfire_choices":[{"floor":7,"key":"REST"},{"floor":10,"key":"REST"},{"floor":15,"key":"REST"}],"neow_cost":"NONE","seed_source_timestamp":12523879688360716,"circlet_count":0,"master_deck":["Strike_R","Strike_R","Strike_R","Strike_R","Defend_R","Defend_R","Bash","Armaments+1","Iron Wave","Dual Wield","Iron Wave","Ghostly Armor"],"relics":["Burning Blood","Blue Candle","Centennial Puzzle","Golden Idol","Smiling Mask"],"potions_floor_usage":[14,16],"damage_taken":[{"damage":6,"enemies":"Cultist","floor":1,"turns":4},{"damage":1,"enemies":"2 Louse","floor":2,"turns":3},{"damage":10,"enemies":"Small Slimes","floor":4,"turns":4},{"damage":69,"enemies":"Lagavulin","floor":6,"turns":14},{"damage":34,"enemies":"Gremlin Gang","floor":12,"turns":8},{"damage":1,"enemies":"Large Slime","floor":14,"turns":5},{"damage":43,"enemies":"Hexaghost","floor":16,"turns":9}],"seed_played":"886128399358518737","potions_obtained":[{"floor":2,"key":"LiquidBronze"},{"floor":12,"key":"Block Potion"}],"is_trial":false,"path_per_floor":["M","M","T","M","$","E","R","?","T","R","$","M","?","M","R","B"],"character_chosen":"IRONCLAD","items_purchased":[],"campfire_rested":3,"item_purchase_floors":[],"current_hp_per_floor":[72,77,77,73,73,10,34,14,14,38,38,10,10,15,39,0],"gold":136,"neow_bonus":"REMOVE_CARD","is_prod":false,"is_daily":false,"chose_seed":false,"campfire_upgraded":0,"win_rate":0,"timestamp":1547834865,"path_taken":["M","M","?","M","?","E","R","?","T","R","$","M","?","?","R","BOSS"],"build_version":"2019-01-17v2","purchased_purges":2,"victory":false,"max_hp_per_floor":[80,80,80,80,80,80,80,80,80,80,80,80,80,80,80,80],"card_choices":[{"not_picked":["Heavy Blade","Perfected Strike"],"picked":"Armaments","floor":1},{"not_picked":["True Grit","Warcry"],"picked":"Iron Wave","floor":2},{"not_picked":["Twin Strike","Combust"],"picked":"Dual Wield","floor":4},{"not_picked":["Shrug It Off","Havoc"],"picked":"Iron Wave","floor":6},{"not_picked":["Burning Pact","Sword Boomerang"],"picked":"Ghostly Armor","floor":12},{"not_picked":["Armaments","Pummel","Dropkick"],"picked":"SKIP","floor":14}],"player_experience":262376,"relics_obtained":[{"floor":3,"key":"Blue Candle"},{"floor":6,"key":"Centennial Puzzle"},{"floor":9,"key":"Smiling Mask"}],"event_choices":[{"damage_healed":0,"gold_gain":0,"player_choice":"Take Damage","damage_taken":20,"relics_obtained":["Golden Idol"],"max_hp_gain":0,"max_hp_loss":0,"event_name":"Golden Idol","floor":8,"gold_loss":0},{"damage_healed":0,"gold_gain":0,"player_choice":"Forge","damage_taken":0,"max_hp_gain":0,"max_hp_loss":0,"event_name":"Accursed Blacksmith","floor":13,"gold_loss":0,"cards_upgraded":["Armaments"]}],"is_beta":false,"boss_relics":[],"items_purged_floors":[5,11],"is_endless":false,"potions_floor_spawned":[2,12],"killed_by":"Hexaghost","ascension_level":9}