{"gold_per_floor":[114,114,125,400,416,442,417,434,434,609,634,134,134,154,154,227,227,227],"floor_reached":18,"playtime":396,"items_purged":["Regret"],"score":272,"play_id":"9ef6d6ae-f86c-4d5b-87b8-5cda6306d817","local_time":"20190214105419","is_ascension_mode":true,"campfire_choices":[{"data":"Bludgeon","floor":15.0,"key":"SMITH"}],"neow_cost":"NONE","seed_source_timestamp":0,"circlet_count":0,"master_deck":["AscendersBane","Strike_R","Strike_R","Strike_R","Strike_R","Strike_R","Defend_R","Defend_R","Defend_R","Defend_R","Bash","Spot Weakness","Shrug It Off","Shrug It Off","Bludgeon+1","Pommel Strike","Clothesline","Doubt","Dramatic Entrance","Headbutt","Limit Break"],"special_seed":0,"relics":["Burning Blood","NeowsBlessing","Anchor","Ice Cream","Darkstone Periapt","PreservedInsect","Pantograph","Runic Pyramid"],"potions_floor_usage":[18,18],"damage_taken":[{"damage":0.0,"enemies":"Jaw Worm","floor":1.0,"turns":1.0},{"damage":0.0,"enemies":"2 Louse","floor":3.0,"turns":1.0},{"damage":0.0,"enemies":"Cultist","floor":5.0,"turns":1.0},{"damage":60.0,"enemies":"Lagavulin","floor":6.0,"turns":10.0},{"damage":6.0,"enemies":"Lots of Slimes","floor":8.0,"turns":4.0},{"damage":0.0,"enemies":"2 Fungi Beasts","floor":14.0,"turns":2.0},{"damage":3.0,"enemies":"Slime Boss","floor":16.0,"turns":9.0},{"damage":11,"enemies":"Shell Parasite","floor":18,"turns":7}],"seed_played":"-7046702209436753423","potions_obtained":[{"floor":6.0,"key":"Fire Potion"},{"floor":14.0,"key":"Energy Potion"},{"floor":16.0,"key":"Energy Potion"}],"is_trial":false,"path_per_floor":["M","?","M","?","M","E","$","M","T","?","T","$","?","M","R","B",null,"M"],"character_chosen":"IRONCLAD","items_purchased":["Pommel Strike","Pantograph","Dramatic Entrance","Block Potion","SteroidPotion"],"campfire_rested":0,"item_purchase_floors":[7,12,12,12,12],"current_hp_per_floor":[74,71,75,75,75,21,21,21,21,27,27,27,27,33,33,61,76,65],"gold":227,"neow_bonus":"THREE_ENEMY_KILL","is_prod":false,"is_daily":false,"chose_seed":false,"campfire_upgraded":1,"win_rate":0,"timestamp":1550138059,"path_taken":["M","?","M","?","?","E","$","?","T","?","?","$","?","M","R","BOSS","M"],"build_version":"2019-01-23","purchased_purges":1,"victory":false,"max_hp_per_floor":[75,75,75,75,75,75,75,75,75,81,81,81,81,81,81,81,81,81],"card_choices":[{"not_picked":["Heavy Blade","Pommel Strike"],"picked":"Spot Weakness","floor":1.0},{"not_picked":["Havoc","Thunderclap"],"picked":"Shrug It Off","floor":3.0},{"not_picked":["Hemokinesis","Anger"],"picked":"Shrug It Off","floor":5.0},{"not_picked":["Rupture","Clothesline"],"picked":"Bludgeon","floor":6.0},{"not_picked":["Flex","Hemokinesis"],"picked":"Clothesline","floor":8.0},{"not_picked":["Feel No Pain","Clash"],"picked":"Headbutt","floor":14.0},{"not_picked":["Double Tap","Brutality"],"picked":"Limit Break","floor":16.0}],"player_experience":2282477,"relics_obtained":[{"floor":6.0,"key":"Ice Cream"},{"floor":9.0,"key":"Darkstone Periapt"},{"floor":11.0,"key":"PreservedInsect"}],"event_choices":[{"damage_healed":0.0,"max_hp_gain":0.0,"max_hp_loss":0.0,"gold_gain":0.0,"event_name":"Scrap Ooze","player_choice":"Success","floor":2.0,"gold_loss":0.0,"damage_taken":3.0,"relics_obtained":["Anchor"]},{"damage_healed":0.0,"max_hp_gain":0.0,"max_hp_loss":0.0,"gold_gain":275.0,"event_name":"Golden Shrine","player_choice":"Desecrate","floor":4.0,"gold_loss":0.0,"damage_taken":0.0,"cards_obtained":["Regret"]},{"damage_healed":0.0,"max_hp_gain":0.0,"max_hp_loss":0.0,"gold_gain":175.0,"event_name":"Liars Game","player_choice":"AGREE","floor":10.0,"gold_loss":0.0,"damage_taken":0.0,"cards_obtained":["Doubt"]},{"damage_healed":0.0,"max_hp_gain":0.0,"max_hp_loss":0.0,"gold_gain":0.0,"event_name":"Lab","player_choice":"Got Potions","floor":13.0,"gold_loss":0.0,"damage_taken":0.0}],"is_beta":false,"boss_relics":[{"not_picked":["Mark of Pain","Black Star"],"picked":"Runic Pyramid"}],"items_purged_floors":[12],"is_endless":false,"potions_floor_spawned":[6,14,16],"killed_by":"Shell Parasite","ascension_level":14}