{"path_per_floor":["M","M","M","M","?","R","E","M","T","M","R","M","R","M","R","B",null,"M","$","M"],"character_chosen":"IRONCLAD","items_purchased":["Toxic Egg 2","Seeing Red","Evolve"],"gold_per_floor":[109,122,139,159,234,234,266,286,335,354,354,367,367,380,380,476,476,458,82,101,101],"floor_reached":21,"campfire_rested":1,"playtime":732,"current_hp_per_floor":[80,80,80,80,69,69,57,51,51,51,51,54,54,42,66,54,74,52,52,45,45],"items_purged":[],"gold":101,"score":231,"play_id":"6b25c1c3-1388-4e51-838e-bbf5c6b3972e","local_time":"20180523204755","is_prod":false,"is_daily":false,"chose_seed":false,"is_ascension_mode":true,"campfire_upgraded":3,"timestamp":1527101275,"campfire_choices":[{"data":"Shockwave","floor":6.0,"key":"SMITH"},{"data":"Metallicize","floor":11.0,"key":"SMITH"},{"data":"Inflame","floor":13.0,"key":"SMITH"},{"floor":15.0,"key":"REST"}],"path_taken":["M","M","M","M","?","R","E","M","T","?","R","M","R","M","R","BOSS","M","$","M","M"],"build_version":"2018-05-17","seed_source_timestamp":0,"purchased_purges":0,"victory":false,"master_deck":["Strike_R","Strike_R","Strike_R","Strike_R","Strike_R","Defend_R","Defend_R","Defend_R","Bash","Metallicize+1","Dropkick","Shockwave+1","Warcry","Pommel Strike","Havoc","Cleave","Inflame+1","Flex","Limit Break","Battle Trance","Seeing Red+1","Evolve","Disarm+1"],"max_hp_per_floor":[80,80,80,80,80,80,80,80,80,80,80,80,80,80,80,80,80,80,80,80,80],"relics":["Burning Blood","Pantograph","Ancient Tea Set","Cursed Key","Toxic Egg 2"],"card_choices":[{"not_picked":["Anger","Whirlwind"],"picked":"Metallicize","floor":1.0},{"not_picked":["Uppercut","Blood for Blood"],"picked":"Dropkick","floor":2.0},{"not_picked":["True Grit","Clash"],"picked":"Shockwave","floor":3.0},{"not_picked":["Corruption","Clothesline"],"picked":"Warcry","floor":4.0},{"not_picked":["Twin Strike","Shrug It Off"],"picked":"Pommel Strike","floor":7.0},{"not_picked":["Twin Strike","Thunderclap"],"picked":"Havoc","floor":8.0},{"not_picked":["Shrug It Off","Perfected Strike"],"picked":"Cleave","floor":10.0},{"not_picked":["Rampage","Bloodletting"],"picked":"Inflame","floor":12.0},{"not_picked":["Pummel","Searing Blow"],"picked":"Flex","floor":14.0},{"not_picked":["Feed","Dark Embrace"],"picked":"Limit Break","floor":16.0},{"not_picked":["Headbutt","Havoc"],"picked":"Battle Trance","floor":18},{"not_picked":["Headbutt+1","Cleave"],"picked":"Disarm+1","floor":20}],"player_experience":507751,"potions_floor_usage":[21],"damage_taken":[{"damage":1.0,"enemies":"2 Louse","floor":1.0,"turns":3.0},{"damage":6.0,"enemies":"Jaw Worm","floor":2.0,"turns":5.0},{"damage":0.0,"enemies":"Cultist","floor":3.0,"turns":3.0},{"damage":6.0,"enemies":"3 Louse","floor":4.0,"turns":4.0},{"damage":18.0,"enemies":"Gremlin Nob","floor":7.0,"turns":4.0},{"damage":12.0,"enemies":"Red Slaver","floor":8.0,"turns":3.0},{"damage":6.0,"enemies":"Looter","floor":10.0,"turns":4.0},{"damage":3.0,"enemies":"Gremlin Gang","floor":12.0,"turns":2.0},{"damage":18.0,"enemies":"Exordium Wildlife","floor":14.0,"turns":3.0},{"damage":32.0,"enemies":"Hexaghost","floor":16.0,"turns":8.0},{"damage":28,"enemies":"2 Thieves","floor":18,"turns":4},{"damage":13,"enemies":"3 Byrds","floor":20,"turns":5},{"damage":0,"enemies":"Centurion and Healer","floor":21,"turns":2}],"relics_obtained":[{"floor":7.0,"key":"Pantograph"},{"floor":9.0,"key":"Ancient Tea Set"}],"event_choices":[{"event_name":"World of Goop","player_choice":"Gather Gold","floor":5.0,"damage_taken":0.0}],"boss_relics":[{"not_picked":["Orrery","Snecko Eye"],"picked":"Cursed Key"}],"potions_floor_spawned":[1,3,8,10,16],"seed_played":"2555476571509532586","killed_by":"Centurion and Healer","ascension_level":5,"potions_obtained":[{"floor":1.0,"key":"SkillPotion"},{"floor":3.0,"key":"GamblersBrew"},{"floor":8.0,"key":"Explosive Potion"},{"floor":16.0,"key":"Block Potion"}],"is_trial":false}