{"path_per_floor":["M","?","?","M","M","R","E","R","T","E","?","M","$","M","R","B",null,"M","?","?","M","?","E","R","E","T","M","?","M","E","$","R"],"character_chosen":"IRONCLAD","items_purchased":["Prayer Wheel","Strength Potion","Wild Strike","Power Through","Thinking Ahead"],"gold_per_floor":[119,369,369,379,390,390,422,422,447,472,472,490,41,53,53,151,151,167,92,126,138,61,86,86,117,193,204,204,217,243,56,56,56],"floor_reached":33,"campfire_rested":2,"playtime":973,"current_hp_per_floor":[80,80,80,80,79,79,72,72,72,35,23,25,25,28,52,61,79,76,76,64,61,61,62,62,43,43,40,24,28,34,34,59,0],"items_purged":[],"gold":56,"score":510,"play_id":"6ef489a2-f3ef-4ff5-90d2-9dfb4c21c01b","local_time":"20180521171753","is_prod":false,"is_daily":false,"chose_seed":false,"is_ascension_mode":true,"campfire_upgraded":3,"timestamp":1526915873,"campfire_choices":[{"data":"Bash","floor":6.0,"key":"SMITH"},{"data":"Inflame","floor":8.0,"key":"SMITH"},{"floor":15.0,"key":"REST"},{"data":"J.A.X.","floor":24.0,"key":"SMITH"},{"floor":32,"key":"REST"}],"path_taken":["M","?","?","M","M","R","E","R","T","E","?","M","$","M","R","BOSS","M","?","?","M","?","E","R","E","T","M","?","M","E","$","R","BOSS"],"build_version":"2018-05-17","seed_source_timestamp":633212687626819,"purchased_purges":0,"victory":false,"master_deck":["Strike_R","Strike_R","Strike_R","Strike_R","Defend_R","Defend_R","Defend_R","Defend_R","Bash+1","Normality","Anger+1","Regret","Power Through","Cleave","Inflame+1","Heavy Blade","Seeing Red","Wild Strike","Power Through","Anger","Shrug It Off","Immolate","Sword Boomerang+1","Shrug It Off","Power Through","Rage","Power Through","J.A.X.+1","Anger+1","Flex","Clothesline+1","Seeing Red","Thinking Ahead"],"max_hp_per_floor":[80,80,80,80,80,80,80,80,80,80,80,80,80,80,80,85,85,85,85,85,85,85,85,85,85,85,85,85,85,85,85,85,85],"relics":["Burning Blood","Du-Vu Doll","Vajra","Juzu Bracelet","Frozen Egg 2","Bag of Marbles","Prayer Wheel","Sozu","Red Mask","Red Skull","Calipers","Toolbox","Nilry\u0027s Codex","Thread and Needle"],"card_choices":[{"not_picked":["True Grit","Body Slam"],"picked":"Anger","floor":1.0},{"not_picked":["Armaments","Pommel Strike"],"picked":"Power Through","floor":4.0},{"not_picked":["Sever Soul","Pommel Strike"],"picked":"Cleave","floor":5.0},{"not_picked":["Burning Pact","Feel No Pain"],"picked":"Inflame","floor":7.0},{"not_picked":["True Grit","Thunderclap"],"picked":"Heavy Blade","floor":10.0},{"not_picked":["Heavy Blade","Iron Wave"],"picked":"Seeing Red","floor":12.0},{"not_picked":["Pommel Strike","Demon Form+1"],"picked":"Anger","floor":14.0},{"not_picked":["Wild Strike","Sword Boomerang"],"picked":"Shrug It Off","floor":14.0},{"not_picked":["Double Tap","Fiend Fire"],"picked":"Immolate","floor":16.0},{"not_picked":["Infernal Blade","Warcry"],"picked":"Sword Boomerang+1","floor":18.0},{"not_picked":["Clash","Perfected Strike"],"picked":"Shrug It Off","floor":18.0},{"not_picked":["Thunderclap+1","Whirlwind+1"],"picked":"Power Through","floor":20.0},{"not_picked":["Clash","Wild Strike"],"picked":"Rage","floor":21.0},{"not_picked":["Sever Soul","Heavy Blade"],"picked":"Power Through","floor":21.0},{"not_picked":["Headbutt","Disarm"],"picked":"Anger+1","floor":23.0},{"not_picked":["Searing Blow","Iron Wave","Rage"],"picked":"SKIP","floor":25.0},{"not_picked":["Burning Pact","Warcry"],"picked":"Flex","floor":27.0},{"not_picked":["Fire Breathing+1","Havoc"],"picked":"Clothesline+1","floor":27.0},{"not_picked":["Warcry","Dark Embrace+1"],"picked":"Seeing Red","floor":29.0},{"not_picked":["Hemokinesis","Perfected Strike","Rupture+1"],"picked":"SKIP","floor":29.0},{"not_picked":["Warcry","Whirlwind","Armaments"],"picked":"SKIP","floor":30}],"player_experience":499089,"potions_floor_usage":[],"damage_taken":[{"damage":4.0,"enemies":"Jaw Worm","floor":1.0,"turns":4.0},{"damage":1.0,"enemies":"Cultist","floor":4.0,"turns":3.0},{"damage":7.0,"enemies":"Small Slimes","floor":5.0,"turns":3.0},{"damage":13.0,"enemies":"3 Sentries","floor":7.0,"turns":6.0},{"damage":43.0,"enemies":"Lagavulin","floor":10.0,"turns":4.0},{"damage":4.0,"enemies":"Exordium Wildlife","floor":12.0,"turns":3.0},{"damage":3.0,"enemies":"3 Louse","floor":14.0,"turns":2.0},{"damage":2.0,"enemies":"Slime Boss","floor":16.0,"turns":5.0},{"damage":9.0,"enemies":"3 Byrds","floor":18.0,"turns":3.0},{"damage":18.0,"enemies":"Masked Bandits","floor":20.0,"turns":4.0},{"damage":9.0,"enemies":"Shell Parasite","floor":21.0,"turns":3.0},{"damage":5.0,"enemies":"Slavers","floor":23.0,"turns":4.0},{"damage":25.0,"enemies":"Book of Stabbing","floor":25.0,"turns":5.0},{"damage":9.0,"enemies":"3 Cultists","floor":27.0,"turns":5.0},{"damage":2.0,"enemies":"Snake Plant","floor":29.0,"turns":2.0},{"damage":0,"enemies":"Slavers","floor":30,"turns":1},{"damage":66,"enemies":"Collector","floor":33,"turns":5}],"relics_obtained":[{"floor":7.0,"key":"Vajra"},{"floor":9.0,"key":"Juzu Bracelet"},{"floor":10.0,"key":"Frozen Egg 2"},{"floor":20.0,"key":"Red Mask"},{"floor":23.0,"key":"Red Skull"},{"floor":25.0,"key":"Calipers"},{"floor":26.0,"key":"Toolbox"},{"floor":28.0,"key":"Nilry\u0027s Codex"},{"floor":30,"key":"Thread and Needle"}],"event_choices":[{"event_name":"Golden Shrine","player_choice":"Desecrate","floor":2.0,"damage_taken":0.0},{"event_name":"Living Wall","player_choice":"Grow","floor":3.0,"damage_taken":0.0},{"event_name":"Scrap Ooze","player_choice":"success","floor":11.0,"damage_taken":12.0},{"event_name":"Beggar","player_choice":"Gave Gold","floor":19.0,"damage_taken":0.0},{"event_name":"Masked Bandits","player_choice":"Fought over 92 gold","floor":20.0,"damage_taken":0.0},{"event_name":"Drug Dealer","player_choice":"Got JAXXED","floor":22.0,"damage_taken":0.0},{"event_name":"Cursed Tome","player_choice":"Obtained Book","floor":28.0,"damage_taken":0.0}],"boss_relics":[],"potions_floor_spawned":[7,12,14,23,25,29],"seed_played":"2852001697151767082","killed_by":"Collector","ascension_level":5,"potions_obtained":[{"floor":7.0,"key":"Poison Potion"},{"floor":12.0,"key":"Fruit Juice"},{"floor":14.0,"key":"Block Potion"}],"is_trial":false}