{"gold_per_floor":[112,129,149,166,166,199,31,0,49,49,62,62,97,120,120,195,195,205,120,139,89,105,105,136,136,217,249,114,114,114,114,114,192,192,211,211,266,283,302,302,302,330,342,354],"floor_reached":44,"playtime":1901,"items_purged":["Pain","Strike_G","Strike_G"],"score":964,"play_id":"1dfed9a4-3c73-4b61-b0a6-767cd3921f69","local_time":"20181214010547","is_ascension_mode":true,"campfire_choices":[{"floor":10.0,"key":"REST"},{"data":"Noxious Fumes","floor":12.0,"key":"SMITH"},{"floor":15.0,"key":"REST"},{"floor":23.0,"key":"REST"},{"floor":25.0,"key":"REST"},{"data":"A Thousand Cuts","floor":30.0,"key":"SMITH"},{"floor":32.0,"key":"REST"},{"floor":40.0,"key":"REST"}],"neow_cost":"NONE","seed_source_timestamp":437456787229646,"circlet_count":0,"master_deck":["AscendersBane","Defend_G+1","Defend_G+1","Defend_G+1","Defend_G+1","Defend_G+1","Strike_G+1","Strike_G+1","Survivor","Neutralize","Footwork","Dagger Spray","Noxious Fumes+1","Predator","Leg Sweep","Footwork","Dagger Throw","Unload","Caltrops","PiercingWail","A Thousand Cuts+1","Deadly Poison+1","Dodge and Roll","Caltrops","Terror","Footwork","Deflect+1","Adrenaline","Well Laid Plans","Eviscerate","Acrobatics","Bouncing Flask+1"],"special_seed":0,"relics":["Ring of the Snake","Strawberry","WarpedTongs","Matryoshka","Lantern","PreservedInsect","Regal Pillow","Odd Mushroom","Sozu","Smiling Mask","Happy Flower","Bronze Scales","Mercury Hourglass","Dream Catcher","Snecko Eye","Turnip","MawBank"],"potions_floor_usage":[],"damage_taken":[{"damage":6.0,"enemies":"Cultist","floor":1.0,"turns":4.0},{"damage":5.0,"enemies":"Small Slimes","floor":2.0,"turns":4.0},{"damage":1.0,"enemies":"2 Louse","floor":3.0,"turns":3.0},{"damage":13.0,"enemies":"Blue Slaver","floor":4.0,"turns":5.0},{"damage":26.0,"enemies":"Lagavulin","floor":6.0,"turns":8.0},{"damage":0.0,"enemies":"Looter","floor":8.0,"turns":4.0},{"damage":1.0,"enemies":"Exordium Wildlife","floor":11.0,"turns":6.0},{"damage":6.0,"enemies":"Gremlin Nob","floor":13.0,"turns":3.0},{"damage":16.0,"enemies":"The Mushroom Lair","floor":14.0,"turns":3.0},{"damage":31.0,"enemies":"The Guardian","floor":16.0,"turns":10.0},{"damage":11.0,"enemies":"Spheric Guardian","floor":18.0,"turns":5.0},{"damage":16.0,"enemies":"Shell Parasite","floor":20.0,"turns":6.0},{"damage":5.0,"enemies":"Snecko","floor":22.0,"turns":6.0},{"damage":49.0,"enemies":"Book of Stabbing","floor":24.0,"turns":5.0},{"damage":15.0,"enemies":"Gremlin Leader","floor":27.0,"turns":5.0},{"damage":14.0,"enemies":"Automaton","floor":33.0,"turns":9.0},{"damage":12.0,"enemies":"3 Darklings","floor":35.0,"turns":3.0},{"damage":8.0,"enemies":"2 Orb Walkers","floor":37.0,"turns":5.0},{"damage":0.0,"enemies":"3 Shapes","floor":38.0,"turns":4.0},{"damage":0.0,"enemies":"Maw","floor":39.0,"turns":7.0},{"damage":4.0,"enemies":"Giant Head","floor":42.0,"turns":9.0},{"damage":73,"enemies":"Nemesis","floor":44,"turns":5}],"seed_played":"-629391159369030539","potions_obtained":[{"floor":1.0,"key":"Strength Potion"},{"floor":3.0,"key":"GhostInAJar"},{"floor":11.0,"key":"Dexterity Potion"},{"floor":13.0,"key":"Poison Potion"},{"floor":14.0,"key":"Dexterity Potion"}],"is_trial":false,"path_per_floor":["M","M","M","M","?","E","$","M","T","R","M","R","E","?","R","B",null,"M","?","M","$","M","R","E","R","T","E","$","?","R","?","R","B",null,"M","?","?","M","M","R","?","E","T","E"],"character_chosen":"THE_SILENT","items_purchased":["Footwork","Strength Potion","Footwork"],"campfire_rested":6,"item_purchase_floors":[7,7,28],"current_hp_per_floor":[60,55,54,41,41,15,15,15,15,36,35,35,29,13,49,18,59,48,48,32,32,27,63,14,50,50,35,35,35,35,35,71,57,69,57,52,44,44,44,73,73,69,69,0],"gold":354,"neow_bonus":"RANDOM_COMMON_RELIC","is_prod":false,"is_daily":false,"chose_seed":false,"campfire_upgraded":2,"win_rate":0,"timestamp":1544767547,"path_taken":["M","M","M","M","?","E","?","M","T","R","M","R","E","?","R","BOSS","M","?","M","$","M","R","E","R","T","E","$","?","R","?","R","BOSS","M","?","?","M","?","R","?","E","T","E"],"build_version":"2018-12-13","purchased_purges":3,"victory":false,"max_hp_per_floor":[73,73,73,73,73,73,73,73,73,73,73,73,73,73,73,73,73,73,73,73,73,73,73,73,73,73,73,73,73,73,73,73,73,73,73,73,73,73,73,73,73,73,73,73],"card_choices":[{"not_picked":["Prepared","Choke"],"picked":"Footwork","floor":1.0},{"not_picked":["Crippling Poison","Bouncing Flask"],"picked":"Dagger Spray","floor":2.0},{"not_picked":["Poisoned Stab","Acrobatics"],"picked":"Noxious Fumes","floor":3.0},{"not_picked":["Acrobatics","Poisoned Stab"],"picked":"Predator","floor":4.0},{"not_picked":["Terror","Dodge and Roll"],"picked":"Leg Sweep","floor":6.0},{"not_picked":["All Out Attack","Expertise"],"picked":"Dagger Throw","floor":8.0},{"not_picked":["Deadly Poison","Acrobatics"],"picked":"Unload","floor":11.0},{"not_picked":["Predator","Flying Knee"],"picked":"Caltrops","floor":13.0},{"not_picked":["Distraction","Poisoned Stab"],"picked":"PiercingWail","floor":14.0},{"not_picked":["Doppelganger","Night Terror"],"picked":"A Thousand Cuts","floor":16.0},{"not_picked":["Sucker Punch","Prepared","Poisoned Stab"],"picked":"SKIP","floor":18.0},{"not_picked":["Tactician","Outmaneuver"],"picked":"Deadly Poison+1","floor":20.0},{"not_picked":["Prepared","Bane"],"picked":"Dodge and Roll","floor":22.0},{"not_picked":["Expertise","Grand Finale"],"picked":"Caltrops","floor":24.0},{"not_picked":["Unload","Sucker Punch"],"picked":"Terror","floor":27.0},{"not_picked":["Skewer","Masterful Stab"],"picked":"Deflect+1","floor":32.0},{"not_picked":["Burst","Grand Finale"],"picked":"Adrenaline","floor":33.0},{"not_picked":["Poisoned Stab","Deflect","Skewer"],"picked":"SKIP","floor":35.0},{"not_picked":["Dagger Throw","Deflect"],"picked":"Well Laid Plans","floor":37.0},{"not_picked":["Outmaneuver","Flying Knee"],"picked":"Eviscerate","floor":38.0},{"not_picked":["Poisoned Stab","Bane","Slice+1"],"picked":"SKIP","floor":39.0},{"not_picked":["Expertise","Heel Hook"],"picked":"Acrobatics","floor":40.0},{"not_picked":["Deflect","Well Laid Plans"],"picked":"Bouncing Flask+1","floor":42.0}],"player_experience":1220443,"relics_obtained":[{"floor":6.0,"key":"Matryoshka"},{"floor":9.0,"key":"Lantern"},{"floor":9.0,"key":"PreservedInsect"},{"floor":13.0,"key":"Regal Pillow"},{"floor":14.0,"key":"Odd Mushroom"},{"floor":24.0,"key":"Happy Flower"},{"floor":26.0,"key":"Bronze Scales"},{"floor":26.0,"key":"Mercury Hourglass"},{"floor":27.0,"key":"Dream Catcher"},{"floor":37.0,"key":"Turnip"},{"floor":42.0,"key":"MawBank"}],"event_choices":[{"damage_healed":0.0,"max_hp_gain":0.0,"max_hp_loss":0.0,"gold_gain":0.0,"event_name":"Accursed Blacksmith","player_choice":"Rummage","floor":5.0,"gold_loss":0.0,"damage_taken":0.0,"relics_obtained":["WarpedTongs"],"cards_obtained":["Pain"]},{"damage_healed":0.0,"max_hp_gain":0.0,"max_hp_loss":0.0,"gold_gain":0.0,"event_name":"Mushrooms","player_choice":"Fought Mushrooms","floor":14.0,"gold_loss":0.0,"damage_taken":0.0},{"damage_healed":0.0,"max_hp_gain":0.0,"max_hp_loss":0.0,"gold_gain":0.0,"event_name":"Addict","player_choice":"Obtained Relic","floor":19.0,"gold_loss":85.0,"damage_taken":0.0,"relics_obtained":["Smiling Mask"]},{"damage_healed":0.0,"max_hp_gain":0.0,"max_hp_loss":0.0,"gold_gain":0.0,"event_name":"Back to Basics","player_choice":"Simplicity","floor":29.0,"gold_loss":0.0,"damage_taken":0.0,"cards_upgraded":["Defend_G","Defend_G","Defend_G","Defend_G","Defend_G","Strike_G","Strike_G","Strike_G"]},{"damage_healed":0.0,"max_hp_gain":0.0,"max_hp_loss":0.0,"gold_gain":0.0,"event_name":"Vampires","player_choice":"Ignored","floor":31.0,"gold_loss":0.0,"damage_taken":0.0},{"damage_healed":0.0,"max_hp_gain":0.0,"max_hp_loss":0.0,"gold_gain":0.0,"event_name":"SensoryStone","player_choice":"Memory 2","floor":36.0,"gold_loss":0.0,"damage_taken":5.0},{"damage_healed":0.0,"max_hp_gain":0.0,"max_hp_loss":0.0,"gold_gain":0.0,"event_name":"Mysterious Sphere","player_choice":"Fight","floor":37.0,"gold_loss":0.0,"damage_taken":0.0},{"cards_removed":["Strike_G"],"damage_healed":0.0,"max_hp_gain":0.0,"max_hp_loss":0.0,"gold_gain":0.0,"event_name":"Falling","player_choice":"Removed Attack","floor":41.0,"gold_loss":0.0,"damage_taken":0.0}],"is_beta":true,"boss_relics":[{"not_picked":["Runic Pyramid","Fusion Hammer"],"picked":"Sozu"},{"not_picked":["Eternal Feather","Black Star"],"picked":"Snecko Eye"}],"items_purged_floors":[7,21,28],"is_endless":false,"potions_floor_spawned":[1,3,11,13,14,18,24,33,38,42],"killed_by":"Nemesis","ascension_level":20}