{"gold_per_floor":[119,138,138,59,59,59,4,29,29,61,75,75,75,85,85,162,162,178,189,189,199,199,199,227,240,240,240,290,111,111],"floor_reached":30,"playtime":830,"items_purged":["Shame"],"score":562,"play_id":"1c2860df-1257-4576-b715-37a8e1b60a40","local_time":"20190213212532","is_ascension_mode":true,"campfire_choices":[{"data":"Sunder","floor":6.0,"key":"SMITH"},{"data":"Zap","floor":12.0,"key":"SMITH"},{"data":"Coolheaded","floor":15.0,"key":"SMITH"},{"floor":23.0,"key":"REST"}],"neow_cost":"NONE","seed_source_timestamp":60569200696157,"circlet_count":0,"master_deck":["AscendersBane","Strike_B","Strike_B","Strike_B","Defend_B","Defend_B","Defend_B","Defend_B","Zap+1","Dualcast","Compile Driver","Gash","Sunder+1","Ball Lightning","Conserve Battery","Coolheaded+1","Auto Shields","FTL+1","Hologram","Seek+1","Compile Driver+1","Go for the Eyes+1","Tempest+1","Ball Lightning+1","Loop"],"special_seed":0,"relics":["Cracked Core","NeowsBlessing","Vajra","Art of War","Molten Egg 2","Cursed Key","Lantern","Kunai"],"potions_floor_usage":[24],"damage_taken":[{"damage":0.0,"enemies":"Jaw Worm","floor":1.0,"turns":1.0},{"damage":0.0,"enemies":"Cultist","floor":2.0,"turns":1.0},{"damage":0.0,"enemies":"3 Sentries","floor":8.0,"turns":1.0},{"damage":10.0,"enemies":"Gremlin Nob","floor":10.0,"turns":3.0},{"damage":0.0,"enemies":"Small Slimes","floor":11.0,"turns":2.0},{"damage":2.0,"enemies":"Blue Slaver","floor":14.0,"turns":2.0},{"damage":44.0,"enemies":"Slime Boss","floor":16.0,"turns":7.0},{"damage":5.0,"enemies":"Spheric Guardian","floor":18.0,"turns":4.0},{"damage":7.0,"enemies":"Chosen","floor":19.0,"turns":3.0},{"damage":5.0,"enemies":"Centurion and Healer","floor":21.0,"turns":5.0},{"damage":27,"enemies":"Slavers","floor":24,"turns":4},{"damage":19,"enemies":"Chosen and Byrds","floor":25,"turns":4},{"damage":10,"enemies":"Cultist and Chosen","floor":30,"turns":3}],"seed_played":"-2755009048578673888","potions_obtained":[{"floor":1.0,"key":"EntropicBrew"},{"floor":2.0,"key":"SteroidPotion"},{"floor":21.0,"key":"Energy Potion"},{"floor":25,"key":"Explosive Potion"}],"is_trial":false,"path_per_floor":["M","M","?","$","?","R","$","E","T","E","M","R","$","M","R","B",null,"M","M","?","M","?","R","E","M","T","?","?","$","M"],"character_chosen":"DEFECT","items_purchased":["Ball Lightning","Conserve Battery","Coolheaded","Ball Lightning+1","Loop"],"campfire_rested":1,"item_purchase_floors":[4,4,7,29,29],"current_hp_per_floor":[64,64,64,64,64,64,64,64,64,54,54,54,54,52,52,8,55,50,43,23,32,32,54,27,8,8,8,8,8,0],"gold":111,"neow_bonus":"THREE_ENEMY_KILL","is_prod":false,"is_daily":false,"chose_seed":false,"campfire_upgraded":3,"win_rate":0,"timestamp":1550111132,"path_taken":["M","M","?","?","?","R","$","E","T","E","M","R","$","M","R","BOSS","M","M","?","M","?","R","E","?","T","?","?","$","M"],"build_version":"2019-01-23","purchased_purges":1,"victory":false,"max_hp_per_floor":[71,71,71,71,71,71,71,71,71,71,71,71,71,71,71,71,71,71,71,76,76,76,76,76,76,76,76,76,76,76],"card_choices":[{"not_picked":["Lockon","Barrage"],"picked":"Compile Driver","floor":1.0},{"not_picked":["Blizzard","Go for the Eyes"],"picked":"Gash","floor":2.0},{"not_picked":["Static Discharge","BootSequence"],"picked":"Auto Shields","floor":8.0},{"not_picked":["Conserve Battery","Consume"],"picked":"FTL","floor":10.0},{"not_picked":["Force Field","Hello World"],"picked":"Hologram","floor":11.0},{"not_picked":["Redo","Streamline+1","Storm"],"picked":"SKIP","floor":14.0},{"not_picked":["Buffer","Reboot"],"picked":"Seek","floor":16.0},{"not_picked":["Scrape+1","Leap"],"picked":"Compile Driver+1","floor":18.0},{"not_picked":["Hello World","Steam","Self Repair"],"picked":"SKIP","floor":19.0},{"not_picked":["Turbo","Chaos"],"picked":"Go for the Eyes+1","floor":21.0},{"not_picked":["Lockon+1","Rebound+1"],"picked":"Tempest+1","floor":24},{"not_picked":["Compile Driver+1","Double Energy","Blizzard+1"],"picked":"SKIP","floor":25}],"player_experience":1196937,"relics_obtained":[{"floor":8.0,"key":"Vajra"},{"floor":9.0,"key":"Art of War"},{"floor":10.0,"key":"Molten Egg 2"},{"floor":24,"key":"Lantern"},{"floor":26,"key":"Kunai"}],"event_choices":[{"damage_healed":0.0,"max_hp_gain":0.0,"max_hp_loss":0.0,"gold_gain":0.0,"cards_transformed":["Strike_B"],"event_name":"Transmorgrifier","player_choice":"Transformed","floor":3.0,"gold_loss":0.0,"damage_taken":0.0,"cards_obtained":["Sunder"]},{"damage_healed":0.0,"max_hp_gain":0.0,"max_hp_loss":0.0,"gold_gain":0.0,"event_name":"The Cleric","player_choice":"Leave","floor":5.0,"gold_loss":0.0,"damage_taken":0.0},{"damage_healed":0.0,"max_hp_gain":5.0,"max_hp_loss":0.0,"gold_gain":0.0,"event_name":"Forgotten Altar","player_choice":"Shed Blood","floor":20.0,"gold_loss":0.0,"damage_taken":25.0},{"damage_healed":0.0,"max_hp_gain":0.0,"max_hp_loss":0.0,"gold_gain":0.0,"event_name":"Upgrade Shrine","player_choice":"Upgraded","floor":22.0,"gold_loss":0.0,"damage_taken":0.0,"cards_upgraded":["Seek"]},{"damage_healed":0,"gold_gain":0,"player_choice":"Ignored","damage_taken":0,"max_hp_gain":0,"max_hp_loss":0,"event_name":"Vampires","floor":27,"gold_loss":0},{"damage_healed":0,"gold_gain":100,"player_choice":"Bet on Murderer","damage_taken":0,"max_hp_gain":0,"max_hp_loss":0,"event_name":"The Joust","floor":28,"gold_loss":50}],"is_beta":false,"boss_relics":[{"not_picked":["Coffee Dripper","Tiny House"],"picked":"Cursed Key"}],"items_purged_floors":[29],"is_endless":false,"potions_floor_spawned":[1,2,11,16,21,25],"killed_by":"Cultist and Chosen","ascension_level":20}