{"gold_per_floor":[113,288,288,288,299,326,326,360,410,420,455,94,108,78,78,173,173,173],"floor_reached":18,"playtime":698,"items_purged":[],"score":350,"play_id":"41ef10d9-028e-4fbf-bac9-9e9cfaefe119","local_time":"20190125155333","is_ascension_mode":true,"campfire_choices":[{"data":"All Out Attack","floor":7,"key":"SMITH"},{"data":"Footwork","floor":15,"key":"SMITH"}],"neow_cost":"NONE","seed_source_timestamp":593512521947,"circlet_count":0,"master_deck":["AscendersBane","Defend_G","Defend_G","Defend_G","Defend_G","Defend_G","Strike_G","Strike_G","Strike_G","Strike_G","Strike_G","Survivor","Neutralize","All Out Attack+1","Leg Sweep","Expertise","Dash","Setup","Terror","Footwork+1","Flash of Steel","Dodge and Roll","Acrobatics","Adrenaline","Decay","Regret","Parasite"],"relics":["Ring of the Snake","NeowsBlessing","StoneCalendar","Bottled Flame","Matryoshka","Darkstone Periapt","Oddly Smooth Stone","Blue Candle","Lee\u0027s Waffle","Calling Bell","Potion Belt","Letter Opener","Prayer Wheel"],"potions_floor_usage":[11],"damage_taken":[{"damage":0,"enemies":"Jaw Worm","floor":1,"turns":1},{"damage":0,"enemies":"Cultist","floor":5,"turns":1},{"damage":0,"enemies":"3 Sentries","floor":6,"turns":1},{"damage":12,"enemies":"Lagavulin","floor":8,"turns":9},{"damage":0,"enemies":"Small Slimes","floor":10,"turns":2},{"damage":30,"enemies":"Gremlin Nob","floor":11,"turns":5},{"damage":0,"enemies":"3 Louse","floor":13,"turns":2},{"damage":0,"enemies":"Looter","floor":14,"turns":4},{"damage":13,"enemies":"Hexaghost","floor":16,"turns":16},{"damage":12,"enemies":"Chosen","floor":18,"turns":6}],"seed_played":"6919789365225802262","potions_obtained":[{"floor":8,"key":"Fire Potion"},{"floor":11,"key":"Dexterity Potion"}],"is_trial":false,"path_per_floor":["M","?","?","T","M","E","R","E","T","M","E","$","M","M","R","B",null,"M"],"character_chosen":"THE_SILENT","items_purchased":["Lee\u0027s Waffle","Footwork","Flash of Steel"],"campfire_rested":0,"item_purchase_floors":[12,12,12],"current_hp_per_floor":[63,63,63,63,63,63,63,51,51,51,21,77,77,77,77,64,92,80],"gold":173,"neow_bonus":"THREE_ENEMY_KILL","is_prod":false,"is_daily":false,"chose_seed":false,"campfire_upgraded":2,"win_rate":0,"timestamp":1548428013,"path_taken":["M","?","?","?","?","E","R","E","T","M","E","?","M","M","R","BOSS","M"],"build_version":"2019-01-23","purchased_purges":0,"victory":false,"max_hp_per_floor":[70,70,70,70,70,70,70,70,70,70,70,77,77,77,77,77,95,95],"card_choices":[{"not_picked":["Bane","Flying Knee"],"picked":"All Out Attack","floor":1},{"not_picked":["Poisoned Stab","Crippling Poison"],"picked":"Leg Sweep","floor":5},{"not_picked":["Underhanded Strike","Dagger Spray"],"picked":"Expertise","floor":6},{"not_picked":["Dagger Spray","Backflip"],"picked":"Dash","floor":8},{"not_picked":["Eviscerate","Choke"],"picked":"Setup","floor":10},{"not_picked":["Skewer","Dagger Spray"],"picked":"Terror","floor":11},{"not_picked":["Noxious Fumes","Flying Knee"],"picked":"Dodge and Roll","floor":13},{"not_picked":["Dagger Spray","Terror"],"picked":"Acrobatics","floor":14},{"not_picked":["Phantasmal Killer","Die Die Die"],"picked":"Adrenaline","floor":16}],"player_experience":2037613,"relics_obtained":[{"floor":4,"key":"StoneCalendar"},{"floor":6,"key":"Bottled Flame"},{"floor":8,"key":"Matryoshka"},{"floor":9,"key":"Darkstone Periapt"},{"floor":9,"key":"Oddly Smooth Stone"},{"floor":11,"key":"Blue Candle"},{"floor":17,"key":"Potion Belt"},{"floor":17,"key":"Letter Opener"},{"floor":17,"key":"Prayer Wheel"}],"event_choices":[{"damage_healed":0,"gold_gain":175,"player_choice":"AGREE","damage_taken":0,"max_hp_gain":0,"max_hp_loss":0,"event_name":"Liars Game","floor":2,"gold_loss":0,"cards_obtained":["Doubt"]},{"cards_removed":["Doubt"],"damage_healed":0,"gold_gain":0,"player_choice":"Forget","damage_taken":0,"max_hp_gain":0,"max_hp_loss":0,"event_name":"Living Wall","floor":3,"gold_loss":0}],"is_beta":false,"boss_relics":[{"not_picked":["Runic Dome","Lizard Tail"],"picked":"Calling Bell"}],"items_purged_floors":[],"is_endless":false,"potions_floor_spawned":[8,11],"killed_by":"Chosen","ascension_level":12}