{"gold_per_floor":[113,113,137,137,312,350,350,383,383,383,126,145,158,183,183,183],"floor_reached":16,"playtime":3981,"items_purged":["Doubt"],"score":176,"play_id":"33d7e318-af30-4c04-b71f-20ccfe2c670a","local_time":"20190120214601","is_ascension_mode":true,"campfire_choices":[{"floor":7,"key":"REST"},{"floor":10,"key":"REST"},{"floor":15,"key":"REST"}],"neow_cost":"TEN_PERCENT_HP_LOSS","seed_source_timestamp":0,"circlet_count":0,"master_deck":["AscendersBane","Strike_B","Strike_B","Strike_B","Strike_B","Defend_B","Defend_B","Defend_B","Defend_B","Zap","Dualcast","Electrodynamics","Auto Shields","Chaos","Cold Snap","Glacier","White Noise","Stack","Sweeping Beam"],"special_seed":0,"relics":["Cracked Core","Golden Idol","Kunai","Omamori","The Courier","Bottled Lightning","Gremlin Horn"],"potions_floor_usage":[6],"damage_taken":[{"damage":6.0,"enemies":"2 Louse","floor":1.0,"turns":3.0},{"damage":3.0,"enemies":"Jaw Worm","floor":3.0,"turns":3.0},{"damage":35,"enemies":"Lagavulin","floor":6,"turns":7},{"damage":21,"enemies":"3 Sentries","floor":8,"turns":6},{"damage":0,"enemies":"Small Slimes","floor":12,"turns":3},{"damage":20,"enemies":"Exordium Thugs","floor":13,"turns":3},{"damage":0,"enemies":"Blue Slaver","floor":14,"turns":5},{"damage":0,"enemies":"The Guardian","floor":16,"turns":2}],"seed_played":"-3408631650732888084","potions_obtained":[{"floor":3,"key":"Fire Potion"},{"floor":14,"key":"FocusPotion"}],"is_trial":false,"path_per_floor":["M","?","M","?","?","E","R","E","T","R","$","M","M","M","R","B"],"character_chosen":"DEFECT","items_purchased":["Gremlin Horn"],"campfire_rested":3,"item_purchase_floors":[11],"current_hp_per_floor":[62,62,59,56,56,21,39,18,18,36,36,36,16,16,34,34],"gold":183,"neow_bonus":"THREE_RARE_CARDS","is_prod":false,"is_daily":false,"chose_seed":false,"campfire_upgraded":0,"win_rate":0,"timestamp":1548017161,"path_taken":["M","?","M","?","?","E","R","E","T","R","$","M","M","M","R","BOSS"],"build_version":"2019-01-17v2","purchased_purges":1,"victory":false,"max_hp_per_floor":[68,63,63,63,63,63,63,63,63,63,63,63,63,63,63,63],"card_choices":[{"not_picked":["Machine Learning","Multi-Cast"],"picked":"Electrodynamics","floor":0.0},{"not_picked":["Redo","Hologram"],"picked":"Auto Shields","floor":1.0},{"not_picked":["Rebound","Beam Cell"],"picked":"Chaos","floor":3},{"not_picked":["Go for the Eyes","Turbo"],"picked":"Cold Snap","floor":6},{"not_picked":["Redo","Melter"],"picked":"Glacier","floor":8},{"not_picked":["Leap","Conserve Battery"],"picked":"White Noise","floor":12},{"not_picked":["Scrape","Turbo"],"picked":"Stack","floor":13},{"not_picked":["Tempest","Coolheaded"],"picked":"Sweeping Beam","floor":14}],"player_experience":2003481,"relics_obtained":[{"floor":6,"key":"Omamori"},{"floor":8,"key":"The Courier"},{"floor":9,"key":"Bottled Lightning"}],"event_choices":[{"damage_healed":0.0,"max_hp_gain":0.0,"max_hp_loss":5.0,"gold_gain":0.0,"event_name":"Golden Idol","player_choice":"Lose Max HP","floor":2.0,"gold_loss":0.0,"damage_taken":0.0,"relics_obtained":["Golden Idol"]},{"damage_healed":0,"gold_gain":0,"player_choice":"Success","damage_taken":3,"relics_obtained":["Kunai"],"max_hp_gain":0,"max_hp_loss":0,"event_name":"Scrap Ooze","floor":4,"gold_loss":0},{"damage_healed":0,"gold_gain":175,"player_choice":"AGREE","damage_taken":0,"max_hp_gain":0,"max_hp_loss":0,"event_name":"Liars Game","floor":5,"gold_loss":0,"cards_obtained":["Doubt"]}],"is_beta":false,"boss_relics":[],"items_purged_floors":[11],"is_endless":false,"potions_floor_spawned":[3,14],"killed_by":"The Guardian","ascension_level":12}