{"gold_per_floor":[114,114,289,57,72,133,133,133,158,158,185,185,202,214,214,314,314,288,288,300,314,314,314,314],"floor_reached":24,"playtime":791,"items_purged":["Doubt"],"score":306,"play_id":"9b05bcf2-c3eb-4f72-b505-db8742e3020c","local_time":"20181116164142","is_ascension_mode":true,"campfire_choices":[{"data":"Static Discharge","floor":7,"key":"SMITH"},{"data":"Bandage Up","floor":10,"key":"SMITH"},{"floor":12,"key":"REST"},{"data":"Machine Learning","floor":15,"key":"SMITH"},{"floor":23,"key":"REST"}],"neow_cost":"TEN_PERCENT_HP_LOSS","seed_source_timestamp":773528525474922,"circlet_count":0,"master_deck":["AscendersBane","Strike_B","Strike_B","Strike_B","Strike_B","Defend_B","Defend_B+1","Defend_B","Defend_B","Zap+1","Dualcast+1","Bandage Up+1","Madness+1","Leap","Static Discharge+1","Seek","Machine Learning+1","Conserve Battery","Self Repair","Buffer","Tempest","Barrage","Glacier"],"relics":["Cracked Core","Orichalcum","Tiny Chest","War Paint","Centennial Puzzle","Sozu","Shuriken","MutagenicStrength"],"potions_floor_usage":[11,16],"damage_taken":[{"damage":3,"enemies":"Small Slimes","floor":1,"turns":2},{"damage":3,"enemies":"2 Louse","floor":5,"turns":3},{"damage":32,"enemies":"Lagavulin","floor":6,"turns":7},{"damage":14,"enemies":"Gremlin Nob","floor":11,"turns":4},{"damage":0,"enemies":"Cultist","floor":13,"turns":4},{"damage":7,"enemies":"Exordium Thugs","floor":14,"turns":5},{"damage":42,"enemies":"The Guardian","floor":16,"turns":10},{"damage":31,"enemies":"2 Thieves","floor":18,"turns":5},{"damage":14,"enemies":"Shell Parasite","floor":20,"turns":5},{"damage":25,"enemies":"Sentry and Sphere","floor":21,"turns":4},{"damage":27,"enemies":"Slavers","floor":24,"turns":3}],"seed_played":"-3474547687834563719","potions_obtained":[{"floor":6,"key":"Weak Potion"},{"floor":14,"key":"LiquidBronze"}],"is_trial":false,"path_per_floor":["M","?","?","$","M","E","R","?","T","R","E","R","M","M","R","B",null,"M","?","M","M","?","R","E"],"character_chosen":"DEFECT","items_purchased":["Orichalcum"],"campfire_rested":2,"item_purchase_floors":[4],"current_hp_per_floor":[65,65,65,65,65,36,36,36,36,36,28,48,54,53,53,24,57,32,32,31,12,12,32,11],"gold":314,"neow_bonus":"RANDOM_COLORLESS_2","is_prod":false,"is_daily":false,"chose_seed":false,"campfire_upgraded":3,"win_rate":0,"timestamp":1542382902,"path_taken":["M","?","?","$","M","E","R","?","T","R","E","R","M","?","R","BOSS","M","?","M","M","?","R","E"],"build_version":"2018-11-15","purchased_purges":1,"victory":false,"max_hp_per_floor":[68,68,68,68,68,68,68,68,68,68,68,68,68,68,68,68,68,68,68,68,68,68,68,68],"card_choices":[{"not_picked":["Loop","Scrape"],"picked":"Leap","floor":1},{"not_picked":["Heatsinks","Stack"],"picked":"Static Discharge","floor":5},{"not_picked":["Consume","Rip and Tear"],"picked":"Seek","floor":6},{"not_picked":["Turbo","Capacitor"],"picked":"Machine Learning","floor":11},{"not_picked":["Hologram","Beam Cell"],"picked":"Conserve Battery","floor":13},{"not_picked":["Melter","Leap"],"picked":"Self Repair","floor":14},{"not_picked":["Hyperbeam","Fission"],"picked":"Buffer","floor":16},{"not_picked":["Self Repair","Sweeping Beam"],"picked":"Tempest","floor":18},{"not_picked":["Compile Driver","Genetic Algorithm"],"picked":"Barrage","floor":20},{"not_picked":["Cold Snap","Redo"],"picked":"Glacier","floor":21}],"player_experience":1208080,"relics_obtained":[{"floor":6,"key":"Tiny Chest"},{"floor":9,"key":"War Paint"},{"floor":11,"key":"Centennial Puzzle"}],"event_choices":[{"damage_healed":0,"gold_gain":0,"player_choice":"Grow","damage_taken":0,"max_hp_gain":0,"max_hp_loss":0,"event_name":"Living Wall","floor":2,"gold_loss":0,"cards_upgraded":["Madness"]},{"damage_healed":0,"gold_gain":175,"player_choice":"AGREE","damage_taken":0,"max_hp_gain":0,"max_hp_loss":0,"event_name":"Liars Game","floor":3,"gold_loss":0,"cards_obtained":["Doubt"]},{"damage_healed":0,"gold_gain":0,"player_choice":"Upgraded","damage_taken":0,"max_hp_gain":0,"max_hp_loss":0,"event_name":"Upgrade Shrine","floor":8,"gold_loss":0,"cards_upgraded":["Zap"]},{"damage_healed":0,"gold_gain":0,"player_choice":"Opened","damage_taken":0,"relics_obtained":["Shuriken"],"max_hp_gain":0,"max_hp_loss":0,"event_name":"The Mausoleum","floor":19,"gold_loss":0},{"damage_healed":0,"gold_gain":0,"player_choice":"Inject Mutagens","damage_taken":0,"relics_obtained":["MutagenicStrength"],"max_hp_gain":0,"max_hp_loss":0,"event_name":"Drug Dealer","floor":22,"gold_loss":0}],"is_beta":false,"boss_relics":[{"not_picked":["Fusion Hammer","White Beast Statue"],"picked":"Sozu"}],"items_purged_floors":[4],"is_endless":false,"potions_floor_spawned":[6,14,18],"killed_by":"Slavers","ascension_level":10}