{"gold_per_floor":[119,129,144,144,155,180,180,195,195,228,242,255,290,305,305,402,402,418,253,268,19,19,46,56,56,56,67,77,106,124,223,223,327,377,391,409,284,284,284,284,309,309,309,327,123,133,166,181,181,181,181,181,30,58,58],"floor_reached":55,"playtime":2842,"items_purged":["Strike_B","Strike_B","Strike_B","Zap"],"score":793,"play_id":"dfb88499-f536-4c37-b3a6-5fa335324210","local_time":"20190221212232","is_ascension_mode":false,"campfire_choices":[{"data":"Beam Cell","floor":7.0,"key":"SMITH"},{"data":"Go for the Eyes","floor":15.0,"key":"SMITH"},{"data":"Strike_B","floor":25.0,"key":"PURGE"},{"floor":32.0,"key":"REST"},{"data":"Streamline+1","floor":40.0,"key":"PURGE"},{"floor":42.0,"key":"REST"},{"floor":49,"key":"RECALL"},{"data":"Dualcast","floor":52,"key":"PURGE"}],"neow_cost":"NONE","seed_source_timestamp":4779900371500,"circlet_count":0,"master_deck":["Defend_B","Defend_B","Defend_B","Defend_B+1","FTL","Beam Cell+1","Go for the Eyes+1","Melter","Gash","Core Surge","Steam+1","Deep Breath","All For One","Self Repair","Gash","Machine Learning","Gash","Secret Weapon","Impatience","Glacier+1","Stack","Gash+1"],"special_seed":0,"relics":["Cracked Core","NeowsBlessing","Bag of Preparation","Calipers","Peace Pipe","Thread and Needle","Fusion Hammer","Oddly Smooth Stone","DataDisk","Tiny House","Regal Pillow","Blue Candle","Vajra","Pear"],"potions_floor_usage":[55,55],"damage_taken":[{"damage":0.0,"enemies":"Small Slimes","floor":1.0,"turns":1.0},{"damage":0.0,"enemies":"Cultist","floor":2.0,"turns":1.0},{"damage":0.0,"enemies":"Jaw Worm","floor":3.0,"turns":1.0},{"damage":0.0,"enemies":"Looter","floor":5.0,"turns":3.0},{"damage":17.0,"enemies":"Lagavulin","floor":6.0,"turns":6.0},{"damage":0.0,"enemies":"Large Slime","floor":8.0,"turns":4.0},{"damage":17.0,"enemies":"3 Sentries","floor":10.0,"turns":7.0},{"damage":2.0,"enemies":"Blue Slaver","floor":11.0,"turns":4.0},{"damage":4.0,"enemies":"2 Fungi Beasts","floor":12.0,"turns":2.0},{"damage":5.0,"enemies":"Gremlin Nob","floor":13.0,"turns":3.0},{"damage":0.0,"enemies":"Red Slaver","floor":14.0,"turns":2.0},{"damage":42.0,"enemies":"The Guardian","floor":16.0,"turns":10.0},{"damage":0.0,"enemies":"Spheric Guardian","floor":18.0,"turns":2.0},{"damage":0.0,"enemies":"3 Byrds","floor":20.0,"turns":6.0},{"damage":28.0,"enemies":"Slavers","floor":23.0,"turns":4.0},{"damage":0.0,"enemies":"Sentry and Sphere","floor":24.0,"turns":2.0},{"damage":0.0,"enemies":"Centurion and Healer","floor":27.0,"turns":4.0},{"damage":0.0,"enemies":"Chosen and Byrds","floor":28.0,"turns":3.0},{"damage":44.0,"enemies":"Gremlin Leader","floor":29.0,"turns":4.0},{"damage":5.0,"enemies":"3 Cultists","floor":30.0,"turns":4.0},{"damage":16.0,"enemies":"Automaton","floor":33.0,"turns":6.0},{"damage":6.0,"enemies":"3 Darklings","floor":35.0,"turns":5.0},{"damage":3.0,"enemies":"3 Shapes","floor":36.0,"turns":5.0},{"damage":37.0,"enemies":"Nemesis","floor":41.0,"turns":7.0},{"damage":3.0,"enemies":"Spire Growth","floor":44.0,"turns":4.0},{"damage":1,"enemies":"Sphere and 2 Shapes","floor":46,"turns":4},{"damage":9,"enemies":"Giant Head","floor":47,"turns":6},{"damage":0,"enemies":"Transient","floor":48,"turns":5},{"damage":5,"enemies":"Awakened One","floor":50,"turns":9},{"damage":45,"enemies":"Shield and Spear","floor":54,"turns":6},{"damage":73,"enemies":"The Heart","floor":55,"turns":3}],"seed_played":"-7554730940685468872","potions_obtained":[{"floor":1.0,"key":"Regen Potion"},{"floor":5.0,"key":"Energy Potion"},{"floor":10.0,"key":"Energy Potion"},{"floor":12.0,"key":"FearPotion"},{"floor":14.0,"key":"LiquidBronze"},{"floor":23.0,"key":"FearPotion"},{"floor":27.0,"key":"Block Potion"},{"floor":28.0,"key":"Fire Potion"},{"floor":29.0,"key":"Swift Potion"},{"floor":30.0,"key":"Fire Potion"},{"floor":33.0,"key":"AttackPotion"},{"floor":34.0,"key":"Fruit Juice"},{"floor":36.0,"key":"FocusPotion"},{"floor":41.0,"key":"LiquidBronze"},{"floor":44.0,"key":"Fire Potion"},{"floor":48,"key":"Energy Potion"},{"floor":54,"key":"LiquidBronze"}],"is_trial":false,"path_per_floor":["M","M","M","?","M","E","R","M","T","E","M","M","E","M","R","B",null,"M","$","M","$","?","E","M","R","T","M","M","E","M","?","R","B",null,"M","M","$","?","?","R","E","R","T","M","$","M","E","M","R","B",null,"R","$","E","B"],"character_chosen":"DEFECT","items_purchased":["Deep Breath","All For One","Stack","Vajra"],"campfire_rested":2,"item_purchase_floors":[19,21,45,53],"current_hp_per_floor":[75,75,75,75,75,58,58,58,58,56,54,50,45,45,45,3,75,75,75,75,75,75,47,47,47,47,47,47,10,12,12,34,25,85,85,85,85,75,75,75,45,85,85,85,85,84,82,85,85,85,85,85,85,57,0],"gold":58,"neow_bonus":"THREE_ENEMY_KILL","is_prod":false,"is_daily":false,"chose_seed":true,"campfire_upgraded":2,"win_rate":0,"timestamp":1550751752,"path_taken":["M","M","M","?","M","E","R","M","T","E","M","M","E","M","R","BOSS","M","?","M","$","?","E","M","R","T","M","M","E","M","?","R","BOSS","M","M","$","?","?","R","E","R","T","M","?","M","E","M","R","BOSS","R","$","E","BOSS"],"build_version":"2019-01-23","purchased_purges":4,"victory":false,"max_hp_per_floor":[75,75,75,75,75,75,75,75,75,75,75,75,75,75,75,75,75,75,75,75,75,75,75,75,75,75,75,75,75,75,75,75,75,85,85,85,85,85,85,85,85,85,85,85,85,85,85,85,85,85,85,85,85,95,95],"card_choices":[{"not_picked":["Rebound","Redo"],"picked":"FTL","floor":1.0},{"not_picked":["Leap","Steam","Conserve Battery"],"picked":"SKIP","floor":2.0},{"not_picked":["Rebound","Double Energy"],"picked":"Beam Cell","floor":3.0},{"not_picked":["Conserve Battery","Turbo"],"picked":"Go for the Eyes","floor":5.0},{"not_picked":["Coolheaded","Streamline","Beam Cell"],"picked":"SKIP","floor":6.0},{"not_picked":["Biased Cognition","Stack"],"picked":"Melter","floor":8.0},{"not_picked":["Creative AI","Loop","Hologram"],"picked":"SKIP","floor":10.0},{"not_picked":["Rebound","Hello World","Fusion"],"picked":"SKIP","floor":11.0},{"not_picked":["Coolheaded","Conserve Battery","Storm"],"picked":"SKIP","floor":12.0},{"not_picked":["Thunder Strike","Stack"],"picked":"Gash","floor":13.0},{"not_picked":["Genetic Algorithm","Storm","Go for the Eyes"],"picked":"SKIP","floor":14.0},{"not_picked":["Machine Learning","Multi-Cast"],"picked":"Core Surge","floor":16.0},{"not_picked":["Go for the Eyes+1","Recycle"],"picked":"Steam+1","floor":18.0},{"not_picked":["Stack+1","Steam Power"],"picked":"Streamline+1","floor":20.0},{"not_picked":["Barrage","Lockon","Turbo"],"picked":"SKIP","floor":23.0},{"not_picked":["Storm","Streamline","Coolheaded"],"picked":"SKIP","floor":24.0},{"not_picked":["Storm","Streamline","Coolheaded"],"picked":"SKIP","floor":24.0},{"not_picked":["Biased Cognition","Glacier","Redo+1"],"picked":"SKIP","floor":27.0},{"not_picked":["Compile Driver","Stack","Chill+1"],"picked":"SKIP","floor":28.0},{"not_picked":["Coolheaded","Storm","White Noise"],"picked":"SKIP","floor":29.0},{"not_picked":["Genetic Algorithm","Beam Cell"],"picked":"Gash","floor":30.0},{"not_picked":["Electrodynamics","Fission"],"picked":"Machine Learning","floor":33.0},{"not_picked":["Defragment","Go for the Eyes+1"],"picked":"Gash","floor":34.0},{"not_picked":["Chaos+1","Melter","Compile Driver"],"picked":"SKIP","floor":35.0},{"not_picked":["Coolheaded","Redo","Tempest"],"picked":"SKIP","floor":36.0},{"not_picked":["Forethought","Finesse"],"picked":"Secret Weapon","floor":38.0},{"not_picked":["Discovery","Chrysalis"],"picked":"Impatience","floor":38.0},{"not_picked":["Redo","Conserve Battery+1"],"picked":"Glacier+1","floor":41.0},{"not_picked":["Loop","Ball Lightning+1","Undo"],"picked":"SKIP","floor":44.0},{"not_picked":["Compile Driver","Consume+1","Cold Snap+1"],"picked":"SKIP","floor":46},{"not_picked":["Blizzard","Turbo"],"picked":"Gash+1","floor":47},{"not_picked":["Steam+1","Sweeping Beam","Compile Driver"],"picked":"SKIP","floor":48},{"not_picked":["Turbo+1","Steam+1","Rip and Tear+1"],"picked":"SKIP","floor":54}],"player_experience":1240690,"relics_obtained":[{"floor":6.0,"key":"Bag of Preparation"},{"floor":9.0,"key":"Calipers"},{"floor":10.0,"key":"Peace Pipe"},{"floor":13.0,"key":"Thread and Needle"},{"floor":23.0,"key":"Oddly Smooth Stone"},{"floor":26.0,"key":"DataDisk"},{"floor":41.0,"key":"Regal Pillow"},{"floor":47,"key":"Blue Candle"},{"floor":54,"key":"Pear"}],"event_choices":[{"damage_healed":0.0,"max_hp_gain":0.0,"max_hp_loss":0.0,"gold_gain":0.0,"event_name":"The Woman in Blue","player_choice":"Bought 0 Potions","floor":4.0,"gold_loss":0.0,"damage_taken":0.0},{"damage_healed":0.0,"max_hp_gain":0.0,"max_hp_loss":0.0,"gold_gain":0.0,"event_name":"The Library","player_choice":"Read","floor":22.0,"gold_loss":0.0,"damage_taken":0.0,"cards_obtained":["Self Repair"]},{"damage_healed":0.0,"max_hp_gain":0.0,"max_hp_loss":0.0,"gold_gain":99.0,"event_name":"Nest","player_choice":"Stole From Cult","floor":31.0,"gold_loss":0.0,"damage_taken":0.0},{"damage_healed":0.0,"max_hp_gain":0.0,"max_hp_loss":0.0,"gold_gain":0.0,"event_name":"SensoryStone","player_choice":"Memory 3","floor":38.0,"gold_loss":0.0,"damage_taken":10.0},{"damage_healed":0.0,"max_hp_gain":0.0,"max_hp_loss":0.0,"gold_gain":0.0,"event_name":"Tomb of Lord Red Mask","player_choice":"Ignored","floor":39.0,"gold_loss":0.0,"damage_taken":0.0}],"is_beta":false,"boss_relics":[{"not_picked":["White Beast Statue","Lizard Tail"],"picked":"Fusion Hammer"},{"not_picked":["Runic Dome","Philosopher\u0027s Stone"],"picked":"Tiny House"}],"items_purged_floors":[19,21,37,45],"is_endless":false,"potions_floor_spawned":[1,5,10,12,14,23,27,28,29,30,33,36,41,44,46,48,54],"killed_by":"The Heart","ascension_level":0}