{"gold_per_floor":[213,226,3,3,20,33,33,9,9,9,36,36,36,63,63,161,161,171,182,27,43,43,43,43,43,95,95,113,113,113,131,131,234,234,250,250,1249,1249],"floor_reached":38,"playtime":4871,"items_purged":["Strike_G"],"score":462,"play_id":"bc36d7fc-879f-4c2c-a629-d5528128c04b","local_time":"20190218181942","is_ascension_mode":true,"campfire_choices":[{"data":"Neutralize","floor":10,"key":"SMITH"},{"data":"Neutralize","floor":13,"key":"SMITH"},{"data":"Accuracy","floor":15,"key":"SMITH"},{"data":"Footwork","floor":23,"key":"SMITH"},{"data":"PiercingWail","floor":25,"key":"SMITH"},{"data":"Backflip","floor":27,"key":"SMITH"},{"data":"Blade Dance","floor":29,"key":"SMITH"},{"data":"Malaise","floor":32,"key":"SMITH"}],"neow_cost":"NONE","seed_source_timestamp":303291712843900,"circlet_count":0,"master_deck":["Neutralize+1","Dodge and Roll+1","Accuracy+1","Footwork+1","Backstab","Distraction","Deadly Poison","Backflip+1","Storm of Steel","Bandage Up","Neutralize+1","Blade Dance+1","Malaise+1","Well Laid Plans+1","PiercingWail+1","Infinite Blades","Riddle With Holes+1","Finisher+1","Acrobatics+1","Glass Knife","Corpse Explosion","Endless Agony","Dagger Throw","PiercingWail","Concentrate","Heel Hook","Footwork","Heel Hook+1","Normality","Normality"],"relics":["Ring of the Snake","Vajra","Paper Crane","Meat on the Bone","Gremlin Horn","Busted Crown","Ancient Tea Set","Pandora\u0027s Box"],"potions_floor_usage":[14,16,18,33,35],"damage_taken":[{"damage":0,"enemies":"Small Slimes","floor":1,"turns":4},{"damage":1,"enemies":"Cultist","floor":2,"turns":5},{"damage":1,"enemies":"2 Louse","floor":5,"turns":3},{"damage":2,"enemies":"Exordium Thugs","floor":6,"turns":8},{"damage":5,"enemies":"3 Sentries","floor":11,"turns":13},{"damage":6,"enemies":"Lagavulin","floor":14,"turns":8},{"damage":18,"enemies":"Slime Boss","floor":16,"turns":12},{"damage":12,"enemies":"2 Thieves","floor":18,"turns":5},{"damage":7,"enemies":"Spheric Guardian","floor":19,"turns":5},{"damage":2,"enemies":"Centurion and Healer","floor":21,"turns":8},{"damage":10,"enemies":"Snecko","floor":28,"turns":5},{"damage":5,"enemies":"Sentry and Sphere","floor":31,"turns":4},{"damage":53,"enemies":"Collector","floor":33,"turns":8},{"damage":26,"enemies":"3 Darklings","floor":35,"turns":4},{"damage":65,"enemies":"2 Orb Walkers","floor":38,"turns":2}],"seed_played":"-3987393047879896021","potions_obtained":[{"floor":2,"key":"FearPotion"},{"floor":6,"key":"GhostInAJar"},{"floor":11,"key":"SkillPotion"},{"floor":18,"key":"FearPotion"},{"floor":33,"key":"Regen Potion"},{"floor":35,"key":"Strength Potion"}],"is_trial":false,"path_per_floor":["M","M","$","?","M","M","?","$","T","R","E","?","R","E","R","B",null,"M","M","$","M","$","R","?","R","T","R","M","R","?","M","R","B",null,"M","?","?","?"],"character_chosen":"THE_SILENT","items_purchased":["Vajra","Footwork","Deadly Poison","Infinite Blades"],"campfire_rested":0,"item_purchase_floors":[3,3,8,20],"current_hp_per_floor":[70,69,69,69,68,66,52,52,52,52,47,47,47,45,45,43,70,62,59,59,61,61,61,61,61,61,61,55,55,55,54,54,17,70,53,53,53,0],"gold":1249,"neow_bonus":"HUNDRED_GOLD","is_prod":false,"is_daily":false,"chose_seed":false,"campfire_upgraded":8,"win_rate":0,"timestamp":1550531982,"path_taken":["M","M","$","?","M","?","?","$","T","R","E","?","R","E","R","BOSS","M","M","$","M","$","R","?","R","T","R","M","R","?","M","R","BOSS","M","?","?","?"],"build_version":"2019-01-23","purchased_purges":1,"victory":false,"max_hp_per_floor":[70,70,70,70,70,70,70,70,70,70,70,70,70,70,70,70,70,70,70,70,70,70,70,70,70,70,70,70,70,70,70,70,70,70,70,70,70,70],"card_choices":[{"not_picked":["Bane","Deflect"],"picked":"Dodge and Roll","floor":1},{"not_picked":["Cloak And Dagger","Underhanded Strike"],"picked":"Accuracy","floor":2},{"not_picked":["Choke","Well Laid Plans"],"picked":"Backstab","floor":5},{"not_picked":["Catalyst","Bane"],"picked":"Distraction","floor":6},{"not_picked":["Outmaneuver","Setup"],"picked":"Backflip","floor":11},{"not_picked":["Bane","Dagger Throw"],"picked":"Blade Dance","floor":14},{"not_picked":["Glass Knife","Unload"],"picked":"Malaise","floor":16},{"not_picked":[],"picked":"Well Laid Plans+1","floor":18},{"not_picked":[],"picked":"PiercingWail","floor":19},{"not_picked":[],"picked":"Riddle With Holes+1","floor":21},{"not_picked":[],"picked":"Finisher+1","floor":28},{"not_picked":[],"picked":"Acrobatics+1","floor":31},{"not_picked":[],"picked":"Glass Knife","floor":33},{"not_picked":[],"picked":"Heel Hook+1","floor":35}],"player_experience":237657,"relics_obtained":[{"floor":9,"key":"Paper Crane"},{"floor":11,"key":"Meat on the Bone"},{"floor":14,"key":"Gremlin Horn"},{"floor":26,"key":"Ancient Tea Set"}],"event_choices":[{"cards_removed":["Strike_G"],"damage_healed":0,"gold_gain":0,"player_choice":"Offered Basic","damage_taken":0,"max_hp_gain":0,"max_hp_loss":0,"event_name":"Bonfire Elementals","floor":4,"gold_loss":0},{"damage_healed":0,"gold_gain":0,"player_choice":"Entered Light","damage_taken":14,"max_hp_gain":0,"max_hp_loss":0,"event_name":"Shining Light","floor":7,"gold_loss":0,"cards_upgraded":["Dodge and Roll","Strike_G"]},{"damage_healed":0,"gold_gain":0,"player_choice":"3 cards matched","damage_taken":0,"max_hp_gain":0,"max_hp_loss":0,"event_name":"Match and Keep!","floor":12,"gold_loss":0,"cards_obtained":["Storm of Steel","Bandage Up","Neutralize"]},{"damage_healed":0,"gold_gain":0,"player_choice":"Ignored","damage_taken":0,"max_hp_gain":0,"max_hp_loss":0,"event_name":"Cursed Tome","floor":24,"gold_loss":0},{"cards_removed":["Strike_G"],"damage_healed":0,"gold_gain":0,"player_choice":"Elegance","damage_taken":0,"max_hp_gain":0,"max_hp_loss":0,"event_name":"Back to Basics","floor":30,"gold_loss":0},{"cards_removed":["Survivor"],"damage_healed":0,"gold_gain":0,"player_choice":"Removed Skill","damage_taken":0,"max_hp_gain":0,"max_hp_loss":0,"event_name":"Falling","floor":36,"gold_loss":0},{"damage_healed":0,"gold_gain":999,"player_choice":"Gold","damage_taken":0,"max_hp_gain":0,"max_hp_loss":0,"event_name":"MindBloom","floor":37,"gold_loss":0,"cards_obtained":["Normality","Normality"]},{"damage_healed":0,"gold_gain":0,"player_choice":"Fight","damage_taken":0,"max_hp_gain":0,"max_hp_loss":0,"event_name":"Mysterious Sphere","floor":38,"gold_loss":0}],"is_beta":false,"boss_relics":[{"not_picked":["Eternal Feather","Ectoplasm"],"picked":"Busted Crown"},{"not_picked":["Snecko Eye","Tiny House"],"picked":"Pandora\u0027s Box"}],"items_purged_floors":[20],"is_endless":false,"potions_floor_spawned":[2,6,11,18,33,35],"killed_by":"2 Orb Walkers","ascension_level":3}