{"gold_per_floor":[367,367,40,50,70,70,95,95,395,411,411,421,421,455,455,558,558,573,177,177,177,102,102],"floor_reached":23,"playtime":555,"items_purged":[],"score":286,"play_id":"ad614947-f94b-44cd-8efe-bffe1f68bd63","local_time":"20180819212841","is_ascension_mode":true,"campfire_choices":[{"data":"1","floor":6.0,"key":"LIFT"},{"data":"2","floor":11.0,"key":"LIFT"},{"data":"3","floor":13.0,"key":"LIFT"},{"data":"Apotheosis","floor":15.0,"key":"SMITH"}],"neow_cost":"TEN_PERCENT_HP_LOSS","seed_source_timestamp":0,"circlet_count":0,"master_deck":["Strike_R","Strike_R","Strike_R","Strike_R","Defend_R","Defend_R","Defend_R","Defend_R","Bash","Perfected Strike","Apotheosis+1","Clothesline","Shrug It Off","Inflame","Shrug It Off","Whirlwind","Pommel Strike","Shrug It Off","Flame Barrier","Juggernaut","Dropkick"],"special_seed":0,"relics":["Black Blood","Girya","Regal Pillow","Old Coin","Juzu Bracelet","Sling","Omamori"],"potions_floor_usage":[],"damage_taken":[{"damage":7.0,"enemies":"Jaw Worm","floor":1.0,"turns":3.0},{"damage":0.0,"enemies":"2 Louse","floor":4.0,"turns":3.0},{"damage":1.0,"enemies":"Small Slimes","floor":5.0,"turns":4.0},{"damage":24.0,"enemies":"Gremlin Nob","floor":7.0,"turns":4.0},{"damage":11.0,"enemies":"Looter","floor":10.0,"turns":4.0},{"damage":13.0,"enemies":"3 Louse","floor":12.0,"turns":3.0},{"damage":13.0,"enemies":"Lagavulin","floor":14.0,"turns":5.0},{"damage":5.0,"enemies":"Hexaghost","floor":16.0,"turns":8.0},{"damage":7.0,"enemies":"3 Byrds","floor":18.0,"turns":4.0},{"damage":0,"enemies":"Book of Stabbing","floor":23,"turns":1}],"seed_played":"7556289588871271508","potions_obtained":[{"floor":7.0,"key":"LiquidBronze"},{"floor":10.0,"key":"SkillPotion"},{"floor":14.0,"key":"Energy Potion"},{"floor":16.0,"key":"Explosive Potion"}],"is_trial":false,"path_per_floor":["M","?","$","M","M","R","E","$","T","M","R","M","R","E","R","B",null,"M","$","?","?","?"],"character_chosen":"IRONCLAD","items_purchased":["Apotheosis","Clothesline","Shrug It Off","Strength Potion","Sling","Omamori","SteroidPotion"],"campfire_rested":0,"item_purchase_floors":[3,3,3,3,19,19,19],"current_hp_per_floor":[71,64,64,70,72,72,54,54,54,49,49,42,42,45,45,46,66,69,69,56,56,56,56],"gold":102,"neow_bonus":"TWO_FIFTY_GOLD","is_prod":false,"is_daily":false,"chose_seed":false,"campfire_upgraded":1,"win_rate":0,"timestamp":1534706921,"path_taken":["M","?","$","M","M","R","E","?","T","M","R","M","R","E","R","BOSS","M","$","?","?","?","E"],"build_version":"2018-08-16","purchased_purges":0,"victory":false,"max_hp_per_floor":[72,72,72,72,72,72,72,72,72,72,72,72,72,72,72,72,72,72,72,77,77,77,77],"card_choices":[{"not_picked":["Body Slam","Clothesline"],"picked":"Perfected Strike","floor":1.0},{"not_picked":["Heavy Blade","Pommel Strike"],"picked":"Inflame","floor":4.0},{"not_picked":["Warcry","Cleave"],"picked":"Shrug It Off","floor":5.0},{"not_picked":["Warcry","Wild Strike"],"picked":"Whirlwind","floor":7.0},{"not_picked":["Clash","Rupture"],"picked":"Pommel Strike","floor":10.0},{"not_picked":["True Grit","Corruption"],"picked":"Shrug It Off","floor":12.0},{"not_picked":["Rampage","Warcry"],"picked":"Flame Barrier","floor":14.0},{"not_picked":["Impervious","Barricade"],"picked":"Juggernaut","floor":16.0},{"not_picked":["Twin Strike","Rage"],"picked":"Dropkick","floor":18.0}],"player_experience":901115,"relics_obtained":[{"floor":7.0,"key":"Regal Pillow"},{"floor":9.0,"key":"Old Coin"},{"floor":14.0,"key":"Juzu Bracelet"}],"event_choices":[{"event_name":"Scrap Ooze","player_choice":"success","floor":2.0,"damage_taken":7.0},{"event_name":"Forgotten Altar","player_choice":"Shed Blood","floor":20.0,"damage_taken":0.0},{"event_name":"Ghosts","player_choice":"Ignored","floor":21.0,"damage_taken":0.0},{"event_name":"Beggar","player_choice":"Gave Gold","floor":22.0,"damage_taken":0.0}],"is_beta":false,"boss_relics":[{"not_picked":["Runic Pyramid","Empty Cage"],"picked":"Black Blood"}],"items_purged_floors":[],"is_endless":false,"potions_floor_spawned":[7,10,14,16],"killed_by":"Book of Stabbing","ascension_level":9}