{"gold_per_floor":[113,113,263,0,20,59,59,99,99,140,159,174,174,195,195,294,294,234,234,234,195,195,195,195],"floor_reached":24,"playtime":974,"items_purged":["Doubt"],"score":482,"play_id":"707cf668-1b29-4816-8beb-dccde455d78c","local_time":"20190205000539","is_ascension_mode":true,"campfire_choices":[{"data":"Whirlwind","floor":7.0,"key":"SMITH"},{"data":"Bludgeon","floor":13.0,"key":"SMITH"},{"data":"Spot Weakness","floor":15.0,"key":"SMITH"},{"floor":23.0,"key":"REST"}],"neow_cost":"NONE","seed_source_timestamp":153323790359932,"circlet_count":0,"master_deck":["AscendersBane","Strike_R","Strike_R","Strike_R","Strike_R","Strike_R","Defend_R+1","Defend_R","Defend_R+1","Defend_R","Bash","Flame Barrier","Whirlwind+1","Feel No Pain","Bludgeon+1","Spot Weakness+1","Clothesline","True Grit","Feel No Pain","Demon Form","Havoc","Anger+1","Intimidate","Iron Wave"],"special_seed":0,"relics":["Burning Blood","NeowsBlessing","Golden Idol","War Paint","Nunchaku","Omamori","Ectoplasm","Calipers","Bottled Flame"],"potions_floor_usage":[],"damage_taken":[{"damage":0.0,"enemies":"Small Slimes","floor":1.0,"turns":1.0},{"damage":0.0,"enemies":"Jaw Worm","floor":5.0,"turns":1.0},{"damage":0.0,"enemies":"Lagavulin","floor":6.0,"turns":1.0},{"damage":10.0,"enemies":"3 Sentries","floor":8.0,"turns":5.0},{"damage":8.0,"enemies":"Gremlin Nob","floor":10.0,"turns":3.0},{"damage":1.0,"enemies":"2 Louse","floor":11.0,"turns":2.0},{"damage":0.0,"enemies":"Exordium Wildlife","floor":12.0,"turns":2.0},{"damage":7.0,"enemies":"Red Slaver","floor":14.0,"turns":4.0},{"damage":68.0,"enemies":"Slime Boss","floor":16.0,"turns":14.0},{"damage":17.0,"enemies":"2 Thieves","floor":18.0,"turns":4.0},{"damage":23.0,"enemies":"Colosseum Slavers","floor":19.0,"turns":3.0},{"damage":23.0,"enemies":"Colosseum Nobs","floor":19.0,"turns":4.0},{"damage":0.0,"enemies":"3 Byrds","floor":20.0,"turns":5.0},{"damage":10.0,"enemies":"Centurion and Healer","floor":22.0,"turns":9.0},{"damage":46,"enemies":"Gremlin Leader","floor":24,"turns":4}],"seed_played":"2252805767955682463","potions_obtained":[{"floor":1.0,"key":"BloodPotion"},{"floor":8.0,"key":"FearPotion"},{"floor":11.0,"key":"Poison Potion"},{"floor":19.0,"key":"LiquidBronze"},{"floor":20.0,"key":"Dexterity Potion"}],"is_trial":false,"path_per_floor":["M","?","?","$","M","E","R","E","T","E","M","M","R","M","R","B",null,"M","?","M","$","M","R","E"],"character_chosen":"IRONCLAD","items_purchased":["Whirlwind","Fire Potion","Feel No Pain","Intimidate"],"campfire_rested":1,"item_purchase_floors":[4,4,4,21],"current_hp_per_floor":[74,48,48,48,54,60,60,63,63,61,66,72,72,71,71,9,59,48,14,20,20,16,38,0],"gold":195,"neow_bonus":"THREE_ENEMY_KILL","is_prod":false,"is_daily":false,"chose_seed":false,"campfire_upgraded":3,"win_rate":0,"timestamp":1549343139,"path_taken":["M","?","?","?","M","E","R","E","T","E","?","M","R","M","R","BOSS","M","?","M","$","M","R","E"],"build_version":"2019-01-23","purchased_purges":1,"victory":false,"max_hp_per_floor":[75,75,75,75,75,75,75,75,75,75,75,75,75,75,75,75,75,75,75,75,75,75,75,75],"card_choices":[{"not_picked":["Clash","Flex"],"picked":"Flame Barrier","floor":1.0},{"not_picked":["Heavy Blade","Clash","Sword Boomerang"],"picked":"SKIP","floor":5.0},{"not_picked":["Entrench","Perfected Strike"],"picked":"Bludgeon","floor":6.0},{"not_picked":["Body Slam","Thunderclap","Twin Strike"],"picked":"SKIP","floor":8.0},{"not_picked":["Sword Boomerang","Carnage"],"picked":"Spot Weakness","floor":10.0},{"not_picked":["Clothesline","Entrench","Flex"],"picked":"SKIP","floor":11.0},{"not_picked":["Entrench","Flex"],"picked":"Clothesline","floor":11.0},{"not_picked":["Entrench","Fire Breathing"],"picked":"True Grit","floor":12.0},{"not_picked":["Headbutt","Wild Strike"],"picked":"Feel No Pain","floor":14.0},{"not_picked":["Feed","Juggernaut"],"picked":"Demon Form","floor":16.0},{"not_picked":["Iron Wave","Flex"],"picked":"Havoc","floor":18.0},{"not_picked":["Heavy Blade","Sword Boomerang"],"picked":"Anger+1","floor":20.0},{"not_picked":["Combust","Flex"],"picked":"Iron Wave","floor":22.0}],"player_experience":1128221,"relics_obtained":[{"floor":6.0,"key":"War Paint"},{"floor":8.0,"key":"Nunchaku"},{"floor":10.0,"key":"Omamori"},{"floor":19.0,"key":"Calipers"},{"floor":19.0,"key":"Bottled Flame"}],"event_choices":[{"damage_healed":0.0,"max_hp_gain":0.0,"max_hp_loss":0.0,"gold_gain":0.0,"event_name":"Golden Idol","player_choice":"Take Damage","floor":2.0,"gold_loss":0.0,"damage_taken":26.0,"relics_obtained":["Golden Idol"]},{"damage_healed":0.0,"max_hp_gain":0.0,"max_hp_loss":0.0,"gold_gain":150.0,"event_name":"Liars Game","player_choice":"AGREE","floor":3.0,"gold_loss":0.0,"damage_taken":0.0,"cards_obtained":["Doubt"]},{"damage_healed":0.0,"max_hp_gain":0.0,"max_hp_loss":0.0,"gold_gain":0.0,"event_name":"Colosseum","player_choice":"Fight","floor":19.0,"gold_loss":0.0,"damage_taken":0.0},{"damage_healed":0.0,"max_hp_gain":0.0,"max_hp_loss":0.0,"gold_gain":0.0,"event_name":"Colosseum","player_choice":"Fought Nobs","floor":19.0,"gold_loss":0.0,"damage_taken":0.0}],"is_beta":false,"boss_relics":[{"not_picked":["Runic Cube","Runic Dome"],"picked":"Ectoplasm"}],"items_purged_floors":[4],"is_endless":false,"potions_floor_spawned":[1,8,11,19,20],"killed_by":"Gremlin Leader","ascension_level":20}