{"gold_per_floor":[110,60,74,22,0,0,0,0,49,68,99,129,139,165,165,262,262,272,371,371,371,286,286,319,319,319,354,354,369,380,62,62,158,158,172,218,218,39,139,139,155,175,175,175,188,188,188,208,208,208],"floor_reached":50,"playtime":6160,"items_purged":["Hello World","Machine Learning"],"score":699,"play_id":"eca85046-f83c-478d-bd0c-1f6ff586aae3","local_time":"20181229165230","is_ascension_mode":true,"campfire_choices":[{"data":"Dualcast","floor":6.0,"key":"SMITH"},{"data":"Hologram","floor":8.0,"key":"SMITH"},{"data":"Coolheaded","floor":15.0,"key":"SMITH"},{"floor":23.0,"key":"REST"},{"floor":25.0,"key":"REST"},{"floor":28.0,"key":"REST"},{"floor":32.0,"key":"REST"},{"floor":40.0,"key":"REST"},{"floor":44.0,"key":"REST"},{"floor":49.0,"key":"REST"}],"neow_cost":"NONE","seed_source_timestamp":328961807712140,"circlet_count":0,"master_deck":["Zap+1","Dualcast+1","Hologram+1","Cold Snap","Coolheaded+1","Cold Snap","Ball Lightning","Conserve Battery+1","Barrage","Thunder Strike","Recycle+1","Amplify+1","Hyperbeam","Darkness+1","Leap+1","Necronomicurse","Double Energy+1","Blizzard+1","Leap+1","Reprogram+1","Rainbow+1","Ball Lightning+1","Coolheaded+1","Defragment","Conserve Battery+1","Consume+1"],"special_seed":0,"relics":["Cracked Core","Whetstone","Shuriken","Letter Opener","Toxic Egg 2","Pandora\u0027s Box","Gremlin Horn","Necronomicon","Smiling Mask","Centennial Puzzle","Darkstone Periapt","Oddly Smooth Stone","OrangePellets","Fusion Hammer","Mango","Bird Faced Urn","Singing Bowl"],"potions_floor_usage":[],"damage_taken":[{"damage":3.0,"enemies":"Small Slimes","floor":1.0,"turns":2.0},{"damage":2.0,"enemies":"Jaw Worm","floor":3.0,"turns":3.0},{"damage":0.0,"enemies":"2 Louse","floor":10.0,"turns":2.0},{"damage":6.0,"enemies":"Lagavulin","floor":11.0,"turns":7.0},{"damage":0.0,"enemies":"Looter","floor":13.0,"turns":3.0},{"damage":6.0,"enemies":"3 Sentries","floor":14.0,"turns":5.0},{"damage":41.0,"enemies":"Hexaghost","floor":16.0,"turns":10.0},{"damage":12.0,"enemies":"Chosen","floor":18.0,"turns":3.0},{"damage":33.0,"enemies":"Gremlin Leader","floor":24.0,"turns":6.0},{"damage":33.0,"enemies":"Slavers","floor":27.0,"turns":5.0},{"damage":0.0,"enemies":"2 Thieves","floor":29.0,"turns":1.0},{"damage":12.0,"enemies":"Cultist and Chosen","floor":30.0,"turns":4.0},{"damage":30.0,"enemies":"Automaton","floor":33.0,"turns":8.0},{"damage":5.0,"enemies":"3 Darklings","floor":35.0,"turns":2.0},{"damage":35.0,"enemies":"2 Orb Walkers","floor":36.0,"turns":3.0},{"damage":17.0,"enemies":"Mind Bloom Boss Battle","floor":39.0,"turns":5.0},{"damage":2.0,"enemies":"Orb Walker","floor":41.0,"turns":3.0},{"damage":22.0,"enemies":"Sphere and 2 Shapes","floor":42.0,"turns":4.0},{"damage":8.0,"enemies":"Maw","floor":45.0,"turns":5.0},{"damage":0.0,"enemies":"Reptomancer","floor":47.0,"turns":5.0},{"damage":27.0,"enemies":"Writhing Mass","floor":48.0,"turns":6.0},{"damage":99,"enemies":"Time Eater","floor":50,"turns":11}],"seed_played":"-5732309183327787959","potions_obtained":[{"floor":11.0,"key":"SneckoOil"},{"floor":16.0,"key":"Ancient Potion"},{"floor":30.0,"key":"Weak Potion"},{"floor":33.0,"key":"Swift Potion"},{"floor":35.0,"key":"Regen Potion"},{"floor":48.0,"key":"Fire Potion"}],"is_trial":false,"path_per_floor":["M","?","M","$","?","R","?","R","T","M","E","?","M","E","R","B",null,"M","?","T","?","?","R","E","R","T","E","R","M","M","$","R","B",null,"M","?","?","$","?","R","M","M","T","R","M","?","E","M","R","B"],"character_chosen":"DEFECT","items_purchased":["Cold Snap","OrangePellets","Self Repair","Defragment","Energy Potion"],"campfire_rested":7,"item_purchase_floors":[4,31,31,38,38],"current_hp_per_floor":[72,72,70,70,70,70,75,75,75,75,69,69,69,63,63,22,66,54,54,54,38,38,62,29,53,53,20,44,44,32,32,56,33,68,77,63,63,63,65,93,94,86,86,94,96,96,96,69,96,0],"gold":208,"neow_bonus":"UPGRADE_CARD","is_prod":false,"is_daily":false,"chose_seed":false,"campfire_upgraded":3,"win_rate":0,"timestamp":1546069950,"path_taken":["M","?","M","$","?","R","?","R","T","M","E","?","M","E","R","BOSS","M","?","?","?","?","R","E","R","T","E","R","M","M","$","R","BOSS","M","?","?","$","?","R","M","?","T","R","M","?","E","M","R","BOSS"],"build_version":"2018-12-20","purchased_purges":2,"victory":false,"max_hp_per_floor":[75,75,75,75,75,75,80,80,80,80,80,80,80,80,80,80,80,80,80,80,80,80,80,80,80,80,80,80,80,80,80,80,80,80,80,94,94,94,94,94,94,94,94,94,96,96,96,96,96,96],"card_choices":[{"not_picked":["Leap","Force Field"],"picked":"Hologram","floor":1.0},{"not_picked":["Force Field","Redo","Blizzard"],"picked":"SKIP","floor":3.0},{"not_picked":["Gash","Storm"],"picked":"Coolheaded","floor":10.0},{"not_picked":["Streamline","Rainbow"],"picked":"Cold Snap","floor":11.0},{"not_picked":["Gash","Go for the Eyes"],"picked":"Ball Lightning","floor":13.0},{"not_picked":["Streamline","Gash"],"picked":"Conserve Battery","floor":14.0},{"not_picked":["Rainbow+1","Echo Form"],"picked":"Machine Learning","floor":16.0},{"not_picked":["Streamline","FTL"],"picked":"Leap+1","floor":18.0},{"not_picked":["Genetic Algorithm+1","Coolheaded+1"],"picked":"Double Energy+1","floor":24.0},{"not_picked":["Double Energy+1","Auto Shields+1"],"picked":"Blizzard+1","floor":27.0},{"not_picked":["Turbo+1","Force Field+1"],"picked":"Leap+1","floor":29.0},{"not_picked":["Hologram+1","Loop"],"picked":"Reprogram+1","floor":30.0},{"not_picked":["Meteor Strike","Biased Cognition"],"picked":"Rainbow+1","floor":33.0},{"not_picked":["Cold Snap+1","Stack+1"],"picked":"Ball Lightning+1","floor":35.0},{"not_picked":["Tempest+1","Barrage"],"picked":"Coolheaded+1","floor":36.0},{"not_picked":["Streamline+1","Echo Form"],"picked":"Conserve Battery+1","floor":41.0},{"not_picked":["Compile Driver+1","Scrape","Blizzard+1"],"picked":"SKIP","floor":42.0},{"not_picked":["Go for the Eyes+1","Leap+1","Gash+1"],"picked":"Singing Bowl","floor":45.0},{"not_picked":["Gash+1","Conserve Battery+1","Rebound+1"],"picked":"SKIP","floor":47.0},{"not_picked":["Go for the Eyes+1","Genetic Algorithm+1"],"picked":"Consume+1","floor":48.0}],"player_experience":255560,"relics_obtained":[{"floor":9.0,"key":"Whetstone"},{"floor":11.0,"key":"Shuriken"},{"floor":14.0,"key":"Toxic Egg 2"},{"floor":20.0,"key":"Gremlin Horn"},{"floor":21.0,"key":"Necronomicon"},{"floor":24.0,"key":"Centennial Puzzle"},{"floor":26.0,"key":"Darkstone Periapt"},{"floor":27.0,"key":"Oddly Smooth Stone"},{"floor":36.0,"key":"Mango"},{"floor":39.0,"key":"Bird Faced Urn"},{"floor":43.0,"key":"Singing Bowl"}],"event_choices":[{"cards_removed":["Strike_B"],"damage_healed":0.0,"max_hp_gain":0.0,"max_hp_loss":0.0,"gold_gain":0.0,"event_name":"The Cleric","player_choice":"Card Removal","floor":2.0,"gold_loss":50.0,"damage_taken":0.0},{"damage_healed":0.0,"max_hp_gain":0.0,"max_hp_loss":0.0,"gold_gain":0.0,"event_name":"World of Goop","player_choice":"Left Gold","floor":5.0,"gold_loss":22.0,"damage_taken":0.0},{"damage_healed":0.0,"max_hp_gain":5.0,"max_hp_loss":0.0,"gold_gain":0.0,"event_name":"Big Fish","player_choice":"Donut","floor":7.0,"gold_loss":0.0,"damage_taken":0.0},{"damage_healed":0.0,"max_hp_gain":0.0,"max_hp_loss":0.0,"gold_gain":30.0,"event_name":"Dead Adventurer","player_choice":"Searched \u00273\u0027 times","floor":12.0,"gold_loss":0.0,"damage_taken":0.0,"relics_obtained":["Letter Opener"]},{"damage_healed":0.0,"max_hp_gain":0.0,"max_hp_loss":0.0,"gold_gain":99.0,"event_name":"Nest","player_choice":"Stole From Cult","floor":19.0,"gold_loss":0.0,"damage_taken":0.0},{"damage_healed":0.0,"max_hp_gain":0.0,"max_hp_loss":0.0,"gold_gain":0.0,"event_name":"Cursed Tome","player_choice":"Obtained Book","floor":21.0,"gold_loss":0.0,"damage_taken":16.0},{"damage_healed":0.0,"max_hp_gain":0.0,"max_hp_loss":0.0,"gold_gain":0.0,"event_name":"Addict","player_choice":"Obtained Relic","floor":22.0,"gold_loss":85.0,"damage_taken":0.0,"relics_obtained":["Smiling Mask"]},{"damage_healed":0.0,"max_hp_gain":0.0,"max_hp_loss":0.0,"gold_gain":0.0,"event_name":"Mysterious Sphere","player_choice":"Fight","floor":36.0,"gold_loss":0.0,"damage_taken":0.0},{"damage_healed":0.0,"max_hp_gain":0.0,"max_hp_loss":0.0,"gold_gain":0.0,"event_name":"Tomb of Lord Red Mask","player_choice":"Ignored","floor":37.0,"gold_loss":0.0,"damage_taken":0.0},{"damage_healed":0.0,"max_hp_gain":0.0,"max_hp_loss":0.0,"gold_gain":0.0,"event_name":"MindBloom","player_choice":"Fight","floor":39.0,"gold_loss":0.0,"damage_taken":0.0},{"cards_removed":["Self Repair"],"damage_healed":0.0,"max_hp_gain":0.0,"max_hp_loss":0.0,"gold_gain":0.0,"event_name":"Falling","player_choice":"Removed Power","floor":46.0,"gold_loss":0.0,"damage_taken":0.0}],"is_beta":false,"boss_relics":[{"not_picked":["Velvet Choker","Coffee Dripper"],"picked":"Pandora\u0027s Box"},{"not_picked":["Tiny House","Orrery"],"picked":"Fusion Hammer"}],"items_purged_floors":[31,38],"is_endless":false,"potions_floor_spawned":[11,16,30,33,35,48],"killed_by":"Time Eater","ascension_level":5}