{"gold_per_floor":[113,113,41,56,70,70,95,95,172,190,34,53,83,102,102,203,203,221,221,43,56,75,104,104,55,55,55,55,73,103,113,113,212,212,228,244,264,284,301,301,29,55,55,55,68,86,46,60,60,60],"floor_reached":51,"playtime":5142,"items_purged":["Strike_G","Strike_G","Strike_G"],"score":733,"play_id":"efb4b661-3328-45aa-9dae-6c0f4a003218","local_time":"20190221033551","is_ascension_mode":false,"campfire_choices":[{"data":"Neutralize","floor":6,"key":"SMITH"},{"data":"Noxious Fumes","floor":8,"key":"SMITH"},{"floor":15,"key":"REST"},{"floor":28,"key":"REST"},{"data":"Survivor","floor":32,"key":"SMITH"},{"floor":40,"key":"REST"},{"data":"Catalyst","floor":44,"key":"SMITH"},{"floor":49,"key":"REST"}],"neow_cost":"NONE","seed_source_timestamp":24507420114935,"circlet_count":0,"master_deck":["Defend_G","Defend_G","Defend_G","Defend_G","Defend_G","Survivor+1","Neutralize+1","Terror","Noxious Fumes+1","Deadly Poison","Catalyst+1","Backstab","Footwork+1","Dodge and Roll","Noxious Fumes+1","Backflip+1","Corpse Explosion","Quick Slash+1","Dash","Backflip+1","Acrobatics","Deflect","Calculated Gamble","Sucker Punch+1","Expertise+1","Backflip","Dodge and Roll+1","Caltrops+1"],"relics":["Ring of the Snake","NeowsBlessing","Omamori","Frozen Egg 2","Pear","Busted Crown","Gremlin Horn","Du-Vu Doll","Matryoshka","Paper Crane","Empty Cage","Happy Flower","Toxic Egg 2","Dream Catcher","Torii"],"potions_floor_usage":[13,23,38,50],"damage_taken":[{"damage":0,"enemies":"Small Slimes","floor":1,"turns":1},{"damage":0,"enemies":"Jaw Worm","floor":4,"turns":1},{"damage":0,"enemies":"Cultist","floor":5,"turns":1},{"damage":18,"enemies":"Lagavulin","floor":7,"turns":7},{"damage":4,"enemies":"Large Slime","floor":10,"turns":3},{"damage":0,"enemies":"Exordium Wildlife","floor":12,"turns":4},{"damage":7,"enemies":"3 Sentries","floor":13,"turns":8},{"damage":14,"enemies":"Lots of Slimes","floor":14,"turns":5},{"damage":17,"enemies":"Slime Boss","floor":16,"turns":10},{"damage":6,"enemies":"Shell Parasite","floor":18,"turns":7},{"damage":0,"enemies":"Chosen","floor":21,"turns":4},{"damage":8,"enemies":"3 Cultists","floor":22,"turns":4},{"damage":31,"enemies":"Slavers","floor":23,"turns":5},{"damage":4,"enemies":"Centurion and Healer","floor":29,"turns":8},{"damage":1,"enemies":"Book of Stabbing","floor":30,"turns":6},{"damage":0,"enemies":"Snake Plant","floor":31,"turns":5},{"damage":8,"enemies":"Automaton","floor":33,"turns":8},{"damage":5,"enemies":"3 Darklings","floor":35,"turns":3},{"damage":14,"enemies":"3 Shapes","floor":36,"turns":4},{"damage":8,"enemies":"Spire Growth","floor":37,"turns":5},{"damage":4,"enemies":"Transient","floor":38,"turns":5},{"damage":23,"enemies":"Jaw Worm Horde","floor":39,"turns":4},{"damage":0,"enemies":"Giant Head","floor":42,"turns":10},{"damage":19,"enemies":"Spire Growth","floor":45,"turns":6},{"damage":0,"enemies":"Transient","floor":46,"turns":5},{"damage":4,"enemies":"Sphere and 2 Shapes","floor":48,"turns":6},{"damage":6,"enemies":"Time Eater","floor":50,"turns":10}],"seed_played":"-5443384116160238855","potions_obtained":[{"floor":1,"key":"FearPotion"},{"floor":7,"key":"GhostInAJar"},{"floor":13,"key":"FairyPotion"},{"floor":14,"key":"Fire Potion"},{"floor":21,"key":"SpeedPotion"},{"floor":30,"key":"Weak Potion"},{"floor":31,"key":"EssenceOfSteel"},{"floor":33,"key":"GhostInAJar"},{"floor":42,"key":"AttackPotion"},{"floor":45,"key":"SteroidPotion"}],"is_trial":false,"path_per_floor":["M","?","$","M","M","R","E","R","T","M","$","M","E","M","R","B",null,"M","?","$","M","M","E","?","$","T","T","R","M","E","M","R","B",null,"M","M","M","M","M","R","$","E","T","R","M","M","$","M","R","B",null],"character_chosen":"THE_SILENT","items_purchased":["Noxious Fumes","Footwork+1","Dash","Deflect","Happy Flower","Caltrops+1"],"campfire_rested":4,"item_purchase_floors":[3,11,20,25,41,47],"current_hp_per_floor":[70,70,70,70,70,70,52,52,52,48,48,48,51,37,61,44,80,74,74,74,74,66,35,35,35,35,35,59,55,54,54,54,46,80,75,61,53,49,26,50,50,50,50,50,31,31,31,27,51,45],"gold":60,"neow_bonus":"THREE_ENEMY_KILL","is_prod":false,"is_daily":false,"chose_seed":false,"campfire_upgraded":4,"win_rate":0,"timestamp":1550745351,"path_taken":["M","?","$","M","M","R","E","R","T","M","$","M","E","M","R","BOSS","M","?","$","M","?","E","?","$","T","?","R","M","E","M","R","BOSS","M","M","M","M","M","R","$","E","T","R","?","M","$","M","R","BOSS"],"build_version":"2019-01-23","purchased_purges":3,"victory":true,"max_hp_per_floor":[70,70,70,70,70,70,70,70,70,70,70,70,80,80,80,80,80,80,80,80,80,80,80,80,80,80,80,80,80,80,80,80,80,80,80,80,80,80,80,80,80,80,80,80,80,80,80,80,80,80],"card_choices":[{"not_picked":["Bane","Poisoned Stab"],"picked":"Terror","floor":1},{"not_picked":["Calculated Gamble","Dagger Spray","Dagger Throw"],"picked":"SKIP","floor":4},{"not_picked":["Terror","Slice"],"picked":"Deadly Poison","floor":5},{"not_picked":["Prepared","Quick Slash"],"picked":"Catalyst","floor":7},{"not_picked":["Poisoned Stab","Deflect"],"picked":"Backstab","floor":10},{"not_picked":["Flechettes","Backstab"],"picked":"Dodge and Roll","floor":12},{"not_picked":["Dagger Spray","Malaise"],"picked":"Noxious Fumes+1","floor":13},{"not_picked":["Blade Dance","Underhanded Strike"],"picked":"Backflip","floor":14},{"not_picked":["Night Terror","Burst"],"picked":"Corpse Explosion","floor":16},{"not_picked":[],"picked":"Quick Slash+1","floor":18},{"not_picked":["Skewer"],"picked":"SKIP","floor":21},{"not_picked":["Skewer"],"picked":"SKIP","floor":21},{"not_picked":["Quick Slash"],"picked":"SKIP","floor":22},{"not_picked":[],"picked":"Backflip+1","floor":23},{"not_picked":["Flechettes+1"],"picked":"SKIP","floor":29},{"not_picked":[],"picked":"Calculated Gamble","floor":30},{"not_picked":[],"picked":"Sucker Punch+1","floor":31},{"not_picked":[],"picked":"Expertise+1","floor":35},{"not_picked":[],"picked":"Backflip","floor":36},{"not_picked":[],"picked":"Dodge and Roll+1","floor":37},{"not_picked":["Slice"],"picked":"SKIP","floor":38},{"not_picked":["Cloak And Dagger+1"],"picked":"SKIP","floor":39},{"not_picked":["Slice"],"picked":"SKIP","floor":42},{"not_picked":["Outmaneuver+1"],"picked":"SKIP","floor":45},{"not_picked":["Riddle With Holes"],"picked":"SKIP","floor":46},{"not_picked":["Dash"],"picked":"SKIP","floor":48}],"player_experience":53198,"relics_obtained":[{"floor":7,"key":"Omamori"},{"floor":9,"key":"Frozen Egg 2"},{"floor":13,"key":"Pear"},{"floor":23,"key":"Gremlin Horn"},{"floor":26,"key":"Du-Vu Doll"},{"floor":27,"key":"Matryoshka"},{"floor":30,"key":"Paper Crane"},{"floor":42,"key":"Toxic Egg 2"},{"floor":43,"key":"Dream Catcher"},{"floor":43,"key":"Torii"}],"event_choices":[{"damage_healed":0,"gold_gain":0,"player_choice":"Ignored","damage_taken":0,"max_hp_gain":0,"max_hp_loss":0,"event_name":"Liars Game","floor":2,"gold_loss":0},{"damage_healed":0,"gold_gain":0,"player_choice":"Forge","damage_taken":0,"max_hp_gain":0,"max_hp_loss":0,"event_name":"Accursed Blacksmith","floor":19,"gold_loss":0,"cards_upgraded":["Backflip"]},{"damage_healed":0,"gold_gain":0,"player_choice":"Read","damage_taken":0,"max_hp_gain":0,"max_hp_loss":0,"event_name":"The Library","floor":24,"gold_loss":0,"cards_obtained":["Acrobatics"]}],"is_beta":false,"boss_relics":[{"not_picked":["HoveringKite","Ring of the Serpent"],"picked":"Busted Crown"},{"not_picked":["Sozu","Snecko Eye"],"picked":"Empty Cage"}],"items_purged_floors":[11,20,41],"is_endless":false,"potions_floor_spawned":[1,7,13,14,21,30,31,33,36,42,45,48],"ascension_level":0}