{"gold_per_floor":[109,0,78,228,228,255,255,283,306,339,351,351,369,379,379,453,453,468,482,482,289,301,301,313,348,348,348,368,385,400,434,434,434],"floor_reached":33,"playtime":1293,"items_purged":["Strike_G"],"score":714,"play_id":"52793eab-e8eb-4477-81c5-a1e91ffdff20","local_time":"20190205225919","is_ascension_mode":true,"campfire_choices":[{"data":"Backstab","floor":7.0,"key":"SMITH"},{"data":"Dagger Spray","floor":15.0,"key":"SMITH"},{"floor":23.0,"key":"RECALL"},{"floor":27.0,"key":"REST"},{"floor":32.0,"key":"REST"}],"neow_cost":"NONE","seed_source_timestamp":196403645584148,"circlet_count":0,"master_deck":["AscendersBane","Defend_G","Defend_G","Defend_G","Defend_G","Defend_G","Strike_G","Strike_G","Strike_G","Strike_G","Survivor","Neutralize","Backstab+1","Dagger Spray+1","Caltrops","Deadly Poison","Bullet Time","Caltrops","Cloak And Dagger","Dagger Spray","Dash","Malaise","Cloak And Dagger","Footwork","Backflip","Acrobatics","PiercingWail+1","Backflip+1","Dodge and Roll","Well Laid Plans+1"],"special_seed":0,"relics":["Ring of the Snake","NeowsBlessing","Smiling Mask","Regal Pillow","Vajra","Pear","Fusion Hammer","MutagenicStrength","Sundial","Pantograph","Happy Flower"],"potions_floor_usage":[33,33],"damage_taken":[{"damage":0.0,"enemies":"Small Slimes","floor":1.0,"turns":1.0},{"damage":0.0,"enemies":"Gremlin Nob","floor":6.0,"turns":1.0},{"damage":0.0,"enemies":"3 Sentries","floor":8.0,"turns":1.0},{"damage":29.0,"enemies":"Gremlin Nob","floor":10.0,"turns":4.0},{"damage":2.0,"enemies":"Jaw Worm","floor":11.0,"turns":4.0},{"damage":0.0,"enemies":"2 Louse","floor":13.0,"turns":1.0},{"damage":0.0,"enemies":"Looter","floor":14.0,"turns":2.0},{"damage":14.0,"enemies":"Slime Boss","floor":16.0,"turns":7.0},{"damage":0.0,"enemies":"3 Byrds","floor":18.0,"turns":2.0},{"damage":1.0,"enemies":"2 Thieves","floor":19.0,"turns":4.0},{"damage":4.0,"enemies":"Snake Plant","floor":22.0,"turns":4.0},{"damage":7.0,"enemies":"Chosen and Byrds","floor":24.0,"turns":7.0},{"damage":29.0,"enemies":"Book of Stabbing","floor":25.0,"turns":6.0},{"damage":7.0,"enemies":"3 Cultists","floor":28.0,"turns":4.0},{"damage":1.0,"enemies":"Sentry and Sphere","floor":29.0,"turns":4.0},{"damage":15.0,"enemies":"Shelled Parasite and Fungi","floor":30.0,"turns":7.0},{"damage":5.0,"enemies":"Gremlin Leader","floor":31.0,"turns":9.0},{"damage":82,"enemies":"Collector","floor":33,"turns":7}],"seed_played":"-802533645991482575","potions_obtained":[{"floor":6.0,"key":"SteroidPotion"},{"floor":10.0,"key":"FearPotion"},{"floor":14.0,"key":"SteroidPotion"},{"floor":22.0,"key":"Swift Potion"},{"floor":25.0,"key":"FearPotion"},{"floor":31.0,"key":"Dexterity Potion"}],"is_trial":false,"path_per_floor":["M","$","?","?","?","E","R","E","T","E","M","T","M","M","R","B",null,"M","M","?","$","M","R","M","E","T","R","M","M","M","E","R","B"],"character_chosen":"THE_SILENT","items_purchased":["Dagger Spray","Caltrops","GhostInAJar","Backflip"],"campfire_rested":2,"item_purchase_floors":[2,2,21,21],"current_hp_per_floor":[59,59,59,59,59,59,59,59,59,40,38,38,38,38,38,24,63,63,62,62,62,58,58,51,22,22,59,52,51,36,31,68,0],"gold":434,"neow_bonus":"THREE_ENEMY_KILL","is_prod":false,"is_daily":false,"chose_seed":false,"campfire_upgraded":2,"win_rate":0,"timestamp":1549425559,"path_taken":["M","$","?","?","?","E","R","E","T","E","M","?","?","M","R","BOSS","M","?","?","$","M","R","M","E","T","R","M","M","M","E","R","BOSS"],"build_version":"2019-01-23","purchased_purges":1,"victory":false,"max_hp_per_floor":[66,66,66,66,66,66,66,66,66,76,76,76,76,76,76,76,76,76,76,76,76,76,76,76,76,76,76,76,76,76,76,76,76],"card_choices":[{"not_picked":["Blade Dance","Choke"],"picked":"Backstab","floor":1.0},{"not_picked":["Sucker Punch","Prepared"],"picked":"Deadly Poison","floor":6.0},{"not_picked":["Bane","Backflip"],"picked":"Bullet Time","floor":8.0},{"not_picked":["Flying Knee","Outmaneuver"],"picked":"Caltrops","floor":10.0},{"not_picked":["Catalyst","Quick Slash"],"picked":"Cloak And Dagger","floor":11.0},{"not_picked":["Tools of the Trade","Flying Knee"],"picked":"Dagger Spray","floor":13.0},{"not_picked":["Underhanded Strike","Deadly Poison"],"picked":"Dash","floor":14.0},{"not_picked":["Venomology","Corpse Explosion"],"picked":"Malaise","floor":16.0},{"not_picked":["Tactician","Blade Dance"],"picked":"Cloak And Dagger","floor":18.0},{"not_picked":["Deadly Poison","Backflip"],"picked":"Footwork","floor":19.0},{"not_picked":["Tactician","Underhanded Strike","Finisher+1"],"picked":"SKIP","floor":22.0},{"not_picked":["Bane","Flechettes"],"picked":"Acrobatics","floor":24.0},{"not_picked":["Acrobatics","Quick Slash","Slice"],"picked":"SKIP","floor":25.0},{"not_picked":["Prepared","Poisoned Stab"],"picked":"PiercingWail+1","floor":28.0},{"not_picked":["Dagger Throw+1","Grand Finale"],"picked":"Backflip+1","floor":29.0},{"not_picked":["Flying Knee+1","PiercingWail"],"picked":"Dodge and Roll","floor":30.0},{"not_picked":["Flying Knee","Calculated Gamble"],"picked":"Well Laid Plans+1","floor":31.0}],"player_experience":1136494,"relics_obtained":[{"floor":6.0,"key":"Smiling Mask"},{"floor":8.0,"key":"Regal Pillow"},{"floor":9.0,"key":"Vajra"},{"floor":10.0,"key":"Pear"},{"floor":25.0,"key":"Sundial"},{"floor":26.0,"key":"Pantograph"},{"floor":31.0,"key":"Happy Flower"}],"event_choices":[{"damage_healed":0.0,"max_hp_gain":0.0,"max_hp_loss":0.0,"gold_gain":78.0,"event_name":"Golden Wing","player_choice":"Gained Gold","floor":3.0,"gold_loss":0.0,"damage_taken":0.0},{"damage_healed":0.0,"max_hp_gain":0.0,"max_hp_loss":0.0,"gold_gain":150.0,"event_name":"Liars Game","player_choice":"AGREE","floor":4.0,"gold_loss":0.0,"damage_taken":0.0,"cards_obtained":["Doubt"]},{"cards_removed":["Doubt"],"damage_healed":0.0,"max_hp_gain":0.0,"max_hp_loss":0.0,"gold_gain":0.0,"event_name":"Living Wall","player_choice":"Forget","floor":5.0,"gold_loss":0.0,"damage_taken":0.0},{"damage_healed":0.0,"max_hp_gain":0.0,"max_hp_loss":0.0,"gold_gain":0.0,"event_name":"Drug Dealer","player_choice":"Inject Mutagens","floor":20.0,"gold_loss":0.0,"damage_taken":0.0,"relics_obtained":["MutagenicStrength"]}],"is_beta":false,"boss_relics":[{"not_picked":["Astrolabe","Ectoplasm"],"picked":"Fusion Hammer"}],"items_purged_floors":[21],"is_endless":false,"potions_floor_spawned":[6,10,14,22,25,30,31],"killed_by":"Collector","ascension_level":20}