{"gold_per_floor":[111,129,146,164,181,214,214,239,287,299,322,363,375,387,399,485,497,497,497,497,9,9,9,9,9,9,9,9,9,9,9,9,9,9,9,9,9,9,9,9,9,9,9,9,9,9,9,9,9,9,9,9,9,9,9,9],"floor_reached":56,"playtime":3007,"items_purged":[],"score":2303,"play_id":"7afccfc3-b757-47d2-8784-b3a78d967831","local_time":"20181216173728","is_ascension_mode":true,"campfire_choices":[{"data":"Defragment","floor":7.0,"key":"SMITH"},{"floor":10.0,"key":"REST"},{"floor":15.0,"key":"REST"},{"floor":24.0,"key":"REST"},{"data":"Creative AI","floor":27.0,"key":"SMITH"},{"data":"Hologram","floor":32.0,"key":"SMITH"},{"floor":41.0,"key":"RECALL"},{"floor":49,"key":"REST"},{"data":"Biased Cognition","floor":53,"key":"SMITH"}],"neow_cost":"NONE","seed_source_timestamp":527665955474362,"circlet_count":0,"master_deck":["AscendersBane","Strike_B+1","Strike_B+1","Strike_B+1","Defend_B+1","Defend_B+1","Defend_B+1","Defend_B+1","Zap+1","Dualcast","Cold Snap","Ball Lightning","Ball Lightning","Defragment+1","Reinforced Body","BootSequence","Glacier","Streamline+1","Genetic Algorithm","Creative AI+1","Ball Lightning+1","Hologram+1","Core Surge+1","Coolheaded+1","Consume+1","Force Field","Biased Cognition+1","Cold Snap+1","Dramatic Entrance+1","Doom and Gloom+1","Reinforced Body+1","Chill+1","FTL+1","Electrodynamics","Go for the Eyes+1"],"special_seed":0,"relics":["Cracked Core","Sundial","Molten Egg 2","MawBank","Bottled Tornado","Ectoplasm","Tiny Chest","Meat on the Bone","Runic Capacitor","Happy Flower","Inserter","Kunai","Mummified Hand","Letter Opener","The Courier","Anchor","Ice Cream"],"potions_floor_usage":[50,56],"damage_taken":[{"damage":4.0,"enemies":"Jaw Worm","floor":1.0,"turns":3.0},{"damage":0.0,"enemies":"2 Louse","floor":2.0,"turns":1.0},{"damage":1.0,"enemies":"Cultist","floor":3.0,"turns":3.0},{"damage":8.0,"enemies":"3 Louse","floor":4.0,"turns":4.0},{"damage":12.0,"enemies":"Exordium Thugs","floor":5.0,"turns":3.0},{"damage":6.0,"enemies":"Gremlin Nob","floor":6.0,"turns":3.0},{"damage":16.0,"enemies":"Lagavulin","floor":8.0,"turns":7.0},{"damage":11.0,"enemies":"Large Slime","floor":11.0,"turns":4.0},{"damage":8.0,"enemies":"3 Sentries","floor":12.0,"turns":6.0},{"damage":34.0,"enemies":"Hexaghost","floor":16.0,"turns":10.0},{"damage":13.0,"enemies":"3 Byrds","floor":18.0,"turns":4.0},{"damage":11.0,"enemies":"Shell Parasite","floor":19.0,"turns":5.0},{"damage":24.0,"enemies":"Chosen and Byrds","floor":22.0,"turns":6.0},{"damage":15.0,"enemies":"Gremlin Leader","floor":23.0,"turns":7.0},{"damage":2.0,"enemies":"Centurion and Healer","floor":25.0,"turns":8.0},{"damage":13.0,"enemies":"Sentry and Sphere","floor":30.0,"turns":6.0},{"damage":6.0,"enemies":"Cultist and Chosen","floor":31.0,"turns":7.0},{"damage":0.0,"enemies":"Champ","floor":33.0,"turns":13.0},{"damage":0.0,"enemies":"Orb Walker","floor":35.0,"turns":3.0},{"damage":0.0,"enemies":"3 Darklings","floor":37.0,"turns":6.0},{"damage":19.0,"enemies":"Giant Head","floor":40.0,"turns":9.0},{"damage":0.0,"enemies":"Nemesis","floor":42.0,"turns":8.0},{"damage":16.0,"enemies":"Reptomancer","floor":44.0,"turns":6.0},{"damage":0.0,"enemies":"Transient","floor":45.0,"turns":6.0},{"damage":2.0,"enemies":"Sphere and 2 Shapes","floor":46.0,"turns":6.0},{"damage":0.0,"enemies":"Giant Head","floor":47.0,"turns":8.0},{"damage":3,"enemies":"Writhing Mass","floor":48,"turns":6},{"damage":31,"enemies":"Donu and Deca","floor":50,"turns":9},{"damage":16,"enemies":"Time Eater","floor":51,"turns":15},{"damage":54,"enemies":"Shield and Spear","floor":55,"turns":8},{"damage":53,"enemies":"The Heart","floor":56,"turns":2}],"seed_played":"4535108760998886521","potions_obtained":[{"floor":3.0,"key":"Ancient Potion"},{"floor":5.0,"key":"FearPotion"},{"floor":8.0,"key":"Ancient Potion"},{"floor":11.0,"key":"Dexterity Potion"},{"floor":30.0,"key":"Energy Potion"},{"floor":33.0,"key":"Block Potion"},{"floor":40.0,"key":"Strength Potion"},{"floor":47.0,"key":"FearPotion"},{"floor":48,"key":"Regen Potion"}],"is_trial":false,"path_per_floor":["M","M","M","M","M","E","R","E","T","R","M","E","$","?","R","B",null,"M","M","?","$","M","E","R","M","T","R","$","?","M","M","R","B",null,"M","?","M","?","$","E","R","E","T","E","M","M","E","M","R","B","B",null,"R","$","E","B"],"character_chosen":"DEFECT","items_purchased":["Meat on the Bone","Runic Capacitor"],"campfire_rested":4,"item_purchase_floors":[21,21],"current_hp_per_floor":[60,60,59,51,39,33,33,17,17,38,27,19,19,19,40,6,55,42,31,31,31,19,16,37,47,47,47,47,47,46,40,40,40,63,63,58,58,58,58,39,39,39,39,35,47,45,45,42,63,43,39,63,63,63,21,0],"gold":9,"neow_bonus":"THREE_CARDS","is_prod":false,"is_daily":false,"chose_seed":false,"campfire_upgraded":4,"win_rate":0,"timestamp":1544999848,"path_taken":["M","M","M","M","M","E","R","E","T","R","M","E","$","?","R","BOSS","M","M","?","$","M","E","R","M","T","R","?","?","M","M","R","BOSS","M","?","M","?","$","E","R","E","T","E","M","?","E","M","R","BOSS","BOSS","R","$","E","BOSS"],"build_version":"2018-12-13","purchased_purges":0,"victory":false,"max_hp_per_floor":[71,71,71,71,71,71,71,71,71,71,71,71,71,71,71,71,71,71,71,71,71,71,71,71,71,71,71,71,71,71,71,71,71,71,71,71,71,71,71,71,71,71,71,71,71,71,71,71,71,71,71,71,71,71,71,71],"card_choices":[{"not_picked":["Leap","Reprogram"],"picked":"Cold Snap","floor":0.0},{"not_picked":["Hologram","Compile Driver"],"picked":"Ball Lightning","floor":1.0},{"not_picked":["Reprogram","Gash","Scrape"],"picked":"SKIP","floor":2.0},{"not_picked":["Gash","Rebound"],"picked":"Ball Lightning","floor":3.0},{"not_picked":["Leap","Gash"],"picked":"Defragment","floor":4.0},{"not_picked":["Storm","Self Repair"],"picked":"Reinforced Body","floor":5.0},{"not_picked":["Double Energy","Go for the Eyes"],"picked":"BootSequence","floor":6.0},{"not_picked":["Redo","Beam Cell"],"picked":"Glacier","floor":8.0},{"not_picked":["Fission","Turbo"],"picked":"Streamline+1","floor":11.0},{"not_picked":["Static Discharge","Force Field"],"picked":"Genetic Algorithm","floor":12.0},{"not_picked":["Rainbow","Core Surge+1"],"picked":"Creative AI","floor":16.0},{"not_picked":["Steam Power","White Noise"],"picked":"Beam Cell+1","floor":18.0},{"not_picked":["Leap","Hologram"],"picked":"Ball Lightning+1","floor":19.0},{"not_picked":["Rebound+1","Sweeping Beam+1"],"picked":"Hologram","floor":22.0},{"not_picked":["Fusion","FTL+1"],"picked":"Core Surge+1","floor":23.0},{"not_picked":["Barrage+1","Stack"],"picked":"Coolheaded+1","floor":25.0},{"not_picked":["Stack","Ball Lightning+1"],"picked":"Consume+1","floor":30.0},{"not_picked":["Ball Lightning+1","Self Repair"],"picked":"Force Field","floor":31.0},{"not_picked":["Rainbow","Machine Learning"],"picked":"Biased Cognition","floor":33.0},{"not_picked":["Sunder+1","Streamline+1"],"picked":"Cold Snap+1","floor":35.0},{"not_picked":["Jack Of All Trades","Panacea"],"picked":"Dramatic Entrance+1","floor":36.0},{"not_picked":["Go for the Eyes+1","Hologram+1"],"picked":"Doom and Gloom+1","floor":37.0},{"not_picked":["Hello World","Gash+1"],"picked":"Reinforced Body+1","floor":40.0},{"not_picked":["Cold Snap+1","Turbo","Tempest"],"picked":"SKIP","floor":42.0},{"not_picked":["Coolheaded+1","Self Repair"],"picked":"Chill+1","floor":44.0},{"not_picked":["Turbo","Sunder+1"],"picked":"FTL+1","floor":45.0},{"not_picked":["Darkness","Coolheaded","Rebound+1"],"picked":"SKIP","floor":46.0},{"not_picked":["Stack","Heatsinks"],"picked":"Electrodynamics","floor":47.0},{"not_picked":["Rebound+1","Stack"],"picked":"Go for the Eyes+1","floor":48},{"not_picked":["Go for the Eyes+1","Compile Driver+1","Scrape+1"],"picked":"SKIP","floor":55}],"player_experience":1259755,"relics_obtained":[{"floor":6.0,"key":"Sundial"},{"floor":8.0,"key":"Molten Egg 2"},{"floor":9.0,"key":"MawBank"},{"floor":12.0,"key":"Bottled Tornado"},{"floor":23.0,"key":"Happy Flower"},{"floor":40.0,"key":"Kunai"},{"floor":42.0,"key":"Mummified Hand"},{"floor":43.0,"key":"Letter Opener"},{"floor":44.0,"key":"The Courier"},{"floor":47.0,"key":"Anchor"},{"floor":55,"key":"Ice Cream"}],"event_choices":[{"damage_healed":0.0,"max_hp_gain":0.0,"max_hp_loss":0.0,"gold_gain":0.0,"event_name":"Living Wall","player_choice":"Grow","floor":14.0,"gold_loss":0.0,"damage_taken":0.0,"cards_upgraded":["Zap"]},{"cards_removed":["Beam Cell"],"damage_healed":0.0,"max_hp_gain":0.0,"max_hp_loss":0.0,"gold_gain":0.0,"event_name":"WeMeetAgain","player_choice":"Gave Card","floor":20.0,"gold_loss":0.0,"damage_taken":0.0,"relics_obtained":["Tiny Chest"]},{"damage_healed":0.0,"max_hp_gain":0.0,"max_hp_loss":0.0,"gold_gain":0.0,"event_name":"Back to Basics","player_choice":"Simplicity","floor":29.0,"gold_loss":0.0,"damage_taken":0.0,"cards_upgraded":["Strike_B","Strike_B","Strike_B","Strike_B","Defend_B","Defend_B","Defend_B","Defend_B"]},{"damage_healed":0.0,"max_hp_gain":0.0,"max_hp_loss":0.0,"gold_gain":0.0,"event_name":"SensoryStone","player_choice":"Memory 2","floor":36.0,"gold_loss":0.0,"damage_taken":5.0},{"cards_removed":["Strike_B"],"damage_healed":0.0,"max_hp_gain":0.0,"max_hp_loss":0.0,"gold_gain":0.0,"event_name":"Purifier","player_choice":"Purged","floor":38.0,"gold_loss":0.0,"damage_taken":0.0}],"is_beta":true,"boss_relics":[{"not_picked":["Orrery","Lizard Tail"],"picked":"Ectoplasm"},{"not_picked":["Snecko Eye","Empty Cage"],"picked":"Inserter"}],"items_purged_floors":[],"is_endless":false,"potions_floor_spawned":[3,5,8,11,19,30,33,40,42,47,48],"killed_by":"The Heart","ascension_level":20}