{"gold_per_floor":[116,116,136,106,126,126,157,168,168,188,188,188,207,242,242,314,314,326,376,301,313,333,364,364,380,380,380,295,139,149,177,177,250,250,265,277,297,297,309,309,338,438,463,134,149,184,196,222,222,222,222,222,222,1,33,33],"floor_reached":57,"playtime":5423,"items_purged":["Strike_B","Strike_B"],"score":3113,"play_id":"48ca0dcd-b37c-4111-a6fb-e78d4a464063","local_time":"20190207162449","is_ascension_mode":true,"campfire_choices":[{"data":"Streamline","floor":6.0,"key":"SMITH"},{"data":"Fission","floor":11.0,"key":"SMITH"},{"floor":15.0,"key":"REST"},{"data":"Echo Form","floor":24.0,"key":"SMITH"},{"data":"Blizzard","floor":27.0,"key":"SMITH"},{"data":"Static Discharge","floor":32.0,"key":"SMITH"},{"floor":40.0,"key":"RECALL"},{"data":"Defragment","floor":49.0,"key":"SMITH"},{"data":"Coolheaded","floor":53.0,"key":"SMITH"}],"neow_cost":"NONE","seed_source_timestamp":274497200023615,"circlet_count":0,"master_deck":["AscendersBane","Strike_B","Strike_B","Defend_B","Defend_B","Defend_B","Defend_B","Zap","Dualcast","Fission+1","Streamline+1","Conserve Battery","Cold Snap","Blizzard+1","Sweeping Beam","Glacier","All For One","Conserve Battery","Echo Form+1","Compile Driver","Reinforced Body","Consume+1","Self Repair+1","Creative AI","Static Discharge+1","Reinforced Body","All For One","Coolheaded+1","Coolheaded+1","Heatsinks","Defragment+1","Static Discharge+1","Core Surge"],"special_seed":0,"relics":["Cracked Core","Dodecahedron","Cables","Bronze Scales","Snecko Eye","PreservedInsect","StoneCalendar","Mummified Hand","Oddly Smooth Stone","Inserter","Pen Nib","Nunchaku","Mango","FossilizedHelix","Sundial","Bag of Preparation","Bag of Marbles"],"potions_floor_usage":[56],"damage_taken":[{"damage":2.0,"enemies":"Jaw Worm","floor":1.0,"turns":4.0},{"damage":0.0,"enemies":"2 Louse","floor":3.0,"turns":1.0},{"damage":0.0,"enemies":"Cultist","floor":5.0,"turns":3.0},{"damage":13.0,"enemies":"Lagavulin","floor":7.0,"turns":9.0},{"damage":6.0,"enemies":"Blue Slaver","floor":8.0,"turns":5.0},{"damage":13.0,"enemies":"Exordium Thugs","floor":10.0,"turns":4.0},{"damage":2.0,"enemies":"2 Fungi Beasts","floor":13.0,"turns":4.0},{"damage":15.0,"enemies":"3 Sentries","floor":14.0,"turns":7.0},{"damage":4.0,"enemies":"Slime Boss","floor":16.0,"turns":6.0},{"damage":1.0,"enemies":"2 Thieves","floor":18.0,"turns":3.0},{"damage":0.0,"enemies":"3 Byrds","floor":21.0,"turns":3.0},{"damage":26.0,"enemies":"Shelled Parasite and Fungi","floor":22.0,"turns":4.0},{"damage":1.0,"enemies":"Book of Stabbing","floor":23.0,"turns":5.0},{"damage":0.0,"enemies":"Sentry and Sphere","floor":25.0,"turns":4.0},{"damage":0.0,"enemies":"Cultist and Chosen","floor":30.0,"turns":6.0},{"damage":11.0,"enemies":"Slavers","floor":31.0,"turns":5.0},{"damage":16.0,"enemies":"Automaton","floor":33.0,"turns":9.0},{"damage":0.0,"enemies":"Orb Walker","floor":35.0,"turns":3.0},{"damage":0.0,"enemies":"3 Shapes","floor":36.0,"turns":3.0},{"damage":6.0,"enemies":"3 Darklings","floor":37.0,"turns":4.0},{"damage":3.0,"enemies":"Spire Growth","floor":39.0,"turns":6.0},{"damage":32.0,"enemies":"Nemesis","floor":41.0,"turns":5.0},{"damage":0.0,"enemies":"Mind Bloom Boss Battle","floor":42.0,"turns":7.0},{"damage":8.0,"enemies":"Sphere and 2 Shapes","floor":45.0,"turns":5.0},{"damage":15.0,"enemies":"Reptomancer","floor":46.0,"turns":5.0},{"damage":0.0,"enemies":"3 Darklings","floor":47.0,"turns":3.0},{"damage":0.0,"enemies":"Nemesis","floor":48.0,"turns":1.0},{"damage":0.0,"enemies":"Awakened One","floor":50.0,"turns":16.0},{"damage":0.0,"enemies":"Time Eater","floor":51.0,"turns":14.0},{"damage":0.0,"enemies":"Shield and Spear","floor":55.0,"turns":3.0},{"damage":59,"enemies":"The Heart","floor":56,"turns":8}],"seed_played":"1358122100726016479","potions_obtained":[{"floor":1.0,"key":"Block Potion"},{"floor":4.0,"key":"PowerPotion"},{"floor":5.0,"key":"PowerPotion"},{"floor":8.0,"key":"Fruit Juice"},{"floor":14.0,"key":"EssenceOfSteel"},{"floor":22.0,"key":"Poison Potion"},{"floor":31.0,"key":"SteroidPotion"},{"floor":33.0,"key":"Explosive Potion"},{"floor":35.0,"key":"GamblersBrew"},{"floor":45.0,"key":"Poison Potion"},{"floor":47.0,"key":"SpeedPotion"}],"is_trial":false,"path_per_floor":["M","?","M","?","M","R","E","M","T","M","R","$","M","E","R","B",null,"M","?","$","M","M","E","R","M","T","R","?","$","M","E","R","B",null,"M","M","M","?","M","R","E","?","T","$","M","E","M","E","R","B","B",null,"R","$","E","B",null],"character_chosen":"DEFECT","items_purchased":["Fire Potion","Mango","Bag of Preparation","Strength Potion"],"campfire_rested":1,"item_purchase_floors":[29,44,54,54],"current_hp_per_floor":[62,62,62,62,62,62,49,48,48,35,35,35,33,18,40,36,66,65,65,65,65,39,38,38,58,58,58,58,58,76,75,75,69,74,76,76,76,72,72,72,60,70,70,84,86,86,86,86,86,86,86,86,86,86,86,37],"gold":33,"neow_bonus":"ONE_RANDOM_RARE_CARD","is_prod":false,"is_daily":false,"chose_seed":false,"campfire_upgraded":7,"win_rate":0,"timestamp":1549574689,"path_taken":["M","?","M","?","M","R","E","M","T","M","R","$","?","E","R","BOSS","M","?","?","M","M","E","R","?","T","R","?","$","M","E","R","BOSS","M","M","M","?","M","R","E","?","T","$","M","E","M","E","R","BOSS","BOSS","R","$","E","BOSS"],"build_version":"2019-01-23","purchased_purges":2,"victory":true,"max_hp_per_floor":[71,71,71,71,71,71,71,76,76,76,76,76,76,76,76,76,76,76,76,76,76,76,76,76,76,76,76,76,76,76,76,76,76,76,76,76,76,72,72,72,72,72,72,86,86,86,86,86,86,86,86,86,86,86,86,86],"card_choices":[{"not_picked":["Blizzard","Steam"],"picked":"Streamline","floor":1.0},{"not_picked":["Heatsinks","Turbo"],"picked":"Conserve Battery","floor":3.0},{"not_picked":["Coolheaded","Leap"],"picked":"Cold Snap","floor":5.0},{"not_picked":["Beam Cell","Gash"],"picked":"Blizzard","floor":7.0},{"not_picked":["Turbo","Hologram"],"picked":"Sweeping Beam","floor":8.0},{"not_picked":["Conserve Battery","Chill"],"picked":"Glacier","floor":10.0},{"not_picked":["Gash","Steam"],"picked":"All For One","floor":13.0},{"not_picked":["Redo","Stack"],"picked":"Conserve Battery","floor":14.0},{"not_picked":["Thunder Strike","Seek"],"picked":"Echo Form","floor":16.0},{"not_picked":["Leap","Barrage"],"picked":"Compile Driver","floor":18.0},{"not_picked":["Stack+1","Beam Cell"],"picked":"Reinforced Body","floor":21.0},{"not_picked":["Gash","Redo"],"picked":"Consume+1","floor":22.0},{"not_picked":["Loop","Cold Snap"],"picked":"Self Repair+1","floor":23.0},{"not_picked":["Leap+1","Compile Driver"],"picked":"Creative AI","floor":25.0},{"not_picked":["Consume","Rebound"],"picked":"Static Discharge","floor":30.0},{"not_picked":["Scrape","Redo"],"picked":"Reinforced Body","floor":31.0},{"not_picked":["Machine Learning","Thunder Strike"],"picked":"All For One","floor":33.0},{"not_picked":["Go for the Eyes","Hello World+1"],"picked":"Coolheaded","floor":35.0},{"not_picked":["Streamline","Hologram"],"picked":"Coolheaded+1","floor":36.0},{"not_picked":["Recycle+1","Aggregate","Coolheaded"],"picked":"SKIP","floor":37.0},{"not_picked":["Turbo","Leap"],"picked":"Heatsinks","floor":39.0},{"not_picked":["Double Energy","Compile Driver+1"],"picked":"Defragment","floor":41.0},{"not_picked":["Gash+1","Cold Snap"],"picked":"Static Discharge+1","floor":42.0},{"not_picked":["Compile Driver","BootSequence+1"],"picked":"Core Surge","floor":45.0},{"not_picked":["Force Field","Stack","Reboot"],"picked":"SKIP","floor":46.0},{"not_picked":["Gash+1","Redo","Turbo"],"picked":"SKIP","floor":47.0},{"not_picked":["Compile Driver","Chill","Turbo"],"picked":"SKIP","floor":48.0},{"not_picked":["Undo+1","Redo+1","Coolheaded"],"picked":"SKIP","floor":55.0}],"player_experience":1154110,"relics_obtained":[{"floor":7.0,"key":"Dodecahedron"},{"floor":9.0,"key":"Cables"},{"floor":14.0,"key":"Bronze Scales"},{"floor":23.0,"key":"PreservedInsect"},{"floor":26.0,"key":"StoneCalendar"},{"floor":31.0,"key":"Oddly Smooth Stone"},{"floor":41.0,"key":"Pen Nib"},{"floor":42.0,"key":"Nunchaku"},{"floor":46.0,"key":"FossilizedHelix"},{"floor":48.0,"key":"Sundial"},{"floor":55.0,"key":"Bag of Marbles"}],"event_choices":[{"damage_healed":0.0,"max_hp_gain":0.0,"max_hp_loss":0.0,"gold_gain":0.0,"event_name":"Liars Game","player_choice":"Ignored","floor":2.0,"gold_loss":0.0,"damage_taken":0.0},{"damage_healed":0.0,"max_hp_gain":0.0,"max_hp_loss":0.0,"gold_gain":0.0,"event_name":"The Woman in Blue","player_choice":"Bought 2 Potions","floor":4.0,"gold_loss":0.0,"damage_taken":0.0},{"damage_healed":0.0,"max_hp_gain":0.0,"max_hp_loss":0.0,"gold_gain":100.0,"event_name":"The Joust","player_choice":"Bet on Murderer","floor":19.0,"gold_loss":50.0,"damage_taken":0.0},{"damage_healed":0.0,"max_hp_gain":0.0,"max_hp_loss":0.0,"gold_gain":0.0,"event_name":"Addict","player_choice":"Obtained Relic","floor":28.0,"gold_loss":85.0,"damage_taken":0.0,"relics_obtained":["Mummified Hand"]},{"damage_healed":0.0,"max_hp_gain":0.0,"max_hp_loss":4.0,"gold_gain":0.0,"event_name":"Winding Halls","player_choice":"Max HP","floor":38.0,"gold_loss":0.0,"damage_taken":0.0},{"damage_healed":0.0,"max_hp_gain":0.0,"max_hp_loss":0.0,"gold_gain":0.0,"event_name":"MindBloom","player_choice":"Fight","floor":42.0,"gold_loss":0.0,"damage_taken":0.0}],"is_beta":false,"boss_relics":[{"not_picked":["Cursed Key","FrozenCore"],"picked":"Snecko Eye"},{"not_picked":["Calling Bell","Empty Cage"],"picked":"Inserter"}],"items_purged_floors":[20,29],"is_endless":false,"potions_floor_spawned":[1,5,8,14,22,31,33,35,42,45,47],"ascension_level":20}