{"gold_per_floor":[117,37,37,52,69,69,95,95,120,120,139,202,234,253,253,330,330,349,364,380,380],"floor_reached":21,"playtime":960,"items_purged":[],"score":410,"play_id":"0f9c2f50-275a-49fa-9d66-d62ce9f94d23","local_time":"20190217114912","is_ascension_mode":true,"campfire_choices":[{"floor":6,"key":"REST"},{"floor":8,"key":"REST"},{"floor":10,"key":"REST"},{"data":"Flex","floor":15,"key":"SMITH"}],"neow_cost":"PERCENT_DAMAGE","seed_source_timestamp":15089609057683298,"circlet_count":0,"master_deck":["AscendersBane","Strike_R","Strike_R","Strike_R","Defend_R","Defend_R","Defend_R","Bash","Whirlwind","Thunderclap","Flex+1","Battle Trance","Twin Strike","Inflame","Headbutt","Rampage","Iron Wave","Flame Barrier","Feed","Cleave+1"],"relics":["Black Blood","Red Skull","PreservedInsect","Strawberry","Oddly Smooth Stone"],"potions_floor_usage":[13,14],"damage_taken":[{"damage":19,"enemies":"Small Slimes","floor":1,"turns":3},{"damage":2,"enemies":"Jaw Worm","floor":4,"turns":3},{"damage":1,"enemies":"Cultist","floor":5,"turns":3},{"damage":40,"enemies":"3 Sentries","floor":7,"turns":5},{"damage":10,"enemies":"Gremlin Gang","floor":11,"turns":3},{"damage":15,"enemies":"3 Sentries","floor":12,"turns":5},{"damage":0,"enemies":"Gremlin Nob","floor":13,"turns":2},{"damage":5,"enemies":"Looter","floor":14,"turns":3},{"damage":33,"enemies":"The Guardian","floor":16,"turns":12},{"damage":25,"enemies":"2 Thieves","floor":18,"turns":4},{"damage":13,"enemies":"3 Byrds","floor":19,"turns":5},{"damage":57,"enemies":"Cultist and Chosen","floor":20,"turns":6},{"damage":23,"enemies":"Centurion and Healer","floor":21,"turns":1}],"seed_played":"8451243972654579747","potions_obtained":[{"floor":5,"key":"SteroidPotion"},{"floor":12,"key":"Poison Potion"},{"floor":14,"key":"SpeedPotion"},{"floor":19,"key":"Ancient Potion"}],"is_trial":false,"path_per_floor":["M","$","?","M","M","R","E","R","T","R","M","?","E","M","R","B",null,"M","M","M","M"],"character_chosen":"IRONCLAD","items_purchased":["Battle Trance"],"campfire_rested":3,"item_purchase_floors":[2],"current_hp_per_floor":[37,37,37,41,46,68,34,56,56,75,71,69,75,76,76,49,74,62,62,15,0],"gold":380,"neow_bonus":"TRANSFORM_TWO_CARDS","is_prod":false,"is_daily":false,"chose_seed":false,"campfire_upgraded":1,"win_rate":0,"timestamp":1550400552,"path_taken":["M","$","?","M","M","R","E","R","T","R","M","?","E","M","R","BOSS","M","M","M","M"],"build_version":"2019-01-23","purchased_purges":0,"victory":false,"max_hp_per_floor":[75,75,75,75,75,75,75,75,75,75,75,82,82,82,82,82,82,85,88,88,88],"card_choices":[{"not_picked":["Clothesline","Dual Wield"],"picked":"Flex","floor":1},{"not_picked":["Bloodletting","Anger"],"picked":"Inflame","floor":4},{"not_picked":["Dual Wield","Clash"],"picked":"Headbutt","floor":5},{"not_picked":["Headbutt","Combust","Pummel"],"picked":"SKIP","floor":7},{"not_picked":["Pommel Strike","Headbutt"],"picked":"Rampage","floor":11},{"not_picked":["Anger","Bloodletting"],"picked":"Iron Wave","floor":13},{"not_picked":["Inflame","Heavy Blade"],"picked":"Flame Barrier","floor":14},{"not_picked":["Juggernaut","Barricade"],"picked":"Feed","floor":16},{"not_picked":["True Grit","Havoc"],"picked":"Cleave+1","floor":18},{"not_picked":["Inflame","Perfected Strike","Body Slam"],"picked":"SKIP","floor":19},{"not_picked":["Body Slam","Warcry","Headbutt"],"picked":"SKIP","floor":20}],"player_experience":399625,"relics_obtained":[{"floor":7,"key":"Red Skull"},{"floor":9,"key":"PreservedInsect"},{"floor":12,"key":"Strawberry"},{"floor":13,"key":"Oddly Smooth Stone"}],"event_choices":[{"damage_healed":0,"gold_gain":0,"cards_transformed":["Strike_R"],"player_choice":"Change","damage_taken":0,"max_hp_gain":0,"max_hp_loss":0,"event_name":"Living Wall","floor":3,"gold_loss":0,"cards_obtained":["Twin Strike"]},{"damage_healed":0,"gold_gain":0,"player_choice":"Searched \u00271\u0027 times","damage_taken":0,"max_hp_gain":0,"max_hp_loss":0,"event_name":"Dead Adventurer","floor":12,"gold_loss":0}],"is_beta":false,"boss_relics":[{"not_picked":["Cursed Key","Lizard Tail"],"picked":"Black Blood"}],"items_purged_floors":[],"is_endless":false,"potions_floor_spawned":[5,12,14,19],"killed_by":"Centurion and Healer","ascension_level":18}