{"gold_per_floor":[115,115,390,403,422,422,452,452,452,89,108,121,121,141,141,246,246,258,268,279,298,298],"floor_reached":22,"playtime":2540,"items_purged":["Regret"],"score":238,"play_id":"ae6c29b4-2111-40b4-aa87-f96aa5efefd4","local_time":"20190102213005","is_ascension_mode":true,"campfire_choices":[{"data":"Loop","floor":6.0,"key":"SMITH"},{"floor":8.0,"key":"REST"},{"floor":13.0,"key":"REST"},{"floor":15.0,"key":"REST"}],"neow_cost":"NONE","seed_source_timestamp":695455783231137,"circlet_count":0,"master_deck":["Strike_B","Strike_B","Strike_B","Defend_B","Defend_B","Defend_B","Defend_B","Zap+1","Dualcast","Ball Lightning","Loop+1","Core Surge","Defragment","Coolheaded","Self Repair","Ball Lightning","Sunder","Loop","Core Surge","Ball Lightning","Cold Snap","Consume+1"],"special_seed":0,"relics":["Cracked Core","The Courier","Bottled Lightning","Toy Ornithopter","Inserter"],"potions_floor_usage":[18,18,19,20,22],"damage_taken":[{"damage":0.0,"enemies":"Small Slimes","floor":1.0,"turns":2.0},{"damage":2.0,"enemies":"Cultist","floor":4.0,"turns":3.0},{"damage":3.0,"enemies":"Jaw Worm","floor":5.0,"turns":3.0},{"damage":36.0,"enemies":"Gremlin Nob","floor":7.0,"turns":4.0},{"damage":11.0,"enemies":"Looter","floor":11.0,"turns":3.0},{"damage":15.0,"enemies":"3 Louse","floor":12.0,"turns":3.0},{"damage":13.0,"enemies":"Large Slime","floor":14.0,"turns":4.0},{"damage":35.0,"enemies":"Hexaghost","floor":16.0,"turns":8.0},{"damage":25,"enemies":"2 Thieves","floor":18,"turns":4},{"damage":34,"enemies":"3 Byrds","floor":19,"turns":4},{"damage":16,"enemies":"Cultist and Chosen","floor":20,"turns":4},{"damage":31,"enemies":"Snake Plant","floor":21,"turns":4},{"damage":13,"enemies":"Sentry and Sphere","floor":22,"turns":4}],"seed_played":"-5720414294843119023","potions_obtained":[{"floor":1.0,"key":"AttackPotion"},{"floor":11.0,"key":"Block Potion"},{"floor":12.0,"key":"Ancient Potion"},{"floor":14.0,"key":"FearPotion"},{"floor":16.0,"key":"Block Potion"},{"floor":18,"key":"Block Potion"},{"floor":19,"key":"Ancient Potion"}],"is_trial":false,"path_per_floor":["M","?","?","M","M","R","E","R","T","$","M","M","M","R","M","R","B",null,"M","M","M","M","M"],"character_chosen":"DEFECT","items_purchased":["Defragment","Coolheaded","Self Repair","Toy Ornithopter"],"campfire_rested":3,"item_purchase_floors":[10,10,10,10],"current_hp_per_floor":[75,68,68,66,63,63,27,49,49,49,38,23,45,39,61,38,66,58,36,32,8,0],"gold":298,"neow_bonus":"UPGRADE_CARD","is_prod":false,"is_daily":false,"chose_seed":false,"campfire_upgraded":1,"win_rate":0,"timestamp":1546432205,"path_taken":["M","?","?","?","M","R","E","R","T","?","?","M","R","M","R","BOSS","M","?","?","M","M"],"build_version":"2018-12-20","purchased_purges":1,"victory":false,"max_hp_per_floor":[75,75,75,75,75,75,75,75,75,75,75,75,75,75,75,75,75,75,75,75,75,75],"card_choices":[{"not_picked":["Reinforced Body","Stack"],"picked":"Ball Lightning","floor":1.0},{"not_picked":["Darkness","Cold Snap"],"picked":"Loop","floor":4.0},{"not_picked":["Compile Driver","Barrage","Melter"],"picked":"SKIP","floor":5.0},{"not_picked":["Redo","Gash"],"picked":"Core Surge","floor":7.0},{"not_picked":["Stack","Rip and Tear"],"picked":"Ball Lightning","floor":11.0},{"not_picked":["Fusion","Chill"],"picked":"Sunder","floor":12.0},{"not_picked":["Stack","Beam Cell"],"picked":"Loop","floor":14.0},{"not_picked":["Amplify","Hyperbeam"],"picked":"Core Surge","floor":16.0},{"not_picked":["Self Repair","Auto Shields+1"],"picked":"Ball Lightning","floor":18},{"not_picked":["Beam Cell+1","Hologram+1","Barrage"],"picked":"SKIP","floor":19},{"not_picked":["Rebound","Coolheaded"],"picked":"Cold Snap","floor":20},{"not_picked":["Melter+1","Tempest"],"picked":"Consume+1","floor":21}],"player_experience":261720,"relics_obtained":[{"floor":7.0,"key":"The Courier"},{"floor":9.0,"key":"Bottled Lightning"}],"event_choices":[{"cards_removed":["Strike_B"],"damage_healed":0.0,"max_hp_gain":0.0,"max_hp_loss":0.0,"gold_gain":0.0,"event_name":"Golden Wing","player_choice":"Card Removal","floor":2.0,"gold_loss":0.0,"damage_taken":7.0},{"damage_healed":0.0,"max_hp_gain":0.0,"max_hp_loss":0.0,"gold_gain":275.0,"event_name":"Golden Shrine","player_choice":"Desecrate","floor":3.0,"gold_loss":0.0,"damage_taken":0.0,"cards_obtained":["Regret"]}],"is_beta":false,"boss_relics":[{"not_picked":["Calling Bell","Cursed Key"],"picked":"Inserter"}],"items_purged_floors":[10],"is_endless":false,"potions_floor_spawned":[1,11,12,14,16,18,19],"killed_by":"Sentry and Sphere","ascension_level":5}