{"gold_per_floor":[114,134,146,70,81,81,92,92,92,118,175,192,192,210,210,307,307,307,307,307,307,307,307,307,307,307,307,307,307,307,307,307,307,307,307,307,307,307,307,307,307,232,232,232,232,232,232,132,132,132],"floor_reached":51,"playtime":8521,"items_purged":["Writhe","Strike_R"],"score":725,"play_id":"0365e910-3b0c-4010-ab55-6d74d118697b","local_time":"20190128171520","is_ascension_mode":false,"campfire_choices":[{"data":"True Grit","floor":6,"key":"SMITH"},{"data":"Armaments","floor":8,"key":"SMITH"},{"floor":15,"key":"REST"},{"data":"Power Through","floor":23,"key":"SMITH"},{"data":"Disarm","floor":25,"key":"SMITH"},{"data":"Rampage","floor":27,"key":"SMITH"},{"floor":32,"key":"REST"},{"data":"Barricade","floor":40,"key":"SMITH"},{"data":"Shrug It Off","floor":44,"key":"SMITH"},{"data":"Strike_R","floor":46,"key":"PURGE"},{"floor":49,"key":"REST"}],"neow_cost":"NONE","seed_source_timestamp":160722119424100,"circlet_count":0,"master_deck":["Strike_R","Strike_R","Defend_R","Defend_R","Defend_R","Defend_R","Bash","Feed","Wild Strike","Uppercut+1","True Grit+1","Disarm+1","Anger","Armaments+1","Body Slam","Headbutt","Power Through+1","Immolate","Clothesline","Headbutt","Rampage+1","True Grit+1","Whirlwind+1","Barricade+1","Entrench+1","Shrug It Off+1","True Grit"],"relics":["Burning Blood","Peace Pipe","Bottled Flame","Incense Burner","Ectoplasm","Question Card","Happy Flower","Runic Pyramid","FossilizedHelix","Ornamental Fan"],"potions_floor_usage":[12,16,16,24,28,31,36,41,41,50],"damage_taken":[{"damage":0,"enemies":"Cultist","floor":1,"turns":3},{"damage":22,"enemies":"Jaw Worm","floor":2,"turns":7},{"damage":2,"enemies":"2 Louse","floor":3,"turns":3},{"damage":14,"enemies":"Exordium Thugs","floor":5,"turns":5},{"damage":4,"enemies":"Gremlin Gang","floor":7,"turns":4},{"damage":27,"enemies":"Lagavulin","floor":10,"turns":8},{"damage":47,"enemies":"Lagavulin Event","floor":11,"turns":7},{"damage":0,"enemies":"Blue Slaver","floor":12,"turns":5},{"damage":0,"enemies":"3 Louse","floor":14,"turns":4},{"damage":25,"enemies":"The Guardian","floor":16,"turns":12},{"damage":1,"enemies":"3 Byrds","floor":18,"turns":7},{"damage":11,"enemies":"Shell Parasite","floor":20,"turns":8},{"damage":24,"enemies":"Centurion and Healer","floor":21,"turns":5},{"damage":3,"enemies":"Snake Plant","floor":24,"turns":2},{"damage":0,"enemies":"Gremlin Leader","floor":28,"turns":6},{"damage":1,"enemies":"Snecko","floor":29,"turns":3},{"damage":10,"enemies":"Chosen and Byrds","floor":30,"turns":4},{"damage":5,"enemies":"Cultist and Chosen","floor":31,"turns":5},{"damage":42,"enemies":"Collector","floor":33,"turns":12},{"damage":7,"enemies":"Orb Walker","floor":35,"turns":4},{"damage":20,"enemies":"2 Orb Walkers","floor":36,"turns":5},{"damage":4,"enemies":"3 Shapes","floor":37,"turns":5},{"damage":0,"enemies":"Maw","floor":39,"turns":9},{"damage":23,"enemies":"Jaw Worm Horde","floor":41,"turns":4},{"damage":0,"enemies":"Spire Growth","floor":45,"turns":5},{"damage":45,"enemies":"4 Shapes","floor":47,"turns":6},{"damage":27,"enemies":"Time Eater","floor":50,"turns":19}],"seed_played":"-7090071401137411838","potions_obtained":[{"floor":5,"key":"BloodPotion"},{"floor":12,"key":"Weak Potion"},{"floor":14,"key":"SkillPotion"},{"floor":20,"key":"Strength Potion"},{"floor":21,"key":"LiquidBronze"},{"floor":28,"key":"Fire Potion"},{"floor":31,"key":"Regen Potion"},{"floor":33,"key":"FearPotion"},{"floor":36,"key":"FearPotion"},{"floor":39,"key":"AttackPotion"},{"floor":47,"key":"SmokeBomb"}],"is_trial":false,"path_per_floor":["M","M","M","$","M","R","M","R","T","E","?","M","?","M","R","B",null,"M","?","M","M","$","R","M","R","T","R","E","M","M","M","R","B",null,"M","?","M","?","M","R","M","$","T","R","M","R","M","$","R","B",null],"character_chosen":"IRONCLAD","items_purchased":["Disarm"],"campfire_rested":3,"item_purchase_floors":[4],"current_hp_per_floor":[83,70,77,77,72,72,77,77,77,60,19,37,37,46,77,58,105,108,108,106,91,91,91,94,94,94,94,103,108,107,108,120,87,123,126,112,118,131,135,135,126,126,126,126,135,135,99,99,142,121],"gold":132,"neow_bonus":"ONE_RANDOM_RARE_CARD","is_prod":false,"is_daily":false,"chose_seed":false,"campfire_upgraded":7,"win_rate":0,"timestamp":1548713720,"path_taken":["M","M","M","$","M","R","M","R","T","E","?","M","?","M","R","BOSS","M","?","M","M","?","R","M","R","T","R","E","M","?","M","R","BOSS","M","?","M","?","M","R","M","$","T","R","M","R","?","$","R","BOSS"],"build_version":"2019-01-23","purchased_purges":2,"victory":true,"max_hp_per_floor":[83,86,89,89,92,92,95,95,95,99,99,102,102,105,105,105,105,108,108,111,114,114,114,114,114,114,114,117,117,120,120,120,123,123,127,127,131,131,135,135,138,138,138,138,141,141,144,144,144,144],"card_choices":[{"not_picked":["Perfected Strike","Clash"],"picked":"Wild Strike","floor":1},{"not_picked":["Cleave","Entrench"],"picked":"Uppercut","floor":2},{"not_picked":["Metallicize","Havoc"],"picked":"True Grit","floor":3},{"not_picked":["Perfected Strike","Iron Wave"],"picked":"Anger","floor":5},{"not_picked":["Clothesline","Fire Breathing"],"picked":"Armaments","floor":7},{"not_picked":["Thunderclap","Fire Breathing"],"picked":"Body Slam","floor":10},{"not_picked":["Rampage","Armaments"],"picked":"Headbutt","floor":11},{"not_picked":["Pommel Strike","Infernal Blade"],"picked":"Power Through","floor":12},{"not_picked":["Anger","Thunderclap"],"picked":"Immolate","floor":14},{"not_picked":["Sword Boomerang+1","Second Wind"],"picked":"Clothesline","floor":18},{"not_picked":["Anger","Heavy Blade","Clothesline"],"picked":"SKIP","floor":20},{"not_picked":["Reckless Charge","Uppercut"],"picked":"Headbutt","floor":21},{"not_picked":["Sword Boomerang","Uppercut"],"picked":"Rampage","floor":24},{"not_picked":["Rupture","Sword Boomerang","Body Slam","Cleave"],"picked":"SKIP","floor":28},{"not_picked":["Fire Breathing","Power Through","Clash"],"picked":"True Grit+1","floor":29},{"not_picked":["Twin Strike","Rampage","Rupture"],"picked":"Whirlwind+1","floor":30},{"not_picked":["Headbutt","True Grit","Rampage","Evolve"],"picked":"SKIP","floor":31},{"not_picked":["Immolate","Impervious","Feed"],"picked":"Barricade","floor":33},{"not_picked":["Armaments+1","Cleave+1","Wild Strike"],"picked":"Entrench+1","floor":35},{"not_picked":["Rupture+1","Wild Strike+1","Limit Break","Havoc"],"picked":"SKIP","floor":37},{"not_picked":["Havoc+1","Wild Strike","Evolve+1","Intimidate"],"picked":"SKIP","floor":39},{"not_picked":["Intimidate","Dropkick+1","Shockwave+1"],"picked":"Shrug It Off","floor":41},{"not_picked":["Havoc+1","Body Slam","Infernal Blade"],"picked":"True Grit","floor":45},{"not_picked":["Headbutt+1","Carnage","Bloodletting+1","Cleave"],"picked":"SKIP","floor":47}],"player_experience":134561,"relics_obtained":[{"floor":9,"key":"Peace Pipe"},{"floor":10,"key":"Bottled Flame"},{"floor":11,"key":"Incense Burner"},{"floor":26,"key":"Question Card"},{"floor":28,"key":"Happy Flower"},{"floor":36,"key":"FossilizedHelix"},{"floor":43,"key":"Ornamental Fan"}],"event_choices":[{"damage_healed":0,"gold_gain":30,"player_choice":"Searched \u00272\u0027 times","damage_taken":0,"max_hp_gain":0,"max_hp_loss":0,"event_name":"Dead Adventurer","floor":11,"gold_loss":0},{"damage_healed":0,"gold_gain":0,"player_choice":"Grow","damage_taken":0,"max_hp_gain":0,"max_hp_loss":0,"event_name":"Living Wall","floor":13,"gold_loss":0,"cards_upgraded":["Uppercut"]},{"cards_removed":["Strike_R"],"damage_healed":0,"gold_gain":0,"player_choice":"Purged","damage_taken":0,"max_hp_gain":0,"max_hp_loss":0,"event_name":"Purifier","floor":19,"gold_loss":0},{"damage_healed":0,"gold_gain":0,"player_choice":"Fight","damage_taken":0,"max_hp_gain":0,"max_hp_loss":0,"event_name":"Mysterious Sphere","floor":36,"gold_loss":0},{"damage_healed":33,"gold_gain":0,"player_choice":"Writhe","damage_taken":0,"max_hp_gain":0,"max_hp_loss":0,"event_name":"Winding Halls","floor":38,"gold_loss":0,"cards_obtained":["Writhe"]}],"is_beta":false,"boss_relics":[{"not_picked":["Philosopher\u0027s Stone","Busted Crown"],"picked":"Ectoplasm"},{"not_picked":["White Beast Statue","Black Blood"],"picked":"Runic Pyramid"}],"items_purged_floors":[42,48],"is_endless":false,"potions_floor_spawned":[5,12,14,20,21,28,31,33,36,39,47],"ascension_level":0}