{"gold_per_floor":[113,132,132,57,72,72,172,203,203,24,40,40,60,85,85,180,180,160,11,11,211,223,254,169,169,215,228,228,248,248,280,280,377,377,397,397,31,43,59,59,91,107,107,107,138,238,256,291,291,291],"floor_reached":51,"playtime":11377,"items_purged":["Strike_G","Strike_G","Defend_G","Defend_G"],"score":1175,"play_id":"02ad0f74-01f4-4e33-bada-0361134e5c75","local_time":"20190118004353","is_ascension_mode":true,"campfire_choices":[{"data":"Cloak And Dagger","floor":6.0,"key":"SMITH"},{"data":"Footwork","floor":12.0,"key":"SMITH"},{"floor":15.0,"key":"REST"},{"floor":25.0,"key":"REST"},{"floor":32.0,"key":"REST"},{"floor":40,"key":"REST"},{"floor":49,"key":"REST"}],"neow_cost":"NONE","seed_source_timestamp":0,"circlet_count":0,"master_deck":["Defend_G","Defend_G+1","Defend_G+1","Strike_G","Strike_G","Strike_G","Survivor","Neutralize+1","Well Laid Plans","Cloak And Dagger+1","Deflect","Noxious Fumes","Footwork+1","Adrenaline","Acrobatics","Adrenaline","Cloak And Dagger","Blade Dance","Cloak And Dagger","Dash","Blade Dance","Crippling Poison+1","Cloak And Dagger+1","After Image","Forethought+1","Backflip+1","Dodge and Roll+1","Catalyst+1","Concentrate+1","Sucker Punch+1","PiercingWail+1","Cloak And Dagger+1"],"special_seed":0,"relics":["Ring of the Serpent","Kunai","War Paint","Bag of Preparation","Fusion Hammer","Enchiridion","Darkstone Periapt","StoneCalendar","Centennial Puzzle","Toxic Egg 2","Singing Bowl","Bronze Scales","TwistedFunnel","Molten Egg 2","Paper Crane","Ninja Scroll","Bird Faced Urn","Bottled Tornado"],"potions_floor_usage":[50,50,50],"damage_taken":[{"damage":0.0,"enemies":"Small Slimes","floor":1.0,"turns":5.0},{"damage":0.0,"enemies":"Cultist","floor":2.0,"turns":4.0},{"damage":0.0,"enemies":"Jaw Worm","floor":5.0,"turns":5.0},{"damage":11.0,"enemies":"3 Sentries","floor":8.0,"turns":10.0},{"damage":11.0,"enemies":"Exordium Thugs","floor":11.0,"turns":7.0},{"damage":0.0,"enemies":"Blue Slaver","floor":13.0,"turns":5.0},{"damage":8.0,"enemies":"Gremlin Nob","floor":14.0,"turns":6.0},{"damage":0.0,"enemies":"The Guardian","floor":16.0,"turns":13.0},{"damage":0.0,"enemies":"2 Thieves","floor":18.0,"turns":4.0},{"damage":0.0,"enemies":"3 Byrds","floor":22.0,"turns":3.0},{"damage":7.0,"enemies":"Gremlin Leader","floor":23.0,"turns":5.0},{"damage":0.0,"enemies":"Snake Plant","floor":27.0,"turns":6.0},{"damage":0.0,"enemies":"Chosen and Byrds","floor":29.0,"turns":4.0},{"damage":5.0,"enemies":"Slavers","floor":31.0,"turns":5.0},{"damage":3.0,"enemies":"Collector","floor":33.0,"turns":9.0},{"damage":0.0,"enemies":"Orb Walker","floor":35.0,"turns":3.0},{"damage":5,"enemies":"3 Shapes","floor":38,"turns":3},{"damage":0,"enemies":"Jaw Worm Horde","floor":39,"turns":4},{"damage":0,"enemies":"Giant Head","floor":41,"turns":8},{"damage":19,"enemies":"3 Darklings","floor":42,"turns":4},{"damage":1,"enemies":"Nemesis","floor":45,"turns":7},{"damage":0,"enemies":"Mind Bloom Boss Battle","floor":46,"turns":6},{"damage":2,"enemies":"Transient","floor":47,"turns":5},{"damage":0,"enemies":"Giant Head","floor":48,"turns":11},{"damage":13,"enemies":"Time Eater","floor":50,"turns":14}],"seed_played":"2790785753029254950","potions_obtained":[{"floor":1.0,"key":"SpeedPotion"},{"floor":2.0,"key":"Explosive Potion"},{"floor":13.0,"key":"Explosive Potion"},{"floor":14.0,"key":"GamblersBrew"},{"floor":22.0,"key":"Poison Potion"},{"floor":38,"key":"Weak Potion"},{"floor":42,"key":"LiquidBronze"},{"floor":46,"key":"Block Potion"},{"floor":48,"key":"AttackPotion"}],"is_trial":false,"path_per_floor":["M","M","?","$","M","R","?","E","T","$","M","R","M","E","R","B",null,"M","$","?","?","M","E","?","R","T","M","T","M","T","E","R","B",null,"M","?","$","M","M","R","E","M","T","?","E","?","M","E","R","B",null],"character_chosen":"THE_SILENT","items_purchased":["Footwork","Blade Dance","Backflip+1","TwistedFunnel"],"campfire_rested":5,"item_purchase_floors":[10,19,37,37],"current_hp_per_floor":[63,63,68,68,68,68,68,57,57,57,46,46,46,38,60,60,71,71,71,55,55,55,48,48,70,70,70,70,70,70,65,75,72,74,76,76,76,71,71,77,79,60,60,60,59,61,69,79,81,74],"gold":291,"neow_bonus":"UPGRADE_CARD","is_prod":false,"is_daily":false,"chose_seed":false,"campfire_upgraded":2,"win_rate":0,"timestamp":1547739833,"path_taken":["M","M","?","$","M","R","?","E","T","$","M","R","?","E","R","BOSS","M","$","?","?","?","E","?","R","T","M","?","M","?","E","R","BOSS","M","?","$","M","M","R","E","M","T","?","E","?","M","E","R","BOSS"],"build_version":"2019-01-10","purchased_purges":4,"victory":true,"max_hp_per_floor":[70,70,75,75,75,75,75,75,75,75,75,75,75,75,75,75,75,75,75,75,75,75,75,75,75,75,75,75,75,75,75,75,75,75,77,77,77,77,77,77,79,79,79,79,79,81,81,81,81,81],"card_choices":[{"not_picked":["Reflex","Deflect"],"picked":"Well Laid Plans","floor":1.0},{"not_picked":["Bouncing Flask","Heel Hook"],"picked":"Cloak And Dagger","floor":2.0},{"not_picked":["Flying Knee","Slice"],"picked":"Deflect","floor":5.0},{"not_picked":["PiercingWail","Acrobatics"],"picked":"Noxious Fumes","floor":8.0},{"not_picked":["Backflip","Blur"],"picked":"Adrenaline","floor":11.0},{"not_picked":["Flying Knee","Sucker Punch"],"picked":"Acrobatics","floor":13.0},{"not_picked":["Slice","Skewer"],"picked":"Backstab","floor":14.0},{"not_picked":["Tools of the Trade","Die Die Die"],"picked":"Adrenaline","floor":16.0},{"not_picked":["Poisoned Stab+1","Deadly Poison+1"],"picked":"Cloak And Dagger","floor":18.0},{"not_picked":["Dagger Spray","Slice"],"picked":"Cloak And Dagger","floor":22.0},{"not_picked":["Choke+1","Storm of Steel"],"picked":"Dash","floor":23.0},{"not_picked":["Prepared","Poisoned Stab"],"picked":"Blade Dance","floor":27.0},{"not_picked":["Reflex+1","Underhanded Strike"],"picked":"Crippling Poison+1","floor":29.0},{"not_picked":["Masterful Stab","A Thousand Cuts"],"picked":"Cloak And Dagger+1","floor":31.0},{"not_picked":["Doppelganger+1","Venomology+1"],"picked":"After Image","floor":33.0},{"not_picked":["Bane","Flying Knee+1","Dagger Spray+1"],"picked":"Singing Bowl","floor":35.0},{"not_picked":["Enlightenment+1","The Bomb+1"],"picked":"Forethought+1","floor":36.0},{"not_picked":["Well Laid Plans+1","Bane"],"picked":"Dodge and Roll+1","floor":38},{"not_picked":["Flying Knee","Bouncing Flask+1"],"picked":"Catalyst+1","floor":39},{"not_picked":["Dash+1","Tactician+1","Quick Slash+1"],"picked":"Singing Bowl","floor":41},{"not_picked":["Underhanded Strike+1","Quick Slash+1"],"picked":"Concentrate+1","floor":42},{"not_picked":["Glass Knife+1","Skewer+1"],"picked":"Sucker Punch+1","floor":45},{"not_picked":["Reflex+1","Endless Agony+1","Riddle With Holes+1"],"picked":"Singing Bowl","floor":46},{"not_picked":["Eviscerate+1","Slice+1"],"picked":"PiercingWail+1","floor":47},{"not_picked":["Backflip+1","Dodge and Roll+1"],"picked":"Cloak And Dagger+1","floor":48}],"player_experience":361666,"relics_obtained":[{"floor":8.0,"key":"Kunai"},{"floor":9.0,"key":"War Paint"},{"floor":14.0,"key":"Bag of Preparation"},{"floor":20.0,"key":"Enchiridion"},{"floor":23.0,"key":"Darkstone Periapt"},{"floor":26.0,"key":"Centennial Puzzle"},{"floor":28.0,"key":"Toxic Egg 2"},{"floor":30.0,"key":"Singing Bowl"},{"floor":31.0,"key":"Bronze Scales"},{"floor":41,"key":"Molten Egg 2"},{"floor":43,"key":"Paper Crane"},{"floor":45,"key":"Ninja Scroll"},{"floor":46,"key":"Bird Faced Urn"},{"floor":48,"key":"Bottled Tornado"}],"event_choices":[{"damage_healed":0.0,"max_hp_gain":5.0,"max_hp_loss":0.0,"gold_gain":0.0,"event_name":"Big Fish","player_choice":"Donut","floor":3.0,"gold_loss":0.0,"damage_taken":0.0},{"damage_healed":0.0,"max_hp_gain":0.0,"max_hp_loss":0.0,"gold_gain":100.0,"event_name":"Golden Shrine","player_choice":"Pray","floor":7.0,"gold_loss":0.0,"damage_taken":0.0},{"damage_healed":0.0,"max_hp_gain":0.0,"max_hp_loss":0.0,"gold_gain":0.0,"event_name":"Cursed Tome","player_choice":"Obtained Book","floor":20.0,"gold_loss":0.0,"damage_taken":16.0},{"damage_healed":0.0,"max_hp_gain":0.0,"max_hp_loss":0.0,"gold_gain":200.0,"event_name":"Wheel of Change","player_choice":"Gold","floor":21.0,"gold_loss":0.0,"damage_taken":0.0},{"damage_healed":0.0,"max_hp_gain":0.0,"max_hp_loss":0.0,"gold_gain":0.0,"event_name":"Addict","player_choice":"Obtained Relic","floor":24.0,"gold_loss":85.0,"damage_taken":0.0,"relics_obtained":["StoneCalendar"]},{"damage_healed":0.0,"max_hp_gain":0.0,"max_hp_loss":0.0,"gold_gain":0.0,"event_name":"SensoryStone","player_choice":"Memory 1","floor":36.0,"gold_loss":0.0,"damage_taken":0.0},{"cards_removed":["Backstab"],"damage_healed":0,"gold_gain":0,"player_choice":"Removed Attack","damage_taken":0,"max_hp_gain":0,"max_hp_loss":0,"event_name":"Falling","floor":44,"gold_loss":0},{"damage_healed":0,"gold_gain":0,"player_choice":"Fight","damage_taken":0,"max_hp_gain":0,"max_hp_loss":0,"event_name":"MindBloom","floor":46,"gold_loss":0}],"is_beta":false,"boss_relics":[{"not_picked":["Busted Crown","HoveringKite"],"picked":"Fusion Hammer"},{"not_picked":["Lizard Tail","Philosopher\u0027s Stone"],"picked":"Ring of the Serpent"}],"items_purged_floors":[4,10,19,37],"is_endless":false,"potions_floor_spawned":[1,2,13,14,18,22,38,42,46,48],"ascension_level":7}