{"gold_per_floor":[114,114,130,143,143,143,176,201,201,201,201,201,217,238,238,238],"floor_reached":16,"playtime":375,"items_purged":[],"score":163,"play_id":"e853ea6b-96c2-4bd8-b1ea-35c826a026ed","local_time":"20190203123045","is_ascension_mode":true,"campfire_choices":[{"data":"Zap","floor":6,"key":"SMITH"},{"floor":10,"key":"REST"},{"data":"Coolheaded","floor":12,"key":"SMITH"},{"floor":15,"key":"REST"}],"neow_cost":"NONE","seed_source_timestamp":689410873362536,"circlet_count":0,"master_deck":["AscendersBane","Strike_B","Strike_B","Strike_B","Strike_B","Defend_B","Defend_B","Defend_B","Defend_B","Zap+1","Dualcast","Capacitor","Coolheaded+1","Barrage","Conserve Battery","Self Repair","Buffer","Sunder"],"relics":["Cracked Core","NeowsBlessing","The Courier","Golden Idol","Sundial","Bottled Lightning"],"potions_floor_usage":[14,16],"damage_taken":[{"damage":0,"enemies":"Cultist","floor":1,"turns":1},{"damage":0,"enemies":"Small Slimes","floor":3,"turns":1},{"damage":0,"enemies":"2 Louse","floor":4,"turns":1},{"damage":44,"enemies":"3 Sentries","floor":7,"turns":8},{"damage":5,"enemies":"2 Fungi Beasts","floor":8,"turns":4},{"damage":14,"enemies":"Looter","floor":13,"turns":4},{"damage":12,"enemies":"Blue Slaver","floor":14,"turns":4},{"damage":0,"enemies":"Slime Boss","floor":16,"turns":4}],"seed_played":"-663147482308324726","potions_obtained":[{"floor":3,"key":"Weak Potion"},{"floor":13,"key":"Energy Potion"},{"floor":14,"key":"AttackPotion"}],"is_trial":false,"path_per_floor":["M","?","M","M","?","R","E","M","T","R","?","R","M","M","R","B"],"character_chosen":"DEFECT","items_purchased":[],"campfire_rested":2,"item_purchase_floors":[],"current_hp_per_floor":[68,68,68,68,68,68,24,19,19,39,39,39,32,27,47,47],"gold":238,"neow_bonus":"THREE_ENEMY_KILL","is_prod":false,"is_daily":false,"chose_seed":false,"campfire_upgraded":2,"win_rate":0,"timestamp":1549193445,"path_taken":["M","?","M","M","?","R","E","M","T","R","?","R","?","M","R","BOSS"],"build_version":"2019-01-23","purchased_purges":0,"victory":false,"max_hp_per_floor":[75,75,75,75,69,69,69,69,69,69,69,69,69,69,69,69],"card_choices":[{"not_picked":["Conserve Battery","Hello World"],"picked":"Capacitor","floor":1},{"not_picked":["Skim","Gash"],"picked":"Coolheaded","floor":3},{"not_picked":["Stack","Blizzard"],"picked":"Barrage","floor":4},{"not_picked":["Beam Cell","Gash"],"picked":"Conserve Battery","floor":7},{"not_picked":["Leap","Go for the Eyes"],"picked":"Self Repair","floor":8},{"not_picked":["Stack","Leap"],"picked":"Buffer","floor":13},{"not_picked":["Tempest","Auto Shields"],"picked":"Sunder","floor":14}],"player_experience":2127178,"relics_obtained":[{"floor":7,"key":"Sundial"},{"floor":9,"key":"Bottled Lightning"}],"event_choices":[{"damage_healed":0,"gold_gain":0,"player_choice":"Box","damage_taken":0,"relics_obtained":["The Courier"],"max_hp_gain":0,"max_hp_loss":0,"event_name":"Big Fish","floor":2,"gold_loss":0,"cards_obtained":["Regret"]},{"damage_healed":0,"gold_gain":0,"player_choice":"Lose Max HP","damage_taken":0,"relics_obtained":["Golden Idol"],"max_hp_gain":0,"max_hp_loss":6,"event_name":"Golden Idol","floor":5,"gold_loss":0},{"cards_removed":["Regret"],"damage_healed":0,"gold_gain":0,"player_choice":"Removed Curses","damage_taken":0,"max_hp_gain":0,"max_hp_loss":0,"event_name":"Fountain of Cleansing","floor":11,"gold_loss":0}],"is_beta":false,"boss_relics":[],"items_purged_floors":[],"is_endless":false,"potions_floor_spawned":[3,13,14],"killed_by":"Slime Boss","ascension_level":12}