{"gold_per_floor":[111,111,111,72,72,115,115,28,28,44,87,111,130,154,154,279,279,293,293,305,113,113],"floor_reached":22,"playtime":5046,"items_purged":[],"score":339,"play_id":"cf6e51a8-b081-4fd5-97f2-4d3c236c1d0c","local_time":"20190112132627","is_ascension_mode":true,"campfire_choices":[{"data":"Armaments","floor":7.0,"key":"SMITH"},{"data":"Rampage","floor":15.0,"key":"SMITH"}],"neow_cost":"NONE","seed_source_timestamp":0,"circlet_count":0,"master_deck":["AscendersBane","Strike_R","Strike_R","Strike_R","Strike_R","Strike_R","Defend_R","Defend_R","Defend_R","Defend_R","Bash","Armaments+1","Spot Weakness","Perfected Strike","Swift Strike","Ghostly Armor","Rampage+1","Perfected Strike","Shrug It Off","Havoc","Feed","Iron Wave","Clash"],"special_seed":0,"relics":["Black Blood","NeowsBlessing","Bloody Idol","Pear","Bird Faced Urn","Regal Pillow","Sling"],"potions_floor_usage":[20],"damage_taken":[{"damage":0.0,"enemies":"Cultist","floor":1.0,"turns":1.0},{"damage":0.0,"enemies":"Lagavulin","floor":6.0,"turns":1.0},{"damage":0.0,"enemies":"Jaw Worm","floor":10.0,"turns":1.0},{"damage":15.0,"enemies":"3 Sentries","floor":11.0,"turns":7.0},{"damage":0.0,"enemies":"2 Louse","floor":12.0,"turns":3.0},{"damage":6.0,"enemies":"Looter","floor":13.0,"turns":2.0},{"damage":8.0,"enemies":"Blue Slaver","floor":14.0,"turns":3.0},{"damage":67.0,"enemies":"Hexaghost","floor":16.0,"turns":11.0},{"damage":16.0,"enemies":"Spheric Guardian","floor":18.0,"turns":4.0},{"damage":6,"enemies":"3 Byrds","floor":20,"turns":3},{"damage":13,"enemies":"Centurion and Healer","floor":22,"turns":2}],"seed_played":"7370776365303727227","potions_obtained":[{"floor":10.0,"key":"Explosive Potion"},{"floor":13.0,"key":"SteroidPotion"},{"floor":14.0,"key":"SneckoOil"},{"floor":18.0,"key":"LiquidBronze"}],"is_trial":false,"path_per_floor":["M","?","?","$","?","E","R","$","T","M","E","M","M","M","R","B",null,"M","?","M","$","M"],"character_chosen":"IRONCLAD","items_purchased":["Spot Weakness","Swift Strike","Sling"],"campfire_rested":0,"item_purchase_floors":[4,8,21],"current_hp_per_floor":[78,78,78,78,74,84,84,84,84,84,75,81,81,79,79,18,68,62,62,71,71,58],"gold":113,"neow_bonus":"THREE_ENEMY_KILL","is_prod":false,"is_daily":false,"chose_seed":false,"campfire_upgraded":2,"win_rate":0,"timestamp":1547295987,"path_taken":["M","?","?","$","?","E","R","?","T","?","E","M","M","M","R","BOSS","BOSS","M","?","M","$","M"],"build_version":"2019-01-10","purchased_purges":0,"victory":false,"max_hp_per_floor":[80,80,80,80,74,84,84,84,84,84,84,84,84,84,84,84,84,84,84,84,84,84],"card_choices":[{"not_picked":["Heavy Blade","Body Slam"],"picked":"Armaments","floor":1.0},{"not_picked":["Brutality","Burning Pact"],"picked":"Perfected Strike","floor":6.0},{"not_picked":["Pummel","Fire Breathing"],"picked":"Ghostly Armor","floor":10.0},{"not_picked":["Sever Soul","Clash"],"picked":"Rampage","floor":11.0},{"not_picked":["Sword Boomerang","Rupture"],"picked":"Perfected Strike","floor":12.0},{"not_picked":["Intimidate","Warcry"],"picked":"Shrug It Off","floor":13.0},{"not_picked":["Armaments","Corruption"],"picked":"Havoc","floor":14.0},{"not_picked":["Impervious","Fiend Fire"],"picked":"Feed","floor":16.0},{"not_picked":["Fire Breathing","Havoc"],"picked":"Iron Wave","floor":18.0},{"not_picked":["Carnage","Sword Boomerang"],"picked":"Clash","floor":20}],"player_experience":1940107,"relics_obtained":[{"floor":6.0,"key":"Pear"},{"floor":9.0,"key":"Bird Faced Urn"},{"floor":11.0,"key":"Regal Pillow"}],"event_choices":[{"damage_healed":0.0,"max_hp_gain":0.0,"max_hp_loss":0.0,"gold_gain":0.0,"event_name":"Golden Wing","player_choice":"Ignored","floor":2.0,"gold_loss":0.0,"damage_taken":0.0},{"damage_healed":0.0,"max_hp_gain":0.0,"max_hp_loss":0.0,"gold_gain":0.0,"event_name":"The Cleric","player_choice":"Leave","floor":3.0,"gold_loss":0.0,"damage_taken":0.0},{"damage_healed":0.0,"max_hp_gain":0.0,"max_hp_loss":6.0,"gold_gain":0.0,"event_name":"Golden Idol","player_choice":"Lose Max HP","floor":5.0,"gold_loss":0.0,"damage_taken":0.0,"relics_obtained":["Golden Idol"]},{"damage_healed":0.0,"max_hp_gain":0.0,"max_hp_loss":0.0,"gold_gain":0.0,"event_name":"Forgotten Altar","player_choice":"Gave Idol","floor":19.0,"relics_lost":["Golden Idol"],"gold_loss":0.0,"damage_taken":0.0,"relics_obtained":["Bloody Idol"]}],"is_beta":false,"boss_relics":[{"not_picked":["Eternal Feather","Snecko Eye"],"picked":"Black Blood"}],"items_purged_floors":[],"is_endless":false,"potions_floor_spawned":[10,13,14,18],"killed_by":"Centurion and Healer","ascension_level":11}