{"gold_per_floor":[115,75,53,64,84,110,110,123,175,175,185,210,175,250,250,352,352,363,363,462,462,479,512,512,512],"floor_reached":25,"playtime":790,"items_purged":[],"score":330,"play_id":"3865b1b3-452d-4adf-aea6-2b7dd1972ad1","local_time":"20180709131431","is_ascension_mode":true,"campfire_choices":[{"data":"Fusion","floor":7.0,"key":"SMITH"},{"data":"Electrodynamics","floor":15.0,"key":"SMITH"},{"floor":24,"key":"REST"}],"neow_cost":"NONE","seed_source_timestamp":5430811958823,"circlet_count":0,"master_deck":["Strike_B","Strike_B","Strike_B","Strike_B","Defend_B","Defend_B","Defend_B","Zap","Dualcast","Ball Lightning","Hologram","Glacier","Buffer","Fusion+1","Conserve Battery","Auto Shields","Electrodynamics+1","Thunder Strike","Swift Strike","Dramatic Entrance","Panacea","Compile Driver","Chill+1"],"special_seed":0,"relics":["Cracked Core","NeowsBlessing","Mercury Hourglass","Juzu Bracelet","Boot","Black Star","Bag of Marbles","Pen Nib"],"potions_floor_usage":[18,23,23],"damage_taken":[{"damage":0.0,"enemies":"Jaw Worm","floor":1.0,"turns":1.0},{"damage":0.0,"enemies":"Cultist","floor":4.0,"turns":1.0},{"damage":0.0,"enemies":"Small Slimes","floor":5.0,"turns":1.0},{"damage":9.0,"enemies":"3 Sentries","floor":6.0,"turns":7.0},{"damage":0.0,"enemies":"Gremlin Gang","floor":8.0,"turns":3.0},{"damage":6.0,"enemies":"Blue Slaver","floor":11.0,"turns":3.0},{"damage":0.0,"enemies":"Lagavulin","floor":12.0,"turns":5.0},{"damage":16.0,"enemies":"The Guardian","floor":16.0,"turns":11.0},{"damage":11,"enemies":"Shell Parasite","floor":18,"turns":7},{"damage":0,"enemies":"3 Byrds","floor":22,"turns":2},{"damage":18,"enemies":"Slavers","floor":23,"turns":4},{"damage":60,"enemies":"Book of Stabbing","floor":25,"turns":5}],"seed_played":"7092572942986440189","potions_obtained":[{"floor":2.0,"key":"SpeedPotion"},{"floor":2.0,"key":"Strength Potion"},{"floor":2.0,"key":"SpeedPotion"},{"floor":6.0,"key":"LiquidBronze"},{"floor":11.0,"key":"Fire Potion"},{"floor":16.0,"key":"EntropicBrew"},{"floor":22,"key":"LiquidBronze"},{"floor":23,"key":"FearPotion"}],"is_trial":false,"path_per_floor":["M","?","$","M","M","E","R","M","T","?","M","E","?","?","R","B",null,"M","?","?","?","M","E","R"],"character_chosen":"DEFECT","items_purchased":["Hologram"],"campfire_rested":1,"item_purchase_floors":[3],"current_hp_per_floor":[68,68,68,68,68,59,59,59,59,52,46,46,64,53,53,37,66,55,27,27,52,52,34,56,0],"gold":512,"neow_bonus":"THREE_ENEMY_KILL","is_prod":false,"is_daily":false,"chose_seed":false,"campfire_upgraded":2,"win_rate":0,"timestamp":1531134871,"path_taken":["M","?","$","?","M","E","R","M","T","?","M","E","?","?","R","BOSS","M","?","?","?","M","E","R","E"],"build_version":"2018-07-05","purchased_purges":0,"victory":false,"max_hp_per_floor":[75,75,75,75,75,75,75,75,75,75,75,75,75,75,75,75,75,75,75,75,75,75,75,75,75],"card_choices":[{"not_picked":["Reinforced Body","Streamline"],"picked":"Ball Lightning","floor":1.0},{"not_picked":["Hello World","Doom and Gloom"],"picked":"Glacier","floor":4.0},{"not_picked":["Streamline","Beam Cell"],"picked":"Buffer","floor":5.0},{"not_picked":["Hologram","Beam Cell"],"picked":"Fusion","floor":6.0},{"not_picked":["Reprogram","Hologram"],"picked":"Conserve Battery","floor":8.0},{"not_picked":["Barrage","Reinforced Body"],"picked":"Auto Shields","floor":11.0},{"not_picked":["Rebound","Coolheaded"],"picked":"Electrodynamics","floor":12.0},{"not_picked":["Creative AI","Machine Learning"],"picked":"Thunder Strike","floor":16.0},{"not_picked":["Turbo","Barrage","Hologram"],"picked":"SKIP","floor":18},{"not_picked":["Genetic Algorithm","Rip and Tear"],"picked":"Compile Driver","floor":22},{"not_picked":["Doom and Gloom","Loop"],"picked":"Chill+1","floor":23}],"player_experience":823458,"relics_obtained":[{"floor":6.0,"key":"Mercury Hourglass"},{"floor":9.0,"key":"Juzu Bracelet"},{"floor":12.0,"key":"Boot"},{"floor":23,"key":"Bag of Marbles"},{"floor":23,"key":"Pen Nib"}],"event_choices":[{"event_name":"The Woman in Blue","player_choice":"Bought 3 Potions","floor":2.0,"damage_taken":0.0},{"event_name":"Golden Wing","player_choice":"Card Removal","floor":10.0,"damage_taken":0.0},{"event_name":"The Cleric","player_choice":"Healed","floor":13.0,"damage_taken":0.0},{"event_name":"World of Goop","player_choice":"Gather Gold","floor":14.0,"damage_taken":0.0},{"event_name":"Knowing Skull","player_choice":"CARD CARD CARD ","floor":19,"damage_taken":0},{"event_name":"Nest","player_choice":"Stole From Cult","floor":20,"damage_taken":0},{"event_name":"The Library","player_choice":"Heal","floor":21,"damage_taken":0}],"boss_relics":[{"not_picked":["Velvet Choker","Runic Pyramid"],"picked":"Black Star"}],"items_purged_floors":[],"is_endless":false,"potions_floor_spawned":[4,6,11,16,22,23],"killed_by":"Book of Stabbing","ascension_level":6}