{"gold_per_floor":[116,3,19,19,19,54,54,83,83,112,26,60,60,76,76,76],"floor_reached":16,"playtime":355,"items_purged":[],"score":302,"play_id":"24f6464f-030f-4f52-99b6-ffb90c3d66ab","local_time":"20181103125838","is_ascension_mode":true,"campfire_choices":[{"data":"Bash","floor":7.0,"key":"SMITH"},{"data":"Disarm","floor":13.0,"key":"SMITH"},{"data":"Flame Barrier","floor":15.0,"key":"SMITH"}],"neow_cost":"NONE","seed_source_timestamp":151190332855576,"circlet_count":0,"master_deck":["AscendersBane","Strike_R","Strike_R+1","Strike_R","Strike_R","Strike_R","Defend_R","Defend_R","Defend_R","Defend_R","Bash+1","Disarm+1","Inflame+1","Wild Strike","Flame Barrier+1","Heavy Blade","Whirlwind","Corruption"],"special_seed":0,"relics":["Burning Blood","NeowsBlessing","Pantograph","Vajra","Ornamental Fan","Ancient Tea Set","Torii"],"potions_floor_usage":[],"damage_taken":[{"damage":0.0,"enemies":"Jaw Worm","floor":1.0,"turns":1.0},{"damage":0.0,"enemies":"Small Slimes","floor":3.0,"turns":1.0},{"damage":0.0,"enemies":"Gremlin Nob","floor":6.0,"turns":1.0},{"damage":12.0,"enemies":"Lagavulin","floor":8.0,"turns":6.0},{"damage":8.0,"enemies":"Gremlin Nob","floor":10.0,"turns":3.0},{"damage":15.0,"enemies":"3 Sentries","floor":12.0,"turns":5.0},{"damage":0.0,"enemies":"2 Louse","floor":14.0,"turns":1.0},{"damage":64,"enemies":"Hexaghost","floor":16,"turns":9}],"seed_played":"-4832365055426609041","potions_obtained":[{"floor":1.0,"key":"Poison Potion"},{"floor":6.0,"key":"Explosive Potion"},{"floor":12.0,"key":"Explosive Potion"}],"is_trial":false,"path_per_floor":["M","$","M","?","?","E","R","E","T","E","$","E","R","M","R","B"],"character_chosen":"IRONCLAD","items_purchased":["Inflame","Wild Strike","Whirlwind"],"campfire_rested":0,"item_purchase_floors":[2,2,11],"current_hp_per_floor":[74,74,75,52,57,63,63,57,57,55,55,46,46,52,52,13],"gold":76,"neow_bonus":"THREE_ENEMY_KILL","is_prod":false,"is_daily":false,"chose_seed":false,"campfire_upgraded":3,"win_rate":0,"timestamp":1541264318,"path_taken":["M","$","M","?","?","E","R","E","T","E","?","E","R","M","R","BOSS"],"build_version":"2018-11-02","purchased_purges":0,"victory":false,"max_hp_per_floor":[75,75,75,75,80,80,80,80,80,80,80,80,80,80,80,80],"card_choices":[{"not_picked":["Anger","Body Slam"],"picked":"Disarm","floor":1.0},{"not_picked":["Hemokinesis","Body Slam"],"picked":"Flame Barrier","floor":3.0},{"not_picked":["Warcry","Heavy Blade","Body Slam"],"picked":"SKIP","floor":6.0},{"not_picked":["Entrench","Armaments"],"picked":"Heavy Blade","floor":8.0},{"not_picked":["Wild Strike","Body Slam","Brutality"],"picked":"SKIP","floor":10.0},{"not_picked":["Cleave","Twin Strike"],"picked":"Corruption","floor":12.0},{"not_picked":["Sentinel","Perfected Strike","Sever Soul"],"picked":"SKIP","floor":14.0}],"player_experience":1140624,"relics_obtained":[{"floor":6.0,"key":"Pantograph"},{"floor":8.0,"key":"Vajra"},{"floor":9.0,"key":"Ornamental Fan"},{"floor":10.0,"key":"Ancient Tea Set"},{"floor":12.0,"key":"Torii"}],"event_choices":[{"damage_healed":0.0,"max_hp_gain":0.0,"max_hp_loss":0.0,"gold_gain":0.0,"event_name":"Shining Light","player_choice":"Entered Light","floor":4.0,"gold_loss":0.0,"damage_taken":23.0,"cards_upgraded":["Inflame","Strike_R"]},{"damage_healed":0.0,"max_hp_gain":5.0,"max_hp_loss":0.0,"gold_gain":0.0,"event_name":"Big Fish","player_choice":"Donut","floor":5.0,"gold_loss":0.0,"damage_taken":0.0}],"is_beta":true,"boss_relics":[],"items_purged_floors":[],"is_endless":false,"potions_floor_spawned":[1,6,12],"killed_by":"Hexaghost","ascension_level":20}