{"gold_per_floor":[115,126,276,276,276,308,209,243,270,270,288,288,323,288,288,288],"floor_reached":16,"playtime":480,"items_purged":[],"score":268,"play_id":"2a8ac933-7cbc-4c6c-9a90-77157c9404c6","local_time":"20190217191447","is_ascension_mode":true,"campfire_choices":[{"floor":10,"key":"REST"},{"floor":12,"key":"REST"},{"data":"True Grit","floor":15,"key":"SMITH"}],"neow_cost":"NONE","seed_source_timestamp":15116825462876037,"circlet_count":0,"master_deck":["AscendersBane","Strike_R","Strike_R","Strike_R","Strike_R","Strike_R","Defend_R","Defend_R","Defend_R","Defend_R","Bash","Warcry","Spot Weakness","Barricade","Swift Strike","Cleave","True Grit+1","Evolve"],"relics":["Burning Blood","NeowsBlessing","Blood Vial","Dead Branch","Juzu Bracelet","WingedGreaves"],"potions_floor_usage":[8,8,13],"damage_taken":[{"damage":0,"enemies":"2 Louse","floor":1,"turns":1},{"damage":0,"enemies":"Small Slimes","floor":2,"turns":1},{"damage":0,"enemies":"Lagavulin","floor":6,"turns":1},{"damage":65,"enemies":"3 Sentries","floor":8,"turns":13},{"damage":6,"enemies":"Cultist","floor":11,"turns":3},{"damage":45,"enemies":"Lagavulin","floor":13,"turns":8},{"damage":56,"enemies":"Hexaghost","floor":16,"turns":10}],"seed_played":"-7318656850985008682","potions_obtained":[{"floor":1,"key":"Regen Potion"},{"floor":2,"key":"FearPotion"},{"floor":8,"key":"LiquidBronze"}],"is_trial":false,"path_per_floor":["M","M","?","?","?","E","$","E","T","R","M","R","E","?","R","B"],"character_chosen":"IRONCLAD","items_purchased":["Swift Strike"],"campfire_rested":2,"item_purchase_floors":[7],"current_hp_per_floor":[74,75,75,75,68,74,74,31,31,53,55,75,36,54,54,0],"gold":288,"neow_bonus":"THREE_ENEMY_KILL","is_prod":false,"is_daily":false,"chose_seed":false,"campfire_upgraded":1,"win_rate":0,"timestamp":1550427287,"path_taken":["M","M","?","?","?","E","$","E","T","R","M","R","E","?","R","BOSS"],"build_version":"2019-01-23","purchased_purges":0,"victory":false,"max_hp_per_floor":[75,75,75,75,75,75,75,75,75,75,75,75,75,75,75,75],"card_choices":[{"not_picked":["Reckless Charge","Combust"],"picked":"Warcry","floor":1},{"not_picked":["Intimidate","Disarm"],"picked":"Spot Weakness","floor":2},{"not_picked":["Power Through","Shrug It Off"],"picked":"Barricade","floor":6},{"not_picked":["Warcry","Exhume"],"picked":"Cleave","floor":8},{"not_picked":["Clothesline","Armaments"],"picked":"True Grit","floor":11},{"not_picked":["Rampage","Clothesline"],"picked":"Evolve","floor":13}],"player_experience":411927,"relics_obtained":[{"floor":6,"key":"Blood Vial"},{"floor":8,"key":"Dead Branch"},{"floor":9,"key":"Juzu Bracelet"},{"floor":13,"key":"WingedGreaves"}],"event_choices":[{"damage_healed":0,"gold_gain":150,"player_choice":"AGREE","damage_taken":0,"max_hp_gain":0,"max_hp_loss":0,"event_name":"Liars Game","floor":3,"gold_loss":0,"cards_obtained":["Doubt"]},{"damage_healed":0,"gold_gain":0,"player_choice":"Ignored","damage_taken":0,"max_hp_gain":0,"max_hp_loss":0,"event_name":"Golden Idol","floor":4,"gold_loss":0},{"cards_removed":["Doubt"],"damage_healed":0,"gold_gain":0,"player_choice":"Card Removal","damage_taken":7,"max_hp_gain":0,"max_hp_loss":0,"event_name":"Golden Wing","floor":5,"gold_loss":0},{"damage_healed":18,"gold_gain":0,"player_choice":"Healed","damage_taken":0,"max_hp_gain":0,"max_hp_loss":0,"event_name":"The Cleric","floor":14,"gold_loss":35}],"is_beta":false,"boss_relics":[],"items_purged_floors":[],"is_endless":false,"potions_floor_spawned":[1,2,8],"killed_by":"Hexaghost","ascension_level":18}