{"gold_per_floor":[112,127,38,51,51,51,89,112,112,112],"floor_reached":10,"playtime":354,"items_purged":[],"score":136,"play_id":"2c81eb0c-49c1-4d14-b83b-2a8e46b4bb83","local_time":"20181218132246","is_ascension_mode":true,"campfire_choices":[{"data":"Consume","floor":6,"key":"SMITH"}],"neow_cost":"TEN_PERCENT_HP_LOSS","seed_source_timestamp":49365129491415,"circlet_count":0,"master_deck":["AscendersBane","Strike_B","Strike_B","Strike_B","Strike_B","Defend_B","Defend_B","Defend_B","Defend_B","Zap","Dualcast","Consume+1","Doom and Gloom","Defragment","Coolheaded","Injury","Gash","Ball Lightning"],"relics":["Cracked Core","Unceasing Top","Golden Idol","Juzu Bracelet","Omamori"],"potions_floor_usage":[10],"damage_taken":[{"damage":9,"enemies":"Jaw Worm","floor":1,"turns":4},{"damage":10,"enemies":"Small Slimes","floor":2,"turns":4},{"damage":1,"enemies":"Cultist","floor":4,"turns":4},{"damage":25,"enemies":"Lagavulin","floor":7,"turns":9},{"damage":12,"enemies":"Looter","floor":8,"turns":4},{"damage":17,"enemies":"2 Fungi Beasts","floor":10,"turns":2}],"seed_played":"481909879033844023","potions_obtained":[{"floor":1,"key":"Strength Potion"},{"floor":2,"key":"Swift Potion"}],"is_trial":false,"path_per_floor":["M","M","$","M","?","R","E","M","T","M"],"character_chosen":"DEFECT","items_purchased":["Defragment"],"campfire_rested":0,"item_purchase_floors":[3],"current_hp_per_floor":[55,45,45,44,44,44,19,7,7,0],"gold":112,"neow_bonus":"ONE_RARE_RELIC","is_prod":false,"is_daily":false,"chose_seed":false,"campfire_upgraded":1,"win_rate":0,"timestamp":1545157366,"path_taken":["M","M","$","M","?","R","E","M","T","M"],"build_version":"2018-12-17","purchased_purges":0,"victory":false,"max_hp_per_floor":[64,64,64,64,64,64,64,64,64,64],"card_choices":[{"not_picked":["Hologram","Coolheaded"],"picked":"Consume","floor":1},{"not_picked":["Melter","Conserve Battery"],"picked":"Doom and Gloom","floor":2},{"not_picked":["Rebound","Beam Cell"],"picked":"Coolheaded","floor":4},{"not_picked":["Go for the Eyes","Lockon"],"picked":"Gash","floor":7},{"not_picked":["Glacier","Rebound"],"picked":"Ball Lightning","floor":8}],"player_experience":1266698,"relics_obtained":[{"floor":7,"key":"Juzu Bracelet"},{"floor":9,"key":"Omamori"}],"event_choices":[{"damage_healed":0,"gold_gain":0,"player_choice":"Take Wound","damage_taken":0,"relics_obtained":["Golden Idol"],"max_hp_gain":0,"max_hp_loss":0,"event_name":"Golden Idol","floor":5,"gold_loss":0,"cards_obtained":["Injury"]}],"is_beta":true,"boss_relics":[],"items_purged_floors":[],"is_endless":false,"potions_floor_spawned":[1,2,4],"killed_by":"2 Fungi Beasts","ascension_level":20}