{"gold_per_floor":[117,192,208,226,71,71,93,93,93,105,105,130,130,130,130,130],"floor_reached":16,"playtime":668,"items_purged":[],"score":98,"play_id":"40c52f4f-93c5-4eba-a891-b03d4ed196ce","local_time":"20190219124247","is_ascension_mode":false,"campfire_choices":[{"data":"Coolheaded","floor":6,"key":"SMITH"},{"data":"Defend_B","floor":8,"key":"SMITH"},{"data":"Defend_B","floor":11,"key":"SMITH"},{"floor":13,"key":"REST"},{"data":"Defend_B","floor":15,"key":"SMITH"}],"neow_cost":"NONE","seed_source_timestamp":703321764995212,"circlet_count":0,"master_deck":["Strike_B","Strike_B","Strike_B","Strike_B","Defend_B+1","Defend_B+1","Defend_B","Defend_B+1","Zap","Coolheaded+1"],"relics":["Cracked Core","Anchor","Odd Mushroom","Happy Flower","Sundial"],"potions_floor_usage":[7,12],"damage_taken":[{"damage":2,"enemies":"Small Slimes","floor":1,"turns":5},{"damage":5,"enemies":"2 Louse","floor":3,"turns":3},{"damage":0,"enemies":"Cultist","floor":4,"turns":3},{"damage":23,"enemies":"The Mushroom Lair","floor":7,"turns":5},{"damage":0,"enemies":"Looter","floor":10,"turns":3},{"damage":10,"enemies":"3 Sentries","floor":12,"turns":10},{"damage":31,"enemies":"The Guardian","floor":16,"turns":8}],"seed_played":"-7957330214917312921","potions_obtained":[{"floor":3,"key":"FocusPotion"},{"floor":10,"key":"Regen Potion"}],"is_trial":false,"path_per_floor":["M","?","M","M","$","R","?","R","T","M","R","E","R","?","R","B"],"character_chosen":"DEFECT","items_purchased":["Anchor"],"campfire_rested":1,"item_purchase_floors":[5],"current_hp_per_floor":[80,69,64,64,64,64,41,41,41,41,41,46,70,70,70,39],"gold":130,"neow_bonus":"TEN_PERCENT_HP_BONUS","is_prod":false,"is_daily":false,"chose_seed":false,"campfire_upgraded":4,"win_rate":0,"timestamp":1550608967,"path_taken":["M","?","M","M","$","R","?","R","T","M","R","E","R","?","R","BOSS"],"build_version":"2019-01-23","purchased_purges":0,"victory":false,"max_hp_per_floor":[82,82,82,82,82,82,82,82,82,82,82,82,82,82,82,82],"card_choices":[{"not_picked":["Leap","Ball Lightning","Turbo"],"picked":"SKIP","floor":1},{"not_picked":["Compile Driver","Turbo"],"picked":"Coolheaded","floor":3},{"not_picked":["Aggregate","Conserve Battery","Streamline"],"picked":"SKIP","floor":4},{"not_picked":["Glacier","Storm","Ball Lightning"],"picked":"SKIP","floor":10},{"not_picked":["Tempest","Go for the Eyes","Stack"],"picked":"SKIP","floor":12}],"player_experience":186260,"relics_obtained":[{"floor":7,"key":"Odd Mushroom"},{"floor":9,"key":"Happy Flower"},{"floor":12,"key":"Sundial"}],"event_choices":[{"damage_healed":0,"gold_gain":75,"player_choice":"Gather Gold","damage_taken":11,"max_hp_gain":0,"max_hp_loss":0,"event_name":"World of Goop","floor":2,"gold_loss":0},{"damage_healed":0,"gold_gain":0,"player_choice":"Fought Mushrooms","damage_taken":0,"max_hp_gain":0,"max_hp_loss":0,"event_name":"Mushrooms","floor":7,"gold_loss":0},{"cards_removed":["Dualcast"],"damage_healed":0,"gold_gain":0,"player_choice":"Card Removal","damage_taken":0,"max_hp_gain":0,"max_hp_loss":0,"event_name":"Wheel of Change","floor":14,"gold_loss":0}],"is_beta":false,"boss_relics":[],"items_purged_floors":[],"is_endless":false,"potions_floor_spawned":[3,10],"killed_by":"The Guardian","ascension_level":0}