{"gold_per_floor":[112,287,298,310,260,289,289,302,376,386,451,478,494,127,127,127],"floor_reached":16,"playtime":442,"items_purged":[],"score":168,"play_id":"490f54e1-655f-4917-b4fa-11ddaa81b86f","local_time":"20181010121254","is_ascension_mode":true,"campfire_choices":[{"floor":7.0,"key":"REST"},{"data":"Limit Break","floor":15.0,"key":"SMITH"}],"neow_cost":"NONE","seed_source_timestamp":0,"circlet_count":0,"master_deck":["Strike_R","Strike_R","Strike_R","Strike_R","Strike_R","Defend_R+1","Defend_R","Defend_R+1","Defend_R","Bash","AscendersBane","Twin Strike","Disarm","Intimidate","Thunderclap","Pommel Strike","Sentinel","Combust","Inflame","Limit Break+1"],"special_seed":0,"relics":["Burning Blood","War Paint","StoneCalendar","Blue Candle","Tiny Chest","Boot","Oddly Smooth Stone"],"potions_floor_usage":[],"damage_taken":[{"damage":8.0,"enemies":"Cultist","floor":1.0,"turns":4.0},{"damage":2.0,"enemies":"2 Louse","floor":3.0,"turns":3.0},{"damage":7.0,"enemies":"Jaw Worm","floor":4.0,"turns":3.0},{"damage":36.0,"enemies":"3 Sentries","floor":6.0,"turns":11.0},{"damage":11.0,"enemies":"Blue Slaver","floor":8.0,"turns":3.0},{"damage":1.0,"enemies":"3 Louse","floor":10.0,"turns":3.0},{"damage":21.0,"enemies":"Lagavulin","floor":11.0,"turns":5.0},{"damage":2.0,"enemies":"Lots of Slimes","floor":13.0,"turns":3.0},{"damage":0,"enemies":"Slime Boss","floor":16,"turns":1}],"seed_played":"-8592720941603885075","potions_obtained":[{"floor":4.0,"key":"GamblersBrew"},{"floor":6.0,"key":"FearPotion"},{"floor":8.0,"key":"Explosive Potion"},{"floor":10.0,"key":"SkillPotion"}],"is_trial":false,"path_per_floor":["M","?","M","M","?","E","R","M","T","M","E","T","M","$","R"],"character_chosen":"IRONCLAD","items_purchased":["Oddly Smooth Stone","Inflame","Limit Break"],"campfire_rested":1,"item_purchase_floors":[14,14,14],"current_hp_per_floor":[70,70,74,73,73,43,67,62,62,67,52,52,56,56,56,56],"gold":127,"neow_bonus":"RANDOM_COMMON_RELIC","is_prod":false,"is_daily":false,"chose_seed":false,"campfire_upgraded":1,"win_rate":0,"timestamp":1539166374,"path_taken":["M","?","M","?","?","E","R","?","T","?","E","?","?","?","R","BOSS"],"build_version":"2018-10-04v2","purchased_purges":0,"victory":false,"max_hp_per_floor":[80,80,80,80,80,80,80,80,80,80,80,80,80,80,80,80],"card_choices":[{"not_picked":["Armaments","Bloodletting"],"picked":"Twin Strike","floor":1.0},{"not_picked":["Combust","Blood for Blood"],"picked":"Disarm","floor":3.0},{"not_picked":["Fire Breathing","Rupture"],"picked":"Intimidate","floor":4.0},{"not_picked":["Rupture","True Grit"],"picked":"Thunderclap","floor":6.0},{"not_picked":["Pummel","True Grit"],"picked":"Pommel Strike","floor":8.0},{"not_picked":["Heavy Blade","Thunderclap"],"picked":"Sentinel","floor":10.0},{"not_picked":["True Grit","Perfected Strike"],"picked":"Combust","floor":11.0},{"not_picked":["Thunderclap","Sword Boomerang","Fire Breathing"],"picked":"SKIP","floor":13.0}],"player_experience":1071229,"relics_obtained":[{"floor":6.0,"key":"StoneCalendar"},{"floor":9.0,"key":"Blue Candle"},{"floor":11.0,"key":"Tiny Chest"},{"floor":12.0,"key":"Boot"}],"event_choices":[{"event_name":"Liars Game","player_choice":"agreed","floor":2.0,"damage_taken":0.0},{"event_name":"The Cleric","player_choice":"Card Removal","floor":5.0,"damage_taken":0.0}],"is_beta":false,"boss_relics":[],"items_purged_floors":[],"is_endless":false,"potions_floor_spawned":[4,6,8,10],"killed_by":"Slime Boss","ascension_level":10}