{"gold_per_floor":[115,65,140,38,54,54,87,106,131,149,149,149,182,194,194,296,296],"floor_reached":17,"playtime":428,"items_purged":["Defend_R"],"score":226,"play_id":"aadf462b-942a-41cb-a103-eec345e36cc3","local_time":"20190206121304","is_ascension_mode":true,"campfire_choices":[{"data":"Bash","floor":6,"key":"SMITH"},{"data":"Heavy Blade","floor":12,"key":"SMITH"},{"data":"Spot Weakness","floor":15,"key":"SMITH"}],"neow_cost":"NONE","seed_source_timestamp":183309316405723,"circlet_count":0,"master_deck":["Strike_R","Strike_R","Strike_R","Strike_R","Strike_R","Defend_R","Defend_R","Bash+1","Spot Weakness","Heavy Blade+1","Spot Weakness+1","Carnage","Battle Trance","Regret","Dual Wield","Pommel Strike","Limit Break","Inflame"],"relics":["Burning Blood","NeowsBlessing","Juzu Bracelet","Regal Pillow","Pen Nib","Orichalcum","Orrery"],"potions_floor_usage":[13,16,16],"damage_taken":[{"damage":0,"enemies":"Small Slimes","floor":1,"turns":1},{"damage":0,"enemies":"2 Louse","floor":5,"turns":1},{"damage":0,"enemies":"3 Sentries","floor":7,"turns":1},{"damage":11,"enemies":"Jaw Worm","floor":8,"turns":3},{"damage":20,"enemies":"Looter","floor":10,"turns":3},{"damage":33,"enemies":"Lagavulin","floor":13,"turns":4},{"damage":14,"enemies":"Lots of Slimes","floor":14,"turns":4},{"damage":16,"enemies":"Hexaghost","floor":16,"turns":5}],"seed_played":"5572621709039405518","potions_obtained":[{"floor":1,"key":"Block Potion"},{"floor":5,"key":"AttackPotion"},{"floor":13,"key":"Regen Potion"},{"floor":14,"key":"SkillPotion"},{"floor":16,"key":"BloodPotion"}],"is_trial":false,"path_per_floor":["M","?","?","$","M","R","E","M","T","M","?","R","E","M","R","B",null],"character_chosen":"IRONCLAD","items_purchased":["Heavy Blade"],"campfire_rested":0,"item_purchase_floors":[4],"current_hp_per_floor":[80,80,69,69,75,75,80,75,75,61,61,61,34,26,26,16,16],"gold":296,"neow_bonus":"THREE_ENEMY_KILL","is_prod":false,"is_daily":false,"chose_seed":false,"campfire_upgraded":3,"win_rate":0,"timestamp":1549483984,"path_taken":["M","?","?","$","M","R","E","M","T","M","?","R","E","M","R","BOSS"],"build_version":"2019-01-23","purchased_purges":1,"victory":false,"max_hp_per_floor":[80,80,80,80,80,80,80,80,80,80,80,80,80,80,80,80,80],"card_choices":[{"not_picked":["Intimidate","Uppercut"],"picked":"Spot Weakness","floor":1},{"not_picked":["Armaments","Evolve"],"picked":"Spot Weakness","floor":5},{"not_picked":["Seeing Red","Anger"],"picked":"Carnage","floor":7},{"not_picked":["Iron Wave","Searing Blow"],"picked":"Battle Trance","floor":8},{"not_picked":["Hemokinesis","Body Slam","Wild Strike"],"picked":"SKIP","floor":10},{"not_picked":["True Grit","Body Slam"],"picked":"Dual Wield","floor":13},{"not_picked":["Iron Wave","Seeing Red"],"picked":"Pommel Strike","floor":14},{"not_picked":["Impervious","Bludgeon"],"picked":"Limit Break","floor":16},{"not_picked":["Seeing Red","Armaments"],"picked":"Inflame","floor":17}],"player_experience":98497,"relics_obtained":[{"floor":7,"key":"Juzu Bracelet"},{"floor":9,"key":"Regal Pillow"},{"floor":13,"key":"Orichalcum"}],"event_choices":[{"cards_removed":["Defend_R"],"damage_healed":0,"gold_gain":0,"player_choice":"Card Removal","damage_taken":0,"max_hp_gain":0,"max_hp_loss":0,"event_name":"The Cleric","floor":2,"gold_loss":50},{"damage_healed":0,"gold_gain":75,"player_choice":"Gather Gold","damage_taken":11,"max_hp_gain":0,"max_hp_loss":0,"event_name":"World of Goop","floor":3,"gold_loss":0},{"damage_healed":0,"gold_gain":0,"player_choice":"Box","damage_taken":0,"relics_obtained":["Pen Nib"],"max_hp_gain":0,"max_hp_loss":0,"event_name":"Big Fish","floor":11,"gold_loss":0,"cards_obtained":["Regret"]}],"is_beta":false,"boss_relics":[{"not_picked":["Runic Cube","Tiny House"],"picked":"Orrery"}],"items_purged_floors":[4],"is_endless":false,"potions_floor_spawned":[1,5,13,14,16],"ascension_level":1}