{"gold_per_floor":[113,113,133,58,68,68,87,118,118,118,98,133,33,64,64,168,168,178,196,119,47,47,47,61,61,88,105,30,55,55,73,73,171,171,183,183,183,198,73,73,122,122,122,142,172,22,22,33,33,33],"floor_reached":50,"playtime":5936,"items_purged":["Strike_R","Strike_R","Strike_R","Defend_R"],"score":632,"play_id":"52c91932-4c22-4511-8894-3eac158a8489","local_time":"20180725221449","is_ascension_mode":true,"campfire_choices":[{"data":"Inflame","floor":6.0,"key":"SMITH"},{"data":"Anger","floor":10.0,"key":"SMITH"},{"floor":15.0,"key":"REST"},{"data":"Disarm","floor":23.0,"key":"SMITH"},{"data":"Metallicize","floor":25,"key":"SMITH"},{"floor":30,"key":"REST"},{"data":"Limit Break","floor":32,"key":"SMITH"},{"data":"Sword Boomerang","floor":40,"key":"SMITH"},{"data":"Metallicize","floor":42,"key":"SMITH"},{"data":"Spot Weakness","floor":47,"key":"SMITH"},{"floor":49,"key":"REST"}],"neow_cost":"NONE","seed_source_timestamp":0,"circlet_count":0,"master_deck":["Strike_R+1","Defend_R","Defend_R","Defend_R","Inflame+1","Feed+1","Anger+1","Seeing Red","Spot Weakness+1","Cleave","Metallicize+1","Juggernaut","Havoc+1","Armaments+1","J.A.X.","Disarm+1","Metallicize+1","Limit Break+1","Warcry+1","Sword Boomerang+1","Iron Wave","Anger+1","Warcry+1"],"special_seed":0,"relics":["Burning Blood","Whetstone","Omamori","Letter Opener","Torii","Eternal Feather","Enchiridion","Orichalcum","Blood Vial","Cursed Key","Sundial","Question Card","Bottled Tornado"],"potions_floor_usage":[29,33,33,44,45,50,50,50,50,50,50],"damage_taken":[{"damage":7.0,"enemies":"Small Slimes","floor":1.0,"turns":4.0},{"damage":1.0,"enemies":"Cultist","floor":3.0,"turns":4.0},{"damage":4.0,"enemies":"Jaw Worm","floor":5.0,"turns":4.0},{"damage":9.0,"enemies":"Red Slaver","floor":7.0,"turns":3.0},{"damage":28.0,"enemies":"Gremlin Nob","floor":8.0,"turns":4.0},{"damage":13.0,"enemies":"3 Sentries","floor":12.0,"turns":4.0},{"damage":25.0,"enemies":"Lagavulin","floor":14.0,"turns":6.0},{"damage":15.0,"enemies":"Slime Boss","floor":16.0,"turns":8.0},{"damage":38.0,"enemies":"2 Thieves","floor":18.0,"turns":4.0},{"damage":30.0,"enemies":"Spheric Guardian","floor":19.0,"turns":4.0},{"damage":6,"enemies":"Cultist and Chosen","floor":24,"turns":5},{"damage":18,"enemies":"Snake Plant","floor":27,"turns":6},{"damage":25,"enemies":"Gremlin Leader","floor":29,"turns":8},{"damage":17,"enemies":"3 Cultists","floor":31,"turns":4},{"damage":9,"enemies":"Champ","floor":33,"turns":9},{"damage":7,"enemies":"3 Shapes","floor":35,"turns":4},{"damage":16,"enemies":"Flame Bruiser 1 Orb","floor":38,"turns":5},{"damage":40,"floor":41,"turns":5},{"damage":12,"enemies":"Transient","floor":44,"turns":5},{"damage":27,"enemies":"Giant Head","floor":45,"turns":6},{"damage":25,"enemies":"3 Darklings","floor":48,"turns":3},{"damage":113,"enemies":"Time Eater","floor":50,"turns":9}],"seed_played":"-5501118300016360213","potions_obtained":[{"floor":3.0,"key":"Ancient Potion"},{"floor":8.0,"key":"Fire Potion"},{"floor":11.0,"key":"SkillPotion"},{"floor":12.0,"key":"AttackPotion"},{"floor":14.0,"key":"Swift Potion"},{"floor":18.0,"key":"EntropicBrew"},{"floor":24,"key":"AttackPotion"},{"floor":31,"key":"Fruit Juice"},{"floor":33,"key":"Swift Potion"},{"floor":38,"key":"EntropicBrew"},{"floor":44,"key":"Fire Potion"},{"floor":45,"key":"Swift Potion"}],"is_trial":false,"path_per_floor":["M","?","M","$","M","R","M","E","T","R","?","E","$","E","R","B",null,"M","M","?","$","?","R","M","R","T","M","?","E","R","M","R","B",null,"M","?","?","M","$","R","?","R","T","M","E","$","R","M","R"],"character_chosen":"IRONCLAD","items_purchased":["Disarm"],"campfire_rested":3,"item_purchase_floors":[21],"current_hp_per_floor":[79,79,80,80,83,83,80,58,58,58,58,51,51,32,56,47,83,55,31,31,31,15,27,27,39,39,27,27,8,46,41,53,57,96,99,99,99,90,90,100,70,82,82,78,59,59,71,54,97,0],"gold":33,"neow_bonus":"REMOVE_CARD","is_prod":false,"is_daily":false,"chose_seed":false,"campfire_upgraded":8,"win_rate":0,"timestamp":1532524489,"path_taken":["M","?","?","$","M","R","M","E","T","R","?","E","$","E","R","BOSS","M","M","?","$","?","R","M","R","T","?","?","E","R","M","R","BOSS","M","?","?","?","$","R","?","R","T","M","E","$","R","M","R","BOSS"],"build_version":"2018-07-19v2","purchased_purges":4,"victory":false,"max_hp_per_floor":[80,80,80,80,83,83,83,83,83,83,83,83,83,83,83,83,83,87,87,87,87,87,87,87,87,87,87,87,87,87,91,91,96,96,100,100,100,100,100,100,104,104,104,104,104,104,104,104,104,104],"card_choices":[{"not_picked":["Body Slam","Shrug It Off"],"picked":"Inflame","floor":1.0},{"not_picked":["Ghostly Armor","Wild Strike"],"picked":"Anger","floor":3.0},{"not_picked":["Cleave","Burning Pact"],"picked":"Seeing Red","floor":5.0},{"not_picked":["Corruption","Entrench"],"picked":"Spot Weakness","floor":7.0},{"not_picked":["Havoc","Reckless Charge"],"picked":"Cleave","floor":8.0},{"not_picked":["Dual Wield","Wild Strike"],"picked":"Anger","floor":12.0},{"not_picked":["Thunderclap","Uppercut"],"picked":"Metallicize","floor":14.0},{"not_picked":["Feed","Fiend Fire"],"picked":"Juggernaut","floor":16.0},{"not_picked":["Twin Strike","Wild Strike"],"picked":"Havoc+1","floor":18.0},{"not_picked":["Pummel","Shrug It Off"],"picked":"Armaments+1","floor":19.0},{"not_picked":["Body Slam","Bloodletting"],"picked":"Metallicize","floor":24},{"not_picked":["Heavy Blade","Sentinel+1","Sever Soul"],"picked":"SKIP","floor":27},{"not_picked":["Corruption","Iron Wave+1"],"picked":"Limit Break","floor":29},{"not_picked":["Twin Strike","Headbutt"],"picked":"Warcry+1","floor":31},{"not_picked":["Warcry+1","Twin Strike+1"],"picked":"Sword Boomerang","floor":35},{"not_picked":["Intimidate","Flex+1"],"picked":"Iron Wave","floor":38},{"not_picked":["Combust+1","Clothesline"],"picked":"Anger+1","floor":41},{"not_picked":["Reckless Charge+1","Fire Breathing+1","Dual Wield+1","Wild Strike+1"],"picked":"SKIP","floor":44},{"not_picked":["Immolate","Flex","Seeing Red+1"],"picked":"Warcry+1","floor":45},{"not_picked":["Armaments+1","Carnage","True Grit+1","Anger"],"picked":"SKIP","floor":48}],"player_experience":179741,"relics_obtained":[{"floor":8.0,"key":"Whetstone"},{"floor":9.0,"key":"Omamori"},{"floor":12.0,"key":"Letter Opener"},{"floor":14.0,"key":"Torii"},{"floor":22.0,"key":"Enchiridion"},{"floor":26,"key":"Orichalcum"},{"floor":29,"key":"Blood Vial"},{"floor":41,"key":"Sundial"},{"floor":43,"key":"Question Card"},{"floor":45,"key":"Bottled Tornado"}],"event_choices":[{"event_name":"Match and Keep!","player_choice":"1 cards matched","floor":2.0,"damage_taken":0.0},{"event_name":"Match and Keep!","player_choice":"1 cards matched","floor":2.0,"damage_taken":0.0},{"event_name":"The Woman in Blue","player_choice":"Bought 1 Potion","floor":11.0,"damage_taken":0.0},{"event_name":"Drug Dealer","player_choice":"Got JAXXED","floor":20.0,"damage_taken":0.0},{"event_name":"Cursed Tome","player_choice":"Obtained Book","floor":22.0,"damage_taken":0.0},{"event_name":"Beggar","player_choice":"Gave Gold","floor":28,"damage_taken":0},{"event_name":"Tomb of Lord Red Mask","player_choice":"Ignored","floor":36,"damage_taken":0},{"event_name":"Falling","player_choice":"Removed Attack","floor":37,"damage_taken":0},{"event_name":"Mysterious Sphere","player_choice":"Fight","floor":41,"damage_taken":0}],"is_beta":false,"boss_relics":[{"not_picked":["Runic Cube","Tiny House"],"picked":"Eternal Feather"},{"not_picked":["Runic Pyramid","Busted Crown"],"picked":"Cursed Key"}],"items_purged_floors":[4,13,39,46],"is_endless":false,"potions_floor_spawned":[3,8,12,14,18,24,31,33,38,44,45],"killed_by":"Time Eater","ascension_level":4}