{"gold_per_floor":[13,188,201,201,57,57,91,65,65,83,112,131,131,94,94,94],"floor_reached":16,"playtime":608,"items_purged":[],"score":140,"play_id":"3feae11f-8e68-4e04-9bc5-715b78250fa2","local_time":"20180707210103","is_ascension_mode":true,"campfire_choices":[{"data":"Chaos","floor":6,"key":"SMITH"},{"floor":13,"key":"REST"},{"data":"Defragment","floor":15,"key":"SMITH"}],"neow_cost":"NO_GOLD","seed_source_timestamp":788156013788014,"circlet_count":0,"master_deck":["Strike_B","Strike_B","Defend_B","Defend_B","Defend_B","Defend_B","Zap","Dualcast","Stack","Ball Lightning","Chaos+1","Stack","Capacitor","Coolheaded","Sweeping Beam","Defragment+1","Rebound","Capacitor"],"relics":["Cracked Core","Vajra","Ancient Tea Set","Emotion Chip","Oddly Smooth Stone"],"potions_floor_usage":[7,12],"damage_taken":[{"damage":7,"enemies":"Jaw Worm","floor":1,"turns":3},{"damage":1,"enemies":"2 Louse","floor":3,"turns":2},{"damage":42,"enemies":"Gremlin Nob","floor":7,"turns":5},{"damage":0,"enemies":"Cultist","floor":10,"turns":4},{"damage":5,"enemies":"Lagavulin","floor":11,"turns":7},{"damage":4,"enemies":"Lots of Slimes","floor":12,"turns":3},{"damage":33,"enemies":"The Guardian","floor":16,"turns":9}],"seed_played":"-1935262066796313393","potions_obtained":[{"floor":1,"key":"Block Potion"},{"floor":11,"key":"SkillPotion"}],"is_trial":false,"path_per_floor":["M","?","M","?","$","R","E","$","T","M","E","M","R","$","R"],"character_chosen":"DEFECT","items_purchased":["Vajra","Coolheaded","Capacitor"],"campfire_rested":1,"item_purchase_floors":[5,8,14],"current_hp_per_floor":[61,61,60,60,60,60,18,18,18,18,13,9,31,31,31,0],"gold":94,"neow_bonus":"TRANSFORM_TWO_CARDS","is_prod":false,"is_daily":false,"chose_seed":false,"campfire_upgraded":2,"win_rate":0,"timestamp":1530990063,"path_taken":["M","?","M","?","?","R","E","$","T","?","E","M","R","?","R","BOSS"],"build_version":"2018-07-05","purchased_purges":0,"victory":false,"max_hp_per_floor":[75,75,75,75,75,75,75,75,75,75,75,75,75,75,75,75],"card_choices":[{"not_picked":["Steam","Barrage"],"picked":"Chaos","floor":1},{"not_picked":["Compile Driver","Heatsinks"],"picked":"Stack","floor":3},{"not_picked":["Rebound","Storm"],"picked":"Capacitor","floor":7},{"not_picked":["Turbo","BootSequence"],"picked":"Sweeping Beam","floor":10},{"not_picked":["Darkness","Stack"],"picked":"Defragment","floor":11},{"not_picked":["Amplify","Streamline"],"picked":"Rebound","floor":12}],"player_experience":820082,"relics_obtained":[{"floor":7,"key":"Ancient Tea Set"},{"floor":9,"key":"Emotion Chip"},{"floor":11,"key":"Oddly Smooth Stone"}],"event_choices":[{"event_name":"Liars Game","player_choice":"agreed","floor":2,"damage_taken":0},{"event_name":"Living Wall","player_choice":"Forget","floor":4,"damage_taken":0}],"boss_relics":[],"items_purged_floors":[],"is_endless":false,"potions_floor_spawned":[1,11],"killed_by":"The Guardian","ascension_level":6}