{"gold_per_floor":[109,129,129,404,404,404,0,0,53,3,31,31,31,45,45,144,144,161,181,30,43,58,58,92,92,92,92,105,105],"floor_reached":29,"playtime":2663,"items_purged":["Regret","Defend_B","Aggregate"],"score":266,"play_id":"c0c81361-02e4-47fe-bb40-f58fbd0158a0","local_time":"20190221105002","is_ascension_mode":false,"campfire_choices":[{"data":"Genetic Algorithm","floor":6,"key":"SMITH"},{"data":"Loop","floor":12,"key":"SMITH"},{"data":"Gash","floor":15,"key":"SMITH"},{"floor":23,"key":"REST"},{"floor":25,"key":"REST"},{"floor":27,"key":"REST"}],"neow_cost":"NONE","seed_source_timestamp":75071436727600,"circlet_count":0,"master_deck":["Strike_B","Strike_B","Strike_B","Defend_B","Defend_B","Defend_B+1","Zap","Dualcast","Gash+1","Genetic Algorithm+1","PanicButton+1","Gash","FTL","Loop+1","All For One","Metamorphosis","Scrape","Turbo","FTL","Gash"],"relics":["Cracked Core","NeowsBlessing","Juzu Bracelet","Membership Card","Omamori","War Paint","Vajra","Pantograph","Runic Pyramid","Calipers","Letter Opener"],"potions_floor_usage":[16],"damage_taken":[{"damage":0,"enemies":"Jaw Worm","floor":1,"turns":1},{"damage":0,"enemies":"Cultist","floor":2,"turns":1},{"damage":0,"enemies":"Lagavulin","floor":11,"turns":1},{"damage":0,"enemies":"Small Slimes","floor":14,"turns":2},{"damage":49,"enemies":"Hexaghost","floor":16,"turns":9},{"damage":10,"enemies":"Chosen","floor":18,"turns":4},{"damage":29,"enemies":"2 Thieves","floor":19,"turns":4},{"damage":7,"enemies":"Snake Plant","floor":21,"turns":4},{"damage":15,"enemies":"Chosen and Byrds","floor":22,"turns":4},{"damage":31,"enemies":"Slavers","floor":24,"turns":5},{"damage":7,"enemies":"Centurion and Healer","floor":28,"turns":4},{"damage":45,"enemies":"Gremlin Leader","floor":29,"turns":4}],"seed_played":"7177981041397663041","potions_obtained":[{"floor":1,"key":"Energy Potion"},{"floor":14,"key":"Strength Potion"},{"floor":18,"key":"Ancient Potion"},{"floor":21,"key":"AttackPotion"},{"floor":28,"key":"Dexterity Potion"}],"is_trial":false,"path_per_floor":["M","M","?","?","?","R","$","?","T","$","E","R","T","M","R","B",null,"M","M","$","M","M","R","E","R","T","R","M","E"],"character_chosen":"DEFECT","items_purchased":["Membership Card","Gash","Omamori","FTL","Metamorphosis"],"campfire_rested":3,"item_purchase_floors":[7,7,7,7,20],"current_hp_per_floor":[75,75,75,75,75,75,75,75,75,75,75,75,75,75,75,26,75,65,36,36,29,14,36,5,27,27,49,42,0],"gold":105,"neow_bonus":"THREE_ENEMY_KILL","is_prod":false,"is_daily":false,"chose_seed":false,"campfire_upgraded":3,"win_rate":0.0,"timestamp":1550742602,"path_taken":["M","M","?","?","?","R","?","?","T","$","E","R","?","M","R","BOSS","M","M","$","M","M","R","E","R","T","R","M","E"],"build_version":"2019-01-23","purchased_purges":3,"victory":false,"max_hp_per_floor":[75,75,75,75,75,75,75,75,75,75,75,75,75,75,75,75,75,75,75,75,75,75,75,75,75,75,75,75,75],"card_choices":[{"not_picked":["Blizzard","Ball Lightning"],"picked":"Gash","floor":1},{"not_picked":["Barrage","Streamline"],"picked":"Genetic Algorithm","floor":2},{"not_picked":["Coolheaded","Fission"],"picked":"Loop","floor":11},{"not_picked":["Stack","Compile Driver","Redo"],"picked":"SKIP","floor":14},{"not_picked":["Amplify","Reboot"],"picked":"All For One","floor":16},{"not_picked":["Stack","Coolheaded","Sweeping Beam"],"picked":"SKIP","floor":18},{"not_picked":["Compile Driver","Static Discharge","Hologram"],"picked":"SKIP","floor":19},{"not_picked":["Reinforced Body","Darkness"],"picked":"Scrape","floor":21},{"not_picked":["Undo","Static Discharge"],"picked":"Turbo","floor":22},{"not_picked":["Stack","Melter+1"],"picked":"FTL","floor":24},{"not_picked":["Streamline+1","Turbo"],"picked":"Gash","floor":28}],"player_experience":28159,"relics_obtained":[{"floor":9,"key":"War Paint"},{"floor":11,"key":"Vajra"},{"floor":13,"key":"Pantograph"},{"floor":24,"key":"Calipers"},{"floor":26,"key":"Letter Opener"}],"event_choices":[{"damage_healed":0,"gold_gain":0,"player_choice":"Gave Potion","damage_taken":0,"relics_obtained":["Juzu Bracelet"],"max_hp_gain":0,"max_hp_loss":0,"event_name":"WeMeetAgain","floor":3,"gold_loss":0},{"damage_healed":0,"gold_gain":275,"player_choice":"Desecrate","damage_taken":0,"max_hp_gain":0,"max_hp_loss":0,"event_name":"Golden Shrine","floor":4,"gold_loss":0,"cards_obtained":["Regret"]},{"damage_healed":0,"gold_gain":0,"player_choice":"1 cards matched","damage_taken":0,"max_hp_gain":0,"max_hp_loss":0,"event_name":"Match and Keep!","floor":5,"gold_loss":0,"cards_obtained":["PanicButton"]},{"damage_healed":0,"gold_gain":0,"cards_transformed":["Strike_B"],"player_choice":"Change","damage_taken":0,"max_hp_gain":0,"max_hp_loss":0,"event_name":"Living Wall","floor":8,"gold_loss":0,"cards_obtained":["Aggregate"]}],"is_beta":false,"boss_relics":[{"not_picked":["Fusion Hammer","Empty Cage"],"picked":"Runic Pyramid"}],"items_purged_floors":[7,10,20],"is_endless":false,"potions_floor_spawned":[1,14,18,21,28],"killed_by":"Gremlin Leader","ascension_level":0}