{"gold_per_floor":[119,119,134,134,155,155,195,195],"floor_reached":8,"playtime":207,"items_purged":[],"score":87,"play_id":"e4b8dfc0-7b41-40a6-9fda-190459810691","local_time":"20181213205807","is_ascension_mode":true,"campfire_choices":[{"data":"Poisoned Stab","floor":6,"key":"SMITH"}],"neow_cost":"NONE","seed_source_timestamp":0,"circlet_count":0,"master_deck":["AscendersBane","Defend_G","Defend_G","Defend_G","Defend_G","Defend_G","Strike_G","Strike_G","Strike_G","Strike_G","Survivor","Neutralize","Deadly Poison","Poisoned Stab+1","Poisoned Stab","Prepared"],"special_seed":0,"relics":["Sozu","Golden Idol","Oddly Smooth Stone"],"potions_floor_usage":[],"damage_taken":[{"damage":0.0,"enemies":"Jaw Worm","floor":1.0,"turns":6.0},{"damage":2,"enemies":"2 Louse","floor":3,"turns":4},{"damage":1,"enemies":"Cultist","floor":5,"turns":4},{"damage":29,"enemies":"Gremlin Nob","floor":7,"turns":5},{"damage":0,"enemies":"3 Louse","floor":8,"turns":1}],"seed_played":"-8131032910668499182","potions_obtained":[],"is_trial":false,"path_per_floor":["M","?","M","?","M","R","E","M"],"character_chosen":"THE_SILENT","items_purchased":[],"campfire_rested":0,"item_purchase_floors":[],"current_hp_per_floor":[63,63,61,61,60,60,31,31],"gold":195,"neow_bonus":"BOSS_RELIC","is_prod":false,"is_daily":false,"chose_seed":false,"campfire_upgraded":1,"win_rate":0,"timestamp":1544731087,"path_taken":["M","?","M","?","M","R","E","?"],"build_version":"2018-12-06","purchased_purges":0,"victory":false,"max_hp_per_floor":[70,65,65,65,65,65,65,65],"card_choices":[{"not_picked":["Catalyst","Blur"],"picked":"Deadly Poison","floor":1.0},{"not_picked":["Backflip","Bouncing Flask"],"picked":"Poisoned Stab","floor":3},{"not_picked":["Calculated Gamble","Cloak And Dagger"],"picked":"Poisoned Stab","floor":5},{"not_picked":["Acrobatics","Heel Hook"],"picked":"Prepared","floor":7}],"player_experience":1891193,"relics_obtained":[{"floor":7,"key":"Oddly Smooth Stone"}],"event_choices":[{"damage_healed":0.0,"max_hp_gain":0.0,"max_hp_loss":5.0,"gold_gain":0.0,"event_name":"Golden Idol","player_choice":"Lose Max HP","floor":2.0,"gold_loss":0.0,"damage_taken":0.0,"relics_obtained":["Golden Idol"]},{"cards_removed":["Strike_G"],"damage_healed":0,"gold_gain":0,"player_choice":"Offered Basic","damage_taken":0,"max_hp_gain":0,"max_hp_loss":0,"event_name":"Bonfire Elementals","floor":4,"gold_loss":0}],"is_beta":false,"boss_relics":[],"items_purged_floors":[],"is_endless":false,"potions_floor_spawned":[1,3,5],"killed_by":"3 Louse","ascension_level":11}