{"gold_per_floor":[114,114,114,134,151,186,186,215,215,241,241,241,259,274,274,348,348,361,371,381,381,381,412,412,430,455,455,485,485,485,511,511,588,588,604,604,69,69,79,111,73,108,158,158,175,175],"floor_reached":46,"playtime":1910,"items_purged":[],"score":984,"play_id":"7a83922f-9697-4e9a-807d-f2714f6821cc","local_time":"20190211104850","is_ascension_mode":true,"campfire_choices":[{"data":"Flame Barrier","floor":7.0,"key":"SMITH"},{"data":"Whirlwind","floor":12,"key":"SMITH"},{"data":"Uppercut","floor":15,"key":"SMITH"},{"data":"True Grit","floor":24,"key":"SMITH"},{"data":"Reaper","floor":27,"key":"SMITH"},{"floor":32,"key":"DIG"}],"neow_cost":"NONE","seed_source_timestamp":293255816284989,"circlet_count":0,"master_deck":["AscendersBane","Strike_R+1","Strike_R+1","Strike_R+1","Strike_R+1","Defend_R+1","Defend_R+1","Defend_R+1","Bash+1","Infernal Blade+1","Uppercut+1","Flame Barrier+1","Battle Trance+1","Whirlwind+1","Reaper+1","Dropkick","True Grit+1","Dual Wield","Burning Pact","Disarm","Exhume","Reaper+1","Power Through+1","Corruption+1","Entrench+1","Flash of Steel","Madness","Madness","Offering"],"special_seed":0,"relics":["Burning Blood","NeowsBlessing","Matryoshka","Centennial Puzzle","Boot","Pantograph","Mercury Hourglass","Velvet Choker","Sundial","War Paint","Omamori","Shuriken","Shovel","Bronze Scales","Astrolabe","Mummified Hand","Lee\u0027s Waffle","MawBank","Anchor","Pen Nib"],"potions_floor_usage":[10,18,20,20,31,33,33,40,42,45,45],"damage_taken":[{"damage":0.0,"enemies":"2 Louse","floor":1.0,"turns":1.0},{"damage":0.0,"enemies":"Cultist","floor":4.0,"turns":1.0},{"damage":0.0,"enemies":"Jaw Worm","floor":5.0,"turns":1.0},{"damage":16.0,"enemies":"Gremlin Nob","floor":6.0,"turns":4.0},{"damage":40,"enemies":"3 Sentries","floor":8,"turns":10},{"damage":23,"enemies":"Lagavulin","floor":10,"turns":10},{"damage":3,"enemies":"Blue Slaver","floor":13,"turns":2},{"damage":0,"enemies":"Large Slime","floor":14,"turns":3},{"damage":24,"enemies":"The Guardian","floor":16,"turns":12},{"damage":4,"enemies":"Shell Parasite","floor":18,"turns":4},{"damage":12,"enemies":"Chosen","floor":19,"turns":3},{"damage":0,"enemies":"Centurion and Healer","floor":20,"turns":4},{"damage":14,"enemies":"Book of Stabbing","floor":23,"turns":5},{"damage":24,"enemies":"Snake Plant","floor":25,"turns":4},{"damage":11,"enemies":"Gremlin Leader","floor":28,"turns":4},{"damage":0,"enemies":"Book of Stabbing","floor":31,"turns":5},{"damage":69,"enemies":"Automaton","floor":33,"turns":9},{"damage":22,"enemies":"3 Shapes","floor":35,"turns":4},{"damage":3,"enemies":"3 Darklings","floor":39,"turns":4},{"damage":61,"enemies":"Nemesis","floor":40,"turns":9},{"damage":28,"enemies":"Reptomancer","floor":42,"turns":5},{"damage":14,"enemies":"Jaw Worm Horde","floor":45,"turns":4},{"damage":31,"enemies":"2 Orb Walkers","floor":46,"turns":4}],"seed_played":"-86840358246559003","potions_obtained":[{"floor":1.0,"key":"LiquidBronze"},{"floor":4.0,"key":"EssenceOfSteel"},{"floor":13,"key":"Energy Potion"},{"floor":14,"key":"Block Potion"},{"floor":18,"key":"Block Potion"},{"floor":23,"key":"Ancient Potion"},{"floor":25,"key":"GamblersBrew"},{"floor":31,"key":"FearPotion"},{"floor":33,"key":"GamblersBrew"},{"floor":39,"key":"Energy Potion"},{"floor":42,"key":"SteroidPotion"}],"is_trial":false,"path_per_floor":["M","?","?","M","M","E","R","E","T","E","?","R","M","M","R","B",null,"M","M","M","?","?","E","R","M","T","R","E","?","?","E","R","B",null,"M","?","$","?","M","E","$","E","T","?","M","?"],"character_chosen":"IRONCLAD","items_purchased":["Mummified Hand","Flash of Steel","Lee\u0027s Waffle","SteroidPotion"],"campfire_rested":0,"item_purchase_floors":[37,37,37,41],"current_hp_per_floor":[74,74,74,75,75,65,65,31,31,14,39,39,42,48,48,55,70,72,66,75,75,75,67,67,49,49,49,61,61,54,69,69,12,59,51,51,82,72,82,27,27,15,15,15,22,1],"gold":175,"neow_bonus":"THREE_ENEMY_KILL","is_prod":false,"is_daily":false,"chose_seed":false,"campfire_upgraded":5,"win_rate":0,"timestamp":1549878530,"path_taken":["M","?","?","M","?","E","R","E","T","E","?","R","M","M","R","BOSS","M","M","M","?","?","E","R","M","T","R","E","?","?","E","R","BOSS","M","?","$","?","M","E","?","E","T","?","M","?"],"build_version":"2019-01-23","purchased_purges":0,"victory":false,"max_hp_per_floor":[75,75,75,75,75,75,75,75,75,75,75,75,75,75,75,75,75,75,75,75,75,75,75,75,75,75,75,75,75,75,75,75,75,75,75,75,82,82,82,82,82,82,82,82,82,82],"card_choices":[{"not_picked":["Fire Breathing","Perfected Strike"],"picked":"Infernal Blade","floor":1.0},{"not_picked":["True Grit","Havoc"],"picked":"Uppercut","floor":4.0},{"not_picked":["Shockwave","Evolve"],"picked":"Flame Barrier","floor":5.0},{"not_picked":["True Grit","Second Wind"],"picked":"Battle Trance","floor":6.0},{"not_picked":["Sentinel","Perfected Strike"],"picked":"Battle Trance","floor":8},{"not_picked":["Offering","Cleave"],"picked":"Whirlwind","floor":10},{"not_picked":["Feel No Pain","Fire Breathing"],"picked":"Battle Trance","floor":13},{"not_picked":["Perfected Strike","Rage","Wild Strike"],"picked":"SKIP","floor":14},{"not_picked":["Limit Break","Berserk"],"picked":"Reaper","floor":16},{"not_picked":["Armaments","Warcry","Rage+1"],"picked":"SKIP","floor":18},{"not_picked":["Combust","Intimidate+1"],"picked":"Dropkick","floor":19},{"not_picked":["Heavy Blade+1","Havoc"],"picked":"True Grit","floor":20},{"not_picked":["Flex","Intimidate"],"picked":"Dual Wield","floor":23},{"not_picked":["Warcry","Clash"],"picked":"Burning Pact","floor":25},{"not_picked":["Thunderclap","Reckless Charge","Armaments+1"],"picked":"SKIP","floor":28},{"not_picked":["Blood for Blood","Warcry","Sentinel"],"picked":"SKIP","floor":31},{"not_picked":["Dark Embrace","Juggernaut"],"picked":"Exhume","floor":33},{"not_picked":["Warcry","Battle Trance+1"],"picked":"Entrench+1","floor":35},{"not_picked":["Second Wind","Body Slam+1","Clash"],"picked":"SKIP","floor":39},{"not_picked":["Cleave+1","Rupture","Bloodletting+1"],"picked":"SKIP","floor":40},{"not_picked":["Flex","Clash"],"picked":"Offering","floor":42},{"not_picked":["Perfected Strike","Flex+1","Havoc"],"picked":"SKIP","floor":45}],"player_experience":2280054,"relics_obtained":[{"floor":6.0,"key":"Matryoshka"},{"floor":8,"key":"Centennial Puzzle"},{"floor":9,"key":"Boot"},{"floor":9,"key":"Pantograph"},{"floor":10,"key":"Mercury Hourglass"},{"floor":23,"key":"Sundial"},{"floor":26,"key":"War Paint"},{"floor":26,"key":"Omamori"},{"floor":28,"key":"Shuriken"},{"floor":31,"key":"Shovel"},{"floor":32,"key":"Bronze Scales"},{"floor":40,"key":"MawBank"},{"floor":42,"key":"Anchor"},{"floor":43,"key":"Pen Nib"}],"event_choices":[{"damage_healed":0.0,"max_hp_gain":0.0,"max_hp_loss":0.0,"gold_gain":0.0,"event_name":"Living Wall","player_choice":"Grow","floor":2.0,"gold_loss":0.0,"damage_taken":0.0,"cards_upgraded":["Bash"]},{"damage_healed":0.0,"max_hp_gain":0.0,"max_hp_loss":0.0,"gold_gain":0.0,"event_name":"Accursed Blacksmith","player_choice":"Forge","floor":3.0,"gold_loss":0.0,"damage_taken":0.0,"cards_upgraded":["Infernal Blade"]},{"damage_healed":25,"gold_gain":0,"player_choice":"Banana","damage_taken":0,"max_hp_gain":0,"max_hp_loss":0,"event_name":"Big Fish","floor":11,"gold_loss":0},{"damage_healed":0,"gold_gain":0,"player_choice":"Ignored","damage_taken":0,"max_hp_gain":0,"max_hp_loss":0,"event_name":"Beggar","floor":21,"gold_loss":0},{"damage_healed":0,"gold_gain":0,"player_choice":"Simplicity","damage_taken":0,"max_hp_gain":0,"max_hp_loss":0,"event_name":"Back to Basics","floor":22,"gold_loss":0,"cards_upgraded":["Strike_R","Strike_R","Strike_R","Strike_R","Strike_R","Defend_R","Defend_R","Defend_R","Defend_R"]},{"damage_healed":0,"gold_gain":0,"player_choice":"Read","damage_taken":0,"max_hp_gain":0,"max_hp_loss":0,"event_name":"The Library","floor":29,"gold_loss":0,"cards_obtained":["Disarm"]},{"damage_healed":0,"gold_gain":0,"player_choice":"","damage_taken":7,"max_hp_gain":0,"max_hp_loss":0,"event_name":"Knowing Skull","floor":30,"potions_obtained":[],"gold_loss":0,"cards_obtained":[]},{"damage_healed":0,"gold_gain":0,"player_choice":"Ignored","damage_taken":0,"max_hp_gain":0,"max_hp_loss":0,"event_name":"Tomb of Lord Red Mask","floor":36,"gold_loss":0},{"damage_healed":0,"gold_gain":0,"player_choice":"Embrace Madness","damage_taken":10,"max_hp_gain":0,"max_hp_loss":0,"event_name":"Winding Halls","floor":38,"gold_loss":0,"cards_obtained":["Madness","Madness"]},{"cards_removed":["Battle Trance"],"damage_healed":0,"gold_gain":0,"player_choice":"Removed Skill","damage_taken":0,"max_hp_gain":0,"max_hp_loss":0,"event_name":"Falling","floor":44,"gold_loss":0},{"damage_healed":0,"gold_gain":0,"player_choice":"Fight","damage_taken":0,"max_hp_gain":0,"max_hp_loss":0,"event_name":"Mysterious Sphere","floor":46,"gold_loss":0}],"is_beta":false,"boss_relics":[{"not_picked":["White Beast Statue","Calling Bell"],"picked":"Velvet Choker"},{"not_picked":["Runic Dome","Lizard Tail"],"picked":"Astrolabe"}],"items_purged_floors":[],"is_endless":false,"potions_floor_spawned":[1,4,13,14,18,23,25,31,33,39,42],"killed_by":"2 Orb Walkers","ascension_level":14}