{"gold_per_floor":[115,115,129,129,145,145,170,170,170,170,183,183,212,223,223,223],"floor_reached":16,"playtime":600,"items_purged":[],"score":160,"play_id":"f2fe2f89-58ca-4a56-ad54-0b3da5bc3b60","local_time":"20180912144111","is_ascension_mode":true,"campfire_choices":[{"data":"Dagger Spray","floor":6,"key":"SMITH"},{"data":"Flying Knee","floor":8,"key":"SMITH"},{"data":"Neutralize","floor":10,"key":"SMITH"},{"data":"Venomology","floor":12,"key":"SMITH"},{"floor":15,"key":"REST"}],"neow_cost":"NONE","seed_source_timestamp":998166243064633,"circlet_count":0,"master_deck":["Defend_G","Defend_G","Defend_G","Defend_G","Defend_G","Strike_G","Strike_G","Strike_G","Strike_G","Strike_G","Survivor","Neutralize+1","Acrobatics","Dagger Spray+1","Flying Knee+1","Venomology+1","Flying Knee","Tactician"],"relics":["Ring of the Snake","NeowsBlessing","PreservedInsect","Question Card","Paper Crane"],"potions_floor_usage":[7,13,16,16,16,16],"damage_taken":[{"damage":0,"enemies":"Small Slimes","floor":1,"turns":1},{"damage":0,"enemies":"2 Louse","floor":3,"turns":1},{"damage":0,"enemies":"Jaw Worm","floor":5,"turns":1},{"damage":9,"enemies":"3 Sentries","floor":7,"turns":5},{"damage":0,"enemies":"Large Slime","floor":11,"turns":5},{"damage":19,"enemies":"Gremlin Nob","floor":13,"turns":4},{"damage":2,"enemies":"Blue Slaver","floor":14,"turns":4},{"damage":56,"enemies":"Slime Boss","floor":16,"turns":11}],"seed_played":"-309779849713349512","potions_obtained":[{"floor":5,"key":"Explosive Potion"},{"floor":11,"key":"LiquidBronze"},{"floor":13,"key":"SpeedPotion"}],"is_trial":false,"path_per_floor":["M","?","M","?","M","R","E","R","T","R","M","R","E","M","R"],"character_chosen":"THE_SILENT","items_purchased":[],"campfire_rested":1,"item_purchase_floors":[],"current_hp_per_floor":[63,68,68,61,61,61,52,52,52,52,52,52,33,31,53,0],"gold":223,"neow_bonus":"THREE_ENEMY_KILL","is_prod":false,"is_daily":false,"chose_seed":false,"campfire_upgraded":4,"win_rate":0,"timestamp":1536756071,"path_taken":["M","?","M","?","M","R","E","R","T","R","M","R","E","M","R","BOSS"],"build_version":"2018-09-06","purchased_purges":0,"victory":false,"max_hp_per_floor":[70,75,75,75,75,75,75,75,75,75,75,75,75,75,75,75],"card_choices":[{"not_picked":["Underhanded Strike","Skewer"],"picked":"Poisoned Stab","floor":1},{"not_picked":["Endless Agony","Accuracy"],"picked":"Acrobatics","floor":3},{"not_picked":["Bane","Flying Knee"],"picked":"Dagger Spray","floor":5},{"not_picked":["Deflect","Bane"],"picked":"Flying Knee","floor":7},{"not_picked":["Reflex","All Out Attack","Distraction"],"picked":"Venomology","floor":11},{"not_picked":["Prepared","Predator","Cloak And Dagger"],"picked":"Flying Knee","floor":13},{"not_picked":["Flying Knee","Blur","Heel Hook"],"picked":"Tactician","floor":14}],"player_experience":988346,"relics_obtained":[{"floor":7,"key":"PreservedInsect"},{"floor":9,"key":"Question Card"},{"floor":13,"key":"Paper Crane"}],"event_choices":[{"event_name":"Big Fish","player_choice":"Donut","floor":2,"damage_taken":0},{"event_name":"Golden Wing","player_choice":"Card Removal","floor":4,"damage_taken":0}],"is_beta":false,"boss_relics":[],"items_purged_floors":[],"is_endless":false,"potions_floor_spawned":[5,11,13],"killed_by":"Slime Boss","ascension_level":9}