{"gold_per_floor":[114,114,124,138,156,190,202,202,228,256,275,304,323,498,498,594,594,609,708,725,742,761,761],"floor_reached":23,"playtime":1019,"items_purged":[],"score":282,"play_id":"e45a387b-9e24-4054-b3b6-57371b9d8c2d","local_time":"20180709130029","is_ascension_mode":true,"campfire_choices":[{"floor":8.0,"key":"REST"},{"floor":15.0,"key":"REST"}],"neow_cost":"NONE","seed_source_timestamp":0,"circlet_count":0,"master_deck":["Strike_B","Strike_B","Strike_B","Strike_B","Defend_B","Defend_B","Defend_B","Defend_B","Zap","Dualcast","Conserve Battery","Doom and Gloom","BootSequence","Ball Lightning","Consume","Cold Snap","Loop","Cold Snap","Steam+1","Fusion+1","Rainbow+1","Beam Cell+1","Sweeping Beam+1","Go for the Eyes+1"],"special_seed":0,"relics":["Fusion Hammer","Bag of Preparation","Omamori","Orichalcum","Boot","Toxic Egg 2","Busted Crown"],"potions_floor_usage":[20,22,23],"damage_taken":[{"damage":0.0,"enemies":"Small Slimes","floor":1.0,"turns":3.0},{"damage":1.0,"enemies":"2 Louse","floor":3.0,"turns":3.0},{"damage":0.0,"enemies":"Cultist","floor":4.0,"turns":3.0},{"damage":0.0,"enemies":"Gremlin Gang","floor":5.0,"turns":3.0},{"damage":4.0,"enemies":"3 Sentries","floor":6.0,"turns":3.0},{"damage":5.0,"enemies":"2 Fungi Beasts","floor":7.0,"turns":3.0},{"damage":7.0,"enemies":"Lagavulin","floor":10.0,"turns":6.0},{"damage":0.0,"enemies":"3 Louse","floor":11.0,"turns":2.0},{"damage":11.0,"enemies":"3 Sentries","floor":12.0,"turns":5.0},{"damage":0.0,"enemies":"Large Slime","floor":13.0,"turns":5.0},{"damage":28.0,"enemies":"Slime Boss","floor":16.0,"turns":8.0},{"damage":7,"enemies":"Shell Parasite","floor":18,"turns":5},{"damage":16,"enemies":"2 Thieves","floor":20,"turns":4},{"damage":31,"enemies":"Cultist and Chosen","floor":21,"turns":7},{"damage":6,"enemies":"Snake Plant","floor":22,"turns":4},{"damage":14,"enemies":"Slavers","floor":23,"turns":1}],"seed_played":"9074127270818676818","potions_obtained":[{"floor":1.0,"key":"AttackPotion"},{"floor":4.0,"key":"Swift Potion"},{"floor":5.0,"key":"Strength Potion"},{"floor":12.0,"key":"LiquidBronze"},{"floor":13.0,"key":"SteroidPotion"},{"floor":21,"key":"Weak Potion"}],"is_trial":false,"path_per_floor":["M","?","M","M","M","E","M","R","T","E","M","E","M","?","R","B",null,"M","?","M","M","M"],"character_chosen":"DEFECT","items_purchased":[],"campfire_rested":2,"item_purchase_floors":[],"current_hp_per_floor":[68,65,64,64,64,60,55,75,75,68,68,57,57,57,75,47,68,61,61,45,14,8,0],"gold":761,"neow_bonus":"BOSS_RELIC","is_prod":false,"is_daily":false,"chose_seed":false,"campfire_upgraded":0,"win_rate":0,"timestamp":1531134029,"path_taken":["M","?","M","M","?","E","M","R","T","E","M","E","?","?","R","BOSS","M","?","?","M","M","E"],"build_version":"2018-07-05","purchased_purges":0,"victory":false,"max_hp_per_floor":[75,75,75,75,75,75,75,75,75,75,75,75,75,75,75,75,75,75,75,75,75,75,75],"card_choices":[{"not_picked":["Static Discharge","Capacitor"],"picked":"Conserve Battery","floor":1.0},{"not_picked":["White Noise","Coolheaded"],"picked":"Doom and Gloom","floor":3.0},{"not_picked":["Turbo","Leap"],"picked":"BootSequence","floor":4.0},{"not_picked":["Stack","Double Energy"],"picked":"Ball Lightning","floor":5.0},{"not_picked":["Turbo","Coolheaded"],"picked":"Consume","floor":6.0},{"not_picked":["Hologram","Barrage"],"picked":"Cold Snap","floor":7.0},{"not_picked":["Static Discharge","FTL"],"picked":"Loop","floor":10.0},{"not_picked":["Streamline","Hello World"],"picked":"Cold Snap","floor":11.0},{"not_picked":["Go for the Eyes","Heatsinks"],"picked":"Steam","floor":12.0},{"not_picked":["Barrage","Hyperbeam"],"picked":"Fusion+1","floor":13.0},{"not_picked":["Reboot+1","Core Surge"],"picked":"Rainbow+1","floor":16.0},{"not_picked":[],"picked":"Beam Cell+1","floor":18},{"not_picked":[],"picked":"Sweeping Beam+1","floor":20},{"not_picked":[],"picked":"Go for the Eyes+1","floor":21},{"not_picked":["Barrage"],"picked":"SKIP","floor":22}],"player_experience":822439,"relics_obtained":[{"floor":6.0,"key":"Omamori"},{"floor":9.0,"key":"Orichalcum"},{"floor":10.0,"key":"Boot"},{"floor":12.0,"key":"Toxic Egg 2"}],"event_choices":[{"event_name":"Scrap Ooze","player_choice":"success","floor":2.0,"damage_taken":3.0},{"event_name":"Liars Game","player_choice":"agreed","floor":14.0,"damage_taken":0.0},{"event_name":"Nest","player_choice":"Stole From Cult","floor":19,"damage_taken":0}],"boss_relics":[{"not_picked":["Empty Cage","Astrolabe"],"picked":"Busted Crown"}],"items_purged_floors":[],"is_endless":false,"potions_floor_spawned":[1,4,5,12,13,21],"killed_by":"Slavers","ascension_level":6}