{"gold_per_floor":[111,127,127,127,139,139,168,184,484,496,549,549,562,415,415,514,514,531,456,416,515,528,148,174,174,174,206,206,216,233,268,268,268],"floor_reached":33,"playtime":1769,"items_purged":[],"score":479,"play_id":"4b159a97-3eac-4635-bf4a-783b65d04247","local_time":"20180830095253","is_ascension_mode":true,"campfire_choices":[{"floor":6.0,"key":"REST"},{"data":"A Thousand Cuts","floor":15,"key":"SMITH"},{"floor":25,"key":"REST"},{"floor":28,"key":"REST"},{"data":"Crippling Poison","floor":32,"key":"SMITH"}],"neow_cost":"","seed_source_timestamp":0,"circlet_count":0,"master_deck":["Defend_G","Defend_G","Defend_G","Defend_G","Defend_G","Strike_G","Strike_G","Strike_G","Strike_G","Survivor+1","Neutralize","Poisoned Stab+1","Poisoned Stab","A Thousand Cuts+1","Backstab","Tactician","Prepared","Setup","Well Laid Plans","PiercingWail","Malaise","Underhanded Strike","Crippling Poison+1","Deflect","Backflip","Leg Sweep+1","Dodge and Roll+1"],"special_seed":0,"relics":["Ring of the Snake","Ginger","Old Coin","CultistMask","Lantern","Busted Crown","TwistedFunnel","Bag of Preparation","Singing Bowl","Strawberry","Snake Skull","Pen Nib"],"potions_floor_usage":[22,24,24,33,33,33],"damage_taken":[{"damage":1.0,"enemies":"Cultist","floor":1.0,"turns":5.0},{"damage":11.0,"enemies":"Small Slimes","floor":2.0,"turns":4.0},{"damage":0.0,"enemies":"Jaw Worm","floor":5.0,"turns":3.0},{"damage":0.0,"enemies":"3 Sentries","floor":7.0,"turns":7.0},{"damage":4.0,"enemies":"Exordium Wildlife","floor":8.0,"turns":4.0},{"damage":5.0,"enemies":"Gremlin Gang","floor":10.0,"turns":6.0},{"damage":0.0,"enemies":"2 Fungi Beasts","floor":13.0,"turns":3.0},{"damage":7,"enemies":"The Guardian","floor":16,"turns":14},{"damage":28,"enemies":"Shell Parasite","floor":18,"turns":5},{"damage":2,"enemies":"3 Byrds","floor":22,"turns":3},{"damage":11,"enemies":"Book of Stabbing","floor":24,"turns":5},{"damage":15,"enemies":"Slavers","floor":27,"turns":4},{"damage":4,"enemies":"Shelled Parasite and Fungi","floor":29,"turns":4},{"damage":0,"enemies":"Centurion and Healer","floor":30,"turns":6},{"damage":8,"enemies":"Book of Stabbing","floor":31,"turns":6},{"damage":55,"enemies":"Automaton","floor":33,"turns":10}],"seed_played":"-3709459652082063163","potions_obtained":[{"floor":1.0,"key":"GamblersBrew"},{"floor":2.0,"key":"SteroidPotion"},{"floor":5.0,"key":"Energy Potion"},{"floor":13.0,"key":"Block Potion"},{"floor":18,"key":"AttackPotion"},{"floor":24,"key":"Weak Potion"},{"floor":27,"key":"SpeedPotion"},{"floor":31,"key":"SteroidPotion"}],"is_trial":false,"path_per_floor":["M","M","?","?","M","R","E","M","T","M","?","?","M","$","R","B",null,"M","?","$","?","M","$","E","R","T","E","R","M","M","E","R"],"character_chosen":"THE_SILENT","items_purchased":["Lantern","Crippling Poison","TwistedFunnel","Backflip","Bag of Preparation"],"campfire_rested":3,"item_purchase_floors":[14,20,23,23,23],"current_hp_per_floor":[62,51,37,37,37,58,58,54,54,49,49,49,49,49,49,42,63,35,35,35,35,33,33,24,45,52,39,63,59,61,53,53,0],"gold":268,"neow_bonus":"","is_prod":false,"is_daily":false,"chose_seed":false,"campfire_upgraded":2,"win_rate":0,"timestamp":1535615573,"path_taken":["M","?","?","?","M","R","E","?","T","M","?","?","M","$","R","BOSS","M","?","$","?","M","?","E","R","T","E","R","?","M","E","R","BOSS"],"build_version":"2018-08-23v2","purchased_purges":0,"victory":false,"max_hp_per_floor":[70,70,70,70,70,70,70,70,70,70,70,70,70,70,70,70,70,70,70,70,70,70,70,72,72,79,81,81,81,83,83,83,83],"card_choices":[{"not_picked":["Caltrops","Quick Slash"],"picked":"Poisoned Stab","floor":1.0},{"not_picked":["Dodge and Roll","Setup"],"picked":"Poisoned Stab","floor":2.0},{"not_picked":["Poisoned Stab","Skewer"],"picked":"Tactician","floor":5.0},{"not_picked":["Heel Hook","Sucker Punch"],"picked":"Prepared","floor":7.0},{"not_picked":["Choke","Escape Plan"],"picked":"Setup","floor":8.0},{"not_picked":["Eviscerate","Choke"],"picked":"Well Laid Plans","floor":10.0},{"not_picked":["Slice","Setup"],"picked":"PiercingWail","floor":13.0},{"not_picked":["Phantasmal Killer","Wraith Form v2"],"picked":"Malaise","floor":16},{"not_picked":[],"picked":"Underhanded Strike","floor":18},{"not_picked":[],"picked":"Deflect","floor":22},{"not_picked":["Flying Knee"],"picked":"Singing Bowl","floor":24},{"not_picked":["Well Laid Plans"],"picked":"Singing Bowl","floor":27},{"not_picked":[],"picked":"Leg Sweep+1","floor":29},{"not_picked":["Dagger Spray"],"picked":"Singing Bowl","floor":30},{"not_picked":[],"picked":"Dodge and Roll+1","floor":31}],"player_experience":934754,"relics_obtained":[{"floor":7.0,"key":"Ginger"},{"floor":9.0,"key":"Old Coin"},{"floor":24,"key":"Singing Bowl"},{"floor":26,"key":"Strawberry"},{"floor":27,"key":"Snake Skull"},{"floor":31,"key":"Pen Nib"}],"event_choices":[{"event_name":"Shining Light","player_choice":"Entered Light","floor":3.0,"damage_taken":0.0},{"event_name":"Match and Keep!","player_choice":"2 cards matched","floor":4.0,"damage_taken":0.0},{"event_name":"Golden Wing","player_choice":"Gained Gold","floor":11.0,"damage_taken":0.0},{"event_name":"FaceTrader","player_choice":"Trade","floor":12.0,"damage_taken":0.0},{"event_name":"Beggar","player_choice":"Gave Gold","floor":19,"damage_taken":0},{"event_name":"Nest","player_choice":"Stole From Cult","floor":21,"damage_taken":0}],"is_beta":false,"boss_relics":[{"not_picked":["Snecko Eye","Fusion Hammer"],"picked":"Busted Crown"}],"items_purged_floors":[],"is_endless":false,"potions_floor_spawned":[1,2,5,13,18,24,27,31],"killed_by":"Automaton","ascension_level":9}