{"path_per_floor":["M","T","M","M","?","R","M","M","T","R","?","T","?","M","R","B",null,"M","M","M","T","$","R","E","R","T","M","?","?","E","M","R","B",null,"M","$","M","M","M","M","$","R","T","E","?","M","?","M","R","B"],"character_chosen":"IRONCLAD","items_purchased":["Molten Egg 2","Mummified Hand","Regen Potion","Explosive Potion","Question Card"],"gold_per_floor":[115,141,156,168,343,343,313,325,352,352,416,441,516,528,528,627,627,644,654,672,672,29,29,60,60,60,76,76,76,104,116,116,221,221,235,187,206,218,235,249,4,4,27,59,59,74,0,18,18,18],"floor_reached":51,"campfire_rested":3,"playtime":3038,"current_hp_per_floor":[72,72,72,72,72,72,72,12,12,48,31,31,20,26,62,9,72,66,67,49,49,49,49,43,43,43,49,49,33,39,44,72,71,72,71,71,72,72,72,72,72,72,72,72,72,72,72,72,72,50],"items_purged":["Doubt"],"gold":18,"score":901,"play_id":"47753953-ba4a-4fd3-916c-d5c7e3a6c9f0","local_time":"20180510231432","is_prod":false,"is_daily":false,"chose_seed":false,"is_ascension_mode":true,"campfire_upgraded":5,"timestamp":1525986872,"path_taken":["M","?","?","M","?","R","M","?","T","R","?","?","?","M","R","BOSS","M","M","M","?","$","R","E","R","T","?","?","?","E","M","R","BOSS","M","$","M","M","?","?","$","R","T","E","?","M","?","?","R","BOSS"],"build_version":"2018-05-03","seed_source_timestamp":46156678061606,"purchased_purges":1,"victory":true,"master_deck":["Strike_R+1","Strike_R+1","Strike_R+1","Defend_R+1","Defend_R+1","Defend_R+1","Defend_R+1","Bash+1","Entrench+1","Reckless Charge","Uppercut","Shrug It Off","Shrug It Off","Whirlwind+1","Body Slam","Demon Form+1","Bludgeon+1","Shockwave","Pummel+1","Iron Wave","Shockwave","Demon Form+1","Havoc+1","Metallicize+1","Heavy Blade+1","Headbutt+1","Evolve+1","Heavy Blade+1"],"max_hp_per_floor":[72,72,72,72,72,72,72,72,72,72,72,72,72,72,72,72,72,72,72,72,72,72,72,72,72,72,72,72,72,72,72,72,72,72,72,72,72,72,72,72,72,72,72,72,72,72,72,72,72,72],"relics":["Burning Blood","Regal Pillow","Vajra","Blue Candle","Anchor","Snecko Eye","Frozen Egg 2","Molten Egg 2","Mummified Hand","Orichalcum","Unceasing Top","Enchiridion","Bag of Preparation","Velvet Choker","Question Card","Prayer Wheel","Pen Nib","Red Mask"],"card_choices":[{"not_picked":["Heavy Blade","Armaments"],"picked":"Uppercut","floor":1.0},{"not_picked":["Corruption","Havoc"],"picked":"Shrug It Off","floor":3.0},{"not_picked":["Clothesline","Anger"],"picked":"Shrug It Off","floor":4.0},{"not_picked":["Body Slam","Infernal Blade"],"picked":"Whirlwind","floor":8.0},{"not_picked":["Clothesline","True Grit"],"picked":"Body Slam","floor":11.0},{"not_picked":["Burning Pact","Twin Strike"],"picked":"Demon Form","floor":14.0},{"not_picked":["Feed","Dark Embrace"],"picked":"Bludgeon","floor":16.0},{"not_picked":["Infernal Blade","Bloodletting"],"picked":"Shockwave","floor":18.0},{"not_picked":["Uppercut","Disarm"],"picked":"Pummel","floor":19.0},{"not_picked":["Flex","Thunderclap"],"picked":"Iron Wave","floor":20.0},{"not_picked":["Dropkick","Iron Wave"],"picked":"Shockwave","floor":27},{"not_picked":["Barricade","Limit Break"],"picked":"Demon Form","floor":33},{"not_picked":["Headbutt","Cleave"],"picked":"Havoc","floor":35},{"not_picked":["Headbutt","Clothesline"],"picked":"Metallicize","floor":37},{"not_picked":["Impervious","Dropkick"],"picked":"Heavy Blade","floor":39},{"not_picked":["Combust","Twin Strike"],"picked":"Headbutt","floor":40},{"not_picked":["Shrug It Off","Warcry","Seeing Red"],"picked":"Evolve","floor":44},{"not_picked":["Flex","Reaper","Anger"],"picked":"Heavy Blade","floor":46}],"player_experience":451501,"potions_floor_usage":[24,31,33,40,40,48,50],"damage_taken":[{"damage":6.0,"enemies":"Cultist","floor":1.0,"turns":4.0},{"damage":0.0,"enemies":"2 Louse","floor":3.0,"turns":2.0},{"damage":4.0,"enemies":"Small Slimes","floor":4.0,"turns":4.0},{"damage":0.0,"enemies":"Looter","floor":7.0,"turns":4.0},{"damage":66.0,"enemies":"Exordium Thugs","floor":8.0,"turns":9.0},{"damage":23.0,"enemies":"Lagavulin Event","floor":11.0,"turns":5.0},{"damage":0.0,"enemies":"2 Fungi Beasts","floor":14.0,"turns":2.0},{"damage":59.0,"enemies":"Hexaghost","floor":16.0,"turns":10.0},{"damage":12.0,"enemies":"2 Thieves","floor":18.0,"turns":3.0},{"damage":5.0,"enemies":"Shell Parasite","floor":19.0,"turns":3.0},{"damage":24.0,"enemies":"Sentry and Sphere","floor":20.0,"turns":4.0},{"damage":24,"enemies":"Gremlin Leader","floor":24,"turns":5},{"damage":0,"enemies":"3 Cultists","floor":27,"turns":3},{"damage":0,"enemies":"Book of Stabbing","floor":30,"turns":4},{"damage":1,"enemies":"Snecko","floor":31,"turns":2},{"damage":7,"enemies":"Collector","floor":33,"turns":5},{"damage":7,"enemies":"3 Shapes","floor":35,"turns":2},{"damage":0,"enemies":"Orb Walker","floor":37,"turns":2},{"damage":5,"enemies":"Maw","floor":38,"turns":6},{"damage":1,"enemies":"3 Darklings","floor":39,"turns":3},{"damage":0,"enemies":"Sphere and 2 Shapes","floor":40,"turns":2},{"damage":1,"enemies":"Giant Head","floor":44,"turns":4},{"damage":5,"enemies":"Maw","floor":46,"turns":5},{"damage":0,"enemies":"3 Darklings","floor":48,"turns":3},{"damage":28,"enemies":"Donu and Deca","floor":50,"turns":5}],"event_choices":[{"event_name":"Liars Game","player_choice":"agreed","floor":5.0,"damage_taken":0.0},{"event_name":"Dead Adventurer","player_choice":"Searched \u00271\u0027 times","floor":11.0,"damage_taken":0.0},{"event_name":"World of Goop","player_choice":"Gather Gold","floor":13.0,"damage_taken":0.0},{"event_name":"Back to Basics","player_choice":"Simplicity","floor":28,"damage_taken":0},{"event_name":"Cursed Tome","player_choice":"Obtained Book","floor":29,"damage_taken":0},{"event_name":"Transmorgrifier","player_choice":"Skipped","floor":45,"damage_taken":0},{"event_name":"Tomb of Lord Red Mask","player_choice":"Paid","floor":47,"damage_taken":0}],"boss_relics":[{"not_picked":["Pandora\u0027s Box","Black Star"],"picked":"Velvet Choker"}],"potions_floor_spawned":[3,4,8,11,11,18,19,27,31,38,39,44,46],"seed_played":"3187600512414396006","ascension_level":4,"is_trial":false}