{"gold_per_floor":[116,116,341,391,461,461,494,544,544,70,178,205,225,8,8,8],"floor_reached":16,"playtime":423,"items_purged":["Decay"],"score":135,"play_id":"5f5aa503-e0b2-4587-ae2c-40ecc6805832","local_time":"20180708212459","is_ascension_mode":true,"campfire_choices":[{"data":"Dualcast","floor":6.0,"key":"SMITH"},{"floor":15,"key":"REST"}],"neow_cost":"NONE","seed_source_timestamp":876155654475648,"circlet_count":0,"master_deck":["Strike_B","Strike_B","Strike_B","Strike_B","Defend_B","Defend_B","Defend_B","Defend_B","Zap+1","Dualcast+1","Cold Snap","Chill","All For One","Redo","Ball Lightning","Rebound","Auto Shields+1"],"special_seed":0,"relics":["Cracked Core","SsserpentHead","The Courier","Art of War","Membership Card","Regal Pillow","Pen Nib","Juzu Bracelet","Meat on the Bone","Toxic Egg 2"],"potions_floor_usage":[16],"damage_taken":[{"damage":12.0,"enemies":"Jaw Worm","floor":1.0,"turns":3.0},{"damage":0.0,"enemies":"Cultist","floor":5.0,"turns":3.0},{"damage":6.0,"enemies":"Lagavulin","floor":7.0,"turns":9.0},{"damage":34.0,"enemies":"Lagavulin Event","floor":11.0,"turns":4.0},{"damage":6.0,"enemies":"Gremlin Nob","floor":12.0,"turns":3.0},{"damage":40,"enemies":"Hexaghost","floor":16,"turns":9}],"seed_played":"-9152674202969369740","potions_obtained":[{"floor":5.0,"key":"Dexterity Potion"},{"floor":11.0,"key":"AttackPotion"},{"floor":12.0,"key":"PowerPotion"}],"is_trial":false,"path_per_floor":["M","?","?","?","M","R","E","?","T","$","?","E","?","$","R"],"character_chosen":"DEFECT","items_purchased":["Membership Card","Regal Pillow","Pen Nib","Redo","Toxic Egg 2","Auto Shields+1"],"campfire_rested":1,"item_purchase_floors":[10,10,10,10,14,14],"current_hp_per_floor":[56,56,56,49,49,49,43,43,43,43,9,3,3,3,40,0],"gold":8,"neow_bonus":"UPGRADE_CARD","is_prod":false,"is_daily":false,"chose_seed":false,"campfire_upgraded":1,"win_rate":0,"timestamp":1531077899,"path_taken":["M","?","?","?","?","R","E","?","T","$","?","E","?","$","R","BOSS"],"build_version":"2018-07-05","purchased_purges":1,"victory":false,"max_hp_per_floor":[75,75,75,75,75,75,75,75,75,75,75,75,75,75,75,75],"card_choices":[{"not_picked":["Lockon","Barrage"],"picked":"Cold Snap","floor":1.0},{"not_picked":["Hologram","Double Energy"],"picked":"Chill","floor":5.0},{"not_picked":["Chill","Sweeping Beam"],"picked":"All For One","floor":7.0},{"not_picked":["Double Energy","Rebound"],"picked":"Ball Lightning","floor":11.0},{"not_picked":["Reprogram","Go for the Eyes"],"picked":"Rebound","floor":12.0}],"player_experience":820690,"relics_obtained":[{"floor":7.0,"key":"The Courier"},{"floor":9.0,"key":"Art of War"},{"floor":11.0,"key":"Juzu Bracelet"},{"floor":12.0,"key":"Meat on the Bone"}],"event_choices":[{"event_name":"FaceTrader","player_choice":"Trade","floor":2.0,"damage_taken":0.0},{"event_name":"Liars Game","player_choice":"agreed","floor":3.0,"damage_taken":0.0},{"event_name":"Golden Wing","player_choice":"Card Removal","floor":4.0,"damage_taken":0.0},{"event_name":"Wheel of Change","player_choice":"Curse","floor":8.0,"damage_taken":0.0},{"event_name":"Dead Adventurer","player_choice":"Searched \u00271\u0027 times","floor":11.0,"damage_taken":0.0},{"event_name":"World of Goop","player_choice":"Left","floor":13.0,"damage_taken":0.0}],"boss_relics":[],"items_purged_floors":[10],"is_endless":false,"potions_floor_spawned":[5,11,12],"killed_by":"Hexaghost","ascension_level":6}