{"gold_per_floor":[109,123,143,143,159,159,185,185,210,173,183,201,231,242,242,314,314,325,375,375,375,375],"floor_reached":22,"playtime":741,"items_purged":[],"score":417,"play_id":"f4abebab-21d4-4a04-9b24-79a5aac1b671","local_time":"20181102195658","is_ascension_mode":true,"campfire_choices":[{"data":"Corruption","floor":6.0,"key":"SMITH"},{"data":"Bash","floor":8.0,"key":"SMITH"},{"data":"Uppercut","floor":15.0,"key":"SMITH"}],"neow_cost":"NONE","seed_source_timestamp":136070745073260,"circlet_count":0,"master_deck":["AscendersBane","Bash+1","Corruption+1","Evolve","Shrug It Off","Feed","Twin Strike","Feed","Wild Strike","Dropkick","Uppercut+1","Offering","Twin Strike","Sword Boomerang","Wild Strike","Heavy Blade","Heavy Blade","Havoc","Perfected Strike","Flex","Intimidate","Dropkick","Writhe"],"special_seed":0,"relics":["Burning Blood","NeowsBlessing","Oddly Smooth Stone","Regal Pillow","Pen Nib","Pandora\u0027s Box","Letter Opener"],"potions_floor_usage":[16],"damage_taken":[{"damage":0.0,"enemies":"2 Louse","floor":1.0,"turns":1.0},{"damage":0.0,"enemies":"Jaw Worm","floor":2.0,"turns":1.0},{"damage":0.0,"enemies":"Small Slimes","floor":3.0,"turns":1.0},{"damage":12.0,"enemies":"Looter","floor":5.0,"turns":4.0},{"damage":49.0,"enemies":"Gremlin Nob","floor":7.0,"turns":6.0},{"damage":8.0,"enemies":"Large Slime","floor":11.0,"turns":5.0},{"damage":16.0,"enemies":"Blue Slaver","floor":12.0,"turns":5.0},{"damage":8.0,"enemies":"Lagavulin","floor":13.0,"turns":5.0},{"damage":4.0,"enemies":"2 Fungi Beasts","floor":14.0,"turns":4.0},{"damage":29,"enemies":"Hexaghost","floor":16,"turns":8},{"damage":28,"enemies":"2 Thieves","floor":18,"turns":2},{"damage":48,"enemies":"Colosseum Slavers","floor":21,"turns":3},{"damage":18,"enemies":"3 Byrds","floor":22,"turns":2}],"seed_played":"8111115129109817214","potions_obtained":[{"floor":3.0,"key":"SpeedPotion"},{"floor":5.0,"key":"Poison Potion"},{"floor":7.0,"key":"SteroidPotion"},{"floor":12.0,"key":"Block Potion"},{"floor":13.0,"key":"Strength Potion"}],"is_trial":false,"path_per_floor":["M","M","M","?","M","R","E","R","T","?","M","M","E","M","R","B",null,"M","?","?","?","M"],"character_chosen":"IRONCLAD","items_purchased":[],"campfire_rested":0,"item_purchase_floors":[],"current_hp_per_floor":[74,75,75,75,69,69,29,29,29,29,30,23,24,32,32,9,72,56,56,56,17,0],"gold":375,"neow_bonus":"THREE_ENEMY_KILL","is_prod":false,"is_daily":false,"chose_seed":false,"campfire_upgraded":3,"win_rate":0,"timestamp":1541203018,"path_taken":["M","M","M","?","M","R","E","R","T","?","?","M","E","M","R","BOSS","M","?","?","?","M"],"build_version":"2018-11-01v2","purchased_purges":0,"victory":false,"max_hp_per_floor":[75,75,75,75,75,75,78,78,78,78,81,84,87,93,93,93,93,99,99,99,102,102],"card_choices":[{"not_picked":["Armaments","Pommel Strike"],"picked":"Corruption","floor":1.0},{"not_picked":["Headbutt","Twin Strike"],"picked":"Evolve","floor":2.0},{"not_picked":["Armaments","Body Slam"],"picked":"Shrug It Off","floor":3.0},{"not_picked":["Searing Blow","Rampage"],"picked":"Feed","floor":5.0},{"not_picked":["Heavy Blade","True Grit"],"picked":"Twin Strike","floor":7.0},{"not_picked":["Heavy Blade","Searing Blow"],"picked":"Feed","floor":11.0},{"not_picked":["Armaments","Thunderclap"],"picked":"Wild Strike","floor":12.0},{"not_picked":["Heavy Blade","Searing Blow"],"picked":"Dropkick","floor":13.0},{"not_picked":["Searing Blow","Inflame"],"picked":"Uppercut","floor":14.0},{"not_picked":["Impervious","Fiend Fire"],"picked":"Offering","floor":16},{"not_picked":["Shrug It Off","Cleave"],"picked":"Dropkick","floor":18}],"player_experience":1131909,"relics_obtained":[{"floor":7.0,"key":"Oddly Smooth Stone"},{"floor":9.0,"key":"Regal Pillow"},{"floor":13.0,"key":"Pen Nib"}],"event_choices":[{"damage_healed":0.0,"max_hp_gain":0.0,"max_hp_loss":0.0,"gold_gain":0.0,"event_name":"Liars Game","player_choice":"Ignored","floor":4.0,"gold_loss":0.0,"damage_taken":0.0},{"damage_healed":0.0,"max_hp_gain":0.0,"max_hp_loss":0.0,"gold_gain":0.0,"event_name":"World of Goop","player_choice":"Left Gold","floor":10.0,"gold_loss":37.0,"damage_taken":0.0},{"damage_healed":0,"gold_gain":50,"player_choice":"Stole From Cult","damage_taken":0,"max_hp_gain":0,"max_hp_loss":0,"event_name":"Nest","floor":19,"gold_loss":0},{"damage_healed":0,"gold_gain":0,"player_choice":"Opened","damage_taken":0,"relics_obtained":["Letter Opener"],"max_hp_gain":0,"max_hp_loss":0,"event_name":"The Mausoleum","floor":20,"gold_loss":0,"cards_obtained":["Writhe"]},{"damage_healed":0,"gold_gain":0,"player_choice":"Fight","damage_taken":0,"max_hp_gain":0,"max_hp_loss":0,"event_name":"Colosseum","floor":21,"gold_loss":0},{"damage_healed":0,"gold_gain":0,"player_choice":"Fled From Nobs","damage_taken":0,"max_hp_gain":0,"max_hp_loss":0,"event_name":"Colosseum","floor":21,"gold_loss":0}],"is_beta":true,"boss_relics":[{"not_picked":["Black Blood","Black Star"],"picked":"Pandora\u0027s Box"}],"items_purged_floors":[],"is_endless":false,"potions_floor_spawned":[3,5,7,12,13,21],"killed_by":"3 Byrds","ascension_level":20}