{"gold_per_floor":[112,112,112,37,212,212,212,225,250,269,312,387,81,95,95,225,225,219,134,134,33,53,53],"floor_reached":23,"playtime":812,"items_purged":["Regret","Doubt"],"score":262,"play_id":"d089e2f6-54ee-4cf4-b9b6-39d75030bf2f","local_time":"20180811165017","is_ascension_mode":true,"campfire_choices":[{"data":"Cloak And Dagger","floor":6.0,"key":"SMITH"},{"floor":15.0,"key":"REST"}],"neow_cost":"","seed_source_timestamp":339819248466339,"circlet_count":0,"master_deck":["Defend_G","Defend_G","Defend_G+1","Defend_G","Defend_G","Strike_G","Strike_G+1","Strike_G","Strike_G","Strike_G","Survivor","Neutralize","Cloak And Dagger+1","Blur","Calculated Gamble","Flechettes","Blade Dance","Malaise","Expertise","RitualDagger","Flash of Steel","PiercingWail"],"special_seed":0,"relics":["Ring of the Snake","Strawberry","Golden Idol","Bronze Scales","Regal Pillow","Toolbox","WristBlade","Peace Pipe"],"potions_floor_usage":[23],"damage_taken":[{"damage":13.0,"enemies":"Jaw Worm","floor":1.0,"turns":6.0},{"damage":1.0,"enemies":"Small Slimes","floor":8.0,"turns":5.0},{"damage":0.0,"enemies":"2 Louse","floor":10.0,"turns":3.0},{"damage":14.0,"enemies":"Lagavulin","floor":11.0,"turns":8.0},{"damage":0.0,"enemies":"2 Fungi Beasts","floor":14.0,"turns":2.0},{"damage":40.0,"enemies":"Hexaghost","floor":16.0,"turns":15.0},{"damage":4.0,"enemies":"2 Thieves","floor":18.0,"turns":4.0},{"damage":0,"enemies":"Spheric Guardian","floor":22,"turns":3},{"damage":47,"enemies":"Book of Stabbing","floor":23,"turns":5}],"seed_played":"3473502623625520099","potions_obtained":[{"floor":10.0,"key":"SteroidPotion"},{"floor":14.0,"key":"GamblersBrew"},{"floor":16.0,"key":"GamblersBrew"},{"floor":18.0,"key":"FearPotion"}],"is_trial":false,"path_per_floor":["M","?","?","$","?","R","?","M","T","M","E","?","$","M","R","B",null,"M","?","?","$","M"],"character_chosen":"THE_SILENT","items_purchased":["Toolbox","Flash of Steel"],"campfire_rested":1,"item_purchase_floors":[13,21],"current_hp_per_floor":[50,36,43,43,43,43,43,42,42,42,28,17,17,17,53,13,57,53,53,47,47,47,0],"gold":53,"neow_bonus":"","is_prod":false,"is_daily":false,"chose_seed":false,"campfire_upgraded":1,"win_rate":0,"timestamp":1533999017,"path_taken":["M","?","?","$","?","R","?","?","T","M","E","?","?","M","R","BOSS","M","?","?","?","?","E"],"build_version":"2018-08-09","purchased_purges":2,"victory":false,"max_hp_per_floor":[70,70,77,77,77,77,71,71,71,71,71,71,71,71,71,71,71,71,71,71,71,71,71],"card_choices":[{"not_picked":["Prepared","Heel Hook"],"picked":"Cloak And Dagger","floor":1.0},{"not_picked":["Cloak And Dagger","Deadly Poison"],"picked":"Blur","floor":8.0},{"not_picked":["Deflect","PiercingWail"],"picked":"Calculated Gamble","floor":10.0},{"not_picked":["Catalyst","Dagger Throw"],"picked":"Flechettes","floor":11.0},{"not_picked":["Concentrate","Masterful Stab"],"picked":"Blade Dance","floor":14.0},{"not_picked":["Night Terror","Glass Knife"],"picked":"Malaise","floor":16.0},{"not_picked":["Prepared","Noxious Fumes"],"picked":"Expertise","floor":18.0},{"not_picked":["Calculated Gamble","Quick Slash"],"picked":"PiercingWail","floor":22}],"player_experience":875216,"relics_obtained":[{"floor":9.0,"key":"Bronze Scales"},{"floor":11.0,"key":"Regal Pillow"}],"event_choices":[{"event_name":"Shining Light","player_choice":"Entered Light","floor":2.0,"damage_taken":0.0},{"event_name":"Big Fish","player_choice":"Box","floor":3.0,"damage_taken":0.0},{"event_name":"Liars Game","player_choice":"agreed","floor":5.0,"damage_taken":0.0},{"event_name":"Golden Idol","player_choice":"Lose Max HP","floor":7.0,"damage_taken":0.0},{"event_name":"World of Goop","player_choice":"Gather Gold","floor":12.0,"damage_taken":0.0},{"event_name":"Addict","player_choice":"Obtained Relic","floor":19.0,"damage_taken":0.0},{"event_name":"Nest","player_choice":"Joined the Cult","floor":20.0,"damage_taken":0.0}],"is_beta":false,"boss_relics":[{"not_picked":["Fusion Hammer","Cursed Key"],"picked":"WristBlade"}],"items_purged_floors":[4,13],"is_endless":false,"potions_floor_spawned":[10,14,16,18],"killed_by":"Book of Stabbing","ascension_level":8}