{"path_per_floor":["M","?","?","?","M","E","$","E","T","M","M","E","R","M","R","B",null,"M","?","?","?","?","R","E","$","T","E","R","E","M","M","R","B",null,"M","?","M","M","M","E","?","R","T","E","?","M","E","$","R","B"],"character_chosen":"DEFECT","items_purchased":["Defragment","PowerPotion","Swift Potion","Mummified Hand","Defragment","Magnetism"],"gold_per_floor":[115,115,115,115,129,156,22,53,53,66,84,112,112,125,125,226,226,240,240,210,210,210,210,242,4,29,60,60,87,97,113,113,212,242,258,0,12,25,36,61,112,112,157,184,184,197,232,15,15,15],"floor_reached":51,"campfire_rested":6,"playtime":2958,"item_purchase_floors":[7,7,7,25,48,48],"current_hp_per_floor":[75,68,61,61,61,75,75,29,29,39,47,26,52,51,77,59,89,68,68,68,68,68,68,55,55,55,55,89,50,50,50,89,28,94,93,93,70,53,46,32,36,79,79,70,70,58,59,59,94,50],"items_purged":[],"gold":15,"score":1004,"play_id":"7b85b1aa-81e9-4870-b0c9-3bb56d67d1b4","local_time":"20180612214845","is_prod":false,"is_daily":false,"chose_seed":false,"is_ascension_mode":true,"campfire_upgraded":1,"win_rate":0,"timestamp":1528832925,"campfire_choices":[{"floor":13,"key":"REST"},{"floor":15,"key":"REST"},{"data":"Meteor Strike","floor":23,"key":"SMITH"},{"floor":28,"key":"REST"},{"floor":32,"key":"REST"},{"floor":42,"key":"REST"},{"floor":49,"key":"REST"}],"path_taken":["M","?","?","?","M","E","$","E","T","M","M","E","R","?","R","BOSS","M","?","?","?","?","R","E","$","T","E","R","E","M","M","R","BOSS","M","?","M","M","?","E","?","R","T","E","?","M","E","$","R","BOSS"],"build_version":"2018-06-07v3","seed_source_timestamp":128946227954319,"purchased_purges":0,"victory":true,"master_deck":["Strike_B+1","Strike_B+1","Strike_B+1","Defend_B+1","Defend_B+1","Defend_B+1","Defend_B+1","Zap+1","Dualcast","Chill","Redo","Defragment+1","Sunder","Conserve Battery","Go for the Eyes","Rip and Tear","Leap","Meteor Strike+1","Conserve Battery","Defragment","Blizzard+1","Electrodynamics","Leap+1","Defragment+1","Amplify","Reinforced Body","Static Discharge","Tempest+1","Hello World","Lockon+1","Thunder Strike","White Noise","Coolheaded+1","Skim+1","Streamline","Defragment","Magnetism"],"max_hp_per_floor":[75,75,75,75,75,89,89,89,89,89,89,89,89,89,89,89,89,89,89,89,89,89,89,89,89,89,89,89,89,89,89,89,89,94,94,94,94,94,94,94,94,94,94,94,94,94,94,94,94,94],"relics":["Cracked Core","NeowsBlessing","Peace Pipe","Mango","Sundial","Meat on the Bone","Ice Cream","Runic Dome","Art of War","Mummified Hand","Regal Pillow","Vajra","Bottled Lightning","Tiny House","Red Mask","Ancient Tea Set","Bird Faced Urn","Orichalcum","Bag of Preparation","Juzu Bracelet"],"card_choices":[{"not_picked":["Hologram","BootSequence"],"picked":"Rebound","floor":1},{"not_picked":["Compile Driver","Recycle"],"picked":"Chill","floor":5},{"not_picked":["Skim","Hello World"],"picked":"Redo","floor":6},{"not_picked":["Cold Snap","Recycle"],"picked":"Sunder","floor":8},{"not_picked":["Hologram","Sunder"],"picked":"Conserve Battery","floor":10},{"not_picked":["Steam","Scrape"],"picked":"Go for the Eyes","floor":11},{"not_picked":["Compile Driver","Hologram"],"picked":"Rip and Tear","floor":12},{"not_picked":["Fusion","Chill"],"picked":"Leap","floor":14},{"not_picked":["All For One","Reboot"],"picked":"Meteor Strike","floor":16},{"not_picked":["Compile Driver","Barrage"],"picked":"Conserve Battery","floor":18},{"not_picked":["Leap","Coolheaded"],"picked":"Defragment","floor":24},{"not_picked":["Leap","Sweeping Beam"],"picked":"Blizzard+1","floor":27},{"not_picked":["Steam+1","Leap"],"picked":"Electrodynamics","floor":29},{"not_picked":["BootSequence","Barrage"],"picked":"Leap+1","floor":30},{"not_picked":["Redo","Cold Snap"],"picked":"Defragment+1","floor":31},{"not_picked":["Seek","Core Surge"],"picked":"Amplify","floor":33},{"not_picked":["Gash","Ball Lightning"],"picked":"Reinforced Body","floor":34},{"not_picked":["Genetic Algorithm+1","Melter"],"picked":"Static Discharge","floor":35},{"not_picked":["Fusion","Turbo"],"picked":"Tempest+1","floor":37},{"not_picked":["Gash","Doom and Gloom"],"picked":"Hello World","floor":38},{"not_picked":["Coolheaded","Redo"],"picked":"Lockon+1","floor":39},{"not_picked":["Beam Cell","Coolheaded+1"],"picked":"Thunder Strike","floor":40},{"not_picked":["Compile Driver+1","Chaos+1"],"picked":"White Noise","floor":41},{"not_picked":["Hologram","Sunder+1"],"picked":"Coolheaded+1","floor":44},{"not_picked":["Hologram","Turbo+1"],"picked":"Skim+1","floor":46},{"not_picked":["Undo","Amplify"],"picked":"Streamline","floor":47}],"player_experience":661319,"potions_floor_usage":[8,8,16,16,27,33,33,44,47],"damage_taken":[{"damage":0,"enemies":"2 Louse","floor":1,"turns":1},{"damage":0,"enemies":"Small Slimes","floor":5,"turns":1},{"damage":0,"enemies":"3 Sentries","floor":6,"turns":2},{"damage":46,"enemies":"Gremlin Nob","floor":8,"turns":4},{"damage":2,"enemies":"Jaw Worm","floor":10,"turns":3},{"damage":4,"enemies":"Looter","floor":11,"turns":2},{"damage":33,"enemies":"3 Sentries","floor":12,"turns":8},{"damage":1,"enemies":"3 Louse","floor":14,"turns":2},{"damage":18,"enemies":"Slime Boss","floor":16,"turns":11},{"damage":21,"enemies":"2 Thieves","floor":18,"turns":3},{"damage":25,"enemies":"Book of Stabbing","floor":24,"turns":5},{"damage":12,"enemies":"Slavers","floor":27,"turns":8},{"damage":39,"enemies":"Book of Stabbing","floor":29,"turns":6},{"damage":0,"enemies":"3 Byrds","floor":30,"turns":2},{"damage":0,"enemies":"Snecko","floor":31,"turns":4},{"damage":73,"enemies":"Champ","floor":33,"turns":13},{"damage":1,"enemies":"3 Darklings","floor":35,"turns":5},{"damage":23,"enemies":"3 Shapes","floor":37,"turns":8},{"damage":29,"enemies":"Sphere and 2 Shapes","floor":38,"turns":5},{"damage":19,"enemies":"3 Darklings","floor":39,"turns":4},{"damage":26,"enemies":"2 Orb Walkers","floor":40,"turns":5},{"damage":8,"floor":41,"turns":4},{"damage":32,"enemies":"Giant Head","floor":44,"turns":6},{"damage":36,"enemies":"4 Shapes","floor":46,"turns":3},{"damage":30,"enemies":"2 Orb Walkers","floor":47,"turns":4},{"damage":74,"enemies":"Time Eater","floor":50,"turns":8}],"relics_obtained":[{"floor":6,"key":"Mango"},{"floor":8,"key":"Sundial"},{"floor":9,"key":"Meat on the Bone"},{"floor":12,"key":"Ice Cream"},{"floor":24,"key":"Art of War"},{"floor":26,"key":"Regal Pillow"},{"floor":27,"key":"Vajra"},{"floor":29,"key":"Bottled Lightning"},{"floor":40,"key":"Ancient Tea Set"},{"floor":41,"key":"Bird Faced Urn"},{"floor":43,"key":"Orichalcum"},{"floor":44,"key":"Bag of Preparation"},{"floor":47,"key":"Juzu Bracelet"}],"event_choices":[{"event_name":"Scrap Ooze","player_choice":"success","floor":2,"damage_taken":7},{"event_name":"Golden Wing","player_choice":"Card Removal","floor":3,"damage_taken":0},{"event_name":"Living Wall","player_choice":"Grow","floor":4,"damage_taken":0},{"event_name":"Vampires","player_choice":"Ignored","floor":19,"damage_taken":0},{"event_name":"The Woman in Blue","player_choice":"Bought 2 Potions","floor":20,"damage_taken":0},{"event_name":"Ghosts","player_choice":"Ignored","floor":21,"damage_taken":0},{"event_name":"Back to Basics","player_choice":"Simplicity","floor":22,"damage_taken":0},{"event_name":"Tomb of Lord Red Mask","player_choice":"Paid","floor":36,"damage_taken":0},{"event_name":"Mysterious Sphere","player_choice":"Fight","floor":41,"damage_taken":0},{"event_name":"Falling","player_choice":"Removed Attack","floor":45,"damage_taken":0}],"boss_relics":[{"not_picked":["White Beast Statue","Philosopher\u0027s Stone"],"picked":"Runic Dome"},{"not_picked":["Velvet Choker","Eternal Feather"],"picked":"Tiny House"}],"items_purged_floors":[],"potions_floor_spawned":[5,8,14,24,30,37,39,40,46],"seed_played":"-5349168349671788323","ascension_level":3,"potions_obtained":[{"floor":5,"key":"PowerPotion"},{"floor":8,"key":"SpeedPotion"},{"floor":14,"key":"SkillPotion"},{"floor":20,"key":"LiquidBronze"},{"floor":20,"key":"FairyPotion"},{"floor":24,"key":"Energy Potion"},{"floor":30,"key":"Strength Potion"},{"floor":34,"key":"FairyPotion"},{"floor":37,"key":"Swift Potion"},{"floor":46,"key":"Regen Potion"}],"is_trial":false}