{"gold_per_floor":[116,116,76,90,90,124,124,145,145,145,163,197,197,197,197,295,295,235,235,235,235,9,9],"floor_reached":23,"playtime":572,"items_purged":[],"score":371,"play_id":"f00c2756-3562-4280-8889-f5075ab6dcd0","local_time":"20190216120004","is_ascension_mode":true,"campfire_choices":[{"data":"Demon Form","floor":7,"key":"SMITH"},{"data":"Flame Barrier","floor":10,"key":"SMITH"},{"data":"Entrench","floor":13,"key":"SMITH"},{"data":"Bash","floor":15,"key":"SMITH"}],"neow_cost":"NONE","seed_source_timestamp":730900121781105,"circlet_count":0,"master_deck":["AscendersBane","Strike_R","Strike_R","Strike_R","Defend_R","Defend_R","Defend_R","Bash+1","Pummel","Ghostly Armor","Shrug It Off","Demon Form+1","Flame Barrier+1","Entrench+1","Havoc","Offering","Ghostly Armor+1","Corruption+1","Exhume+1","Shrug It Off","Writhe","Flame Barrier"],"relics":["Burning Blood","NeowsBlessing","Golden Idol","Question Card","Pear","Orichalcum","Turnip","Astrolabe","Dodecahedron","Champion Belt","Red Skull"],"potions_floor_usage":[12,16],"damage_taken":[{"damage":0,"enemies":"Small Slimes","floor":1,"turns":2},{"damage":0,"enemies":"Jaw Worm","floor":4,"turns":1},{"damage":0,"enemies":"3 Sentries","floor":6,"turns":2},{"damage":3,"enemies":"2 Louse","floor":8,"turns":3},{"damage":7,"enemies":"Exordium Thugs","floor":11,"turns":4},{"damage":15,"enemies":"Lagavulin","floor":12,"turns":6},{"damage":37,"enemies":"Hexaghost","floor":16,"turns":11},{"damage":16,"enemies":"2 Thieves","floor":18,"turns":4},{"damage":61,"enemies":"Slavers","floor":23,"turns":8}],"seed_played":"-991559509705300519","potions_obtained":[{"floor":8,"key":"LiquidBronze"},{"floor":11,"key":"FearPotion"}],"is_trial":false,"path_per_floor":["M","?","$","M","?","E","R","M","T","R","M","E","R","?","R","B",null,"M","?","T","?","$","E"],"character_chosen":"IRONCLAD","items_purchased":["Ghostly Armor","Flame Barrier","Red Skull"],"campfire_rested":0,"item_purchase_floors":[3,22,22],"current_hp_per_floor":[74,74,74,75,57,63,63,66,76,76,75,66,66,63,63,32,72,62,62,62,62,62,1],"gold":9,"neow_bonus":"THREE_ENEMY_KILL","is_prod":false,"is_daily":false,"chose_seed":false,"campfire_upgraded":4,"win_rate":0,"timestamp":1550314804,"path_taken":["M","?","$","M","?","E","R","M","T","R","M","E","R","?","R","BOSS","M","?","?","?","?","E"],"build_version":"2019-01-23","purchased_purges":0,"victory":false,"max_hp_per_floor":[75,75,75,75,75,75,75,75,85,85,85,85,85,85,85,85,85,85,85,85,85,85,85],"card_choices":[{"not_picked":["Wild Strike","Iron Wave"],"picked":"Pummel","floor":1},{"not_picked":["Corruption","Clothesline"],"picked":"Shrug It Off","floor":4},{"not_picked":["Burning Pact","Wild Strike"],"picked":"Demon Form","floor":6},{"not_picked":["Clothesline","Sword Boomerang","Wild Strike"],"picked":"Flame Barrier","floor":8},{"not_picked":["Body Slam","Clash","Havoc"],"picked":"Entrench","floor":11},{"not_picked":["Wild Strike","Infernal Blade","Headbutt"],"picked":"Havoc","floor":12},{"not_picked":["Barricade","Demon Form","Double Tap"],"picked":"Offering","floor":16},{"not_picked":["Cleave","True Grit","Sword Boomerang"],"picked":"Shrug It Off","floor":18}],"player_experience":2286498,"relics_obtained":[{"floor":6,"key":"Question Card"},{"floor":9,"key":"Pear"},{"floor":12,"key":"Orichalcum"},{"floor":20,"key":"Champion Belt"}],"event_choices":[{"damage_healed":0,"gold_gain":0,"player_choice":"Ignored","damage_taken":0,"max_hp_gain":0,"max_hp_loss":0,"event_name":"Golden Wing","floor":2,"gold_loss":0},{"damage_healed":0,"gold_gain":0,"player_choice":"Take Damage","damage_taken":18,"relics_obtained":["Golden Idol"],"max_hp_gain":0,"max_hp_loss":0,"event_name":"Golden Idol","floor":5,"gold_loss":0},{"damage_healed":0,"gold_gain":0,"player_choice":"Success","damage_taken":3,"relics_obtained":["Turnip"],"max_hp_gain":0,"max_hp_loss":0,"event_name":"Scrap Ooze","floor":14,"gold_loss":0},{"damage_healed":0,"gold_gain":0,"player_choice":"Opened","damage_taken":0,"relics_obtained":["Dodecahedron"],"max_hp_gain":0,"max_hp_loss":0,"event_name":"The Mausoleum","floor":19,"gold_loss":0,"cards_obtained":["Writhe"]},{"damage_healed":0,"gold_gain":0,"player_choice":"Ignored","damage_taken":0,"max_hp_gain":0,"max_hp_loss":0,"event_name":"Ghosts","floor":21,"gold_loss":0}],"is_beta":false,"boss_relics":[{"not_picked":["Fusion Hammer","Mark of Pain"],"picked":"Astrolabe"}],"items_purged_floors":[],"is_endless":false,"potions_floor_spawned":[8,11],"killed_by":"Slavers","ascension_level":14}