{"gold_per_floor":[111,386,397,397,32,63,76,76,99,110,110,110,87,87,87,190,190,203,203,220,220,95,95],"floor_reached":23,"playtime":851,"items_purged":["Regret","Doubt"],"score":271,"play_id":"96f23b0a-31b5-495f-acd5-58a5eb17e37d","local_time":"20181002193516","is_ascension_mode":true,"campfire_choices":[{"data":"Zap","floor":8,"key":"SMITH"},{"data":"Zap","floor":15,"key":"SMITH"}],"neow_cost":"NONE","seed_source_timestamp":64823882803365,"circlet_count":0,"master_deck":["Strike_B","Strike_B","Strike_B","Defend_B","Defend_B","Defend_B","Defend_B","Zap+1","Dualcast","Rebound","Cold Snap","Chaos","Electrodynamics","FTL","White Noise","Zap+1","Forethought","Redo","Echo Form","Leap+1","Buffer","Necronomicurse","Cold Snap"],"relics":["Cracked Core","Meat on the Bone","Centennial Puzzle","Omamori","Sundial","Calling Bell","Art of War","StoneCalendar","Nloth\u0027s Gift","Necronomicon"],"potions_floor_usage":[6,16,16,16],"damage_taken":[{"damage":2,"enemies":"Jaw Worm","floor":1,"turns":3},{"damage":1,"enemies":"Cultist","floor":3,"turns":3},{"damage":29,"enemies":"Lagavulin","floor":6,"turns":6},{"damage":0,"enemies":"Small Slimes","floor":7,"turns":3},{"damage":1,"enemies":"Looter","floor":10,"turns":3},{"damage":29,"enemies":"The Guardian","floor":16,"turns":10},{"damage":18,"enemies":"Shell Parasite","floor":18,"turns":6},{"damage":12,"enemies":"2 Thieves","floor":20,"turns":4},{"damage":37,"enemies":"Slavers","floor":23,"turns":3}],"seed_played":"-4573958076325697874","potions_obtained":[{"floor":3,"key":"PowerPotion"},{"floor":6,"key":"LiquidBronze"},{"floor":7,"key":"Energy Potion"},{"floor":10,"key":"SkillPotion"}],"is_trial":false,"path_per_floor":["M","?","M","?","$","E","M","R","T","M","?","T","$","?","R","B",null,"M","?","M","?","$"],"character_chosen":"DEFECT","items_purchased":["Meat on the Bone","Chaos","Redo","Cold Snap"],"campfire_rested":0,"item_purchase_floors":[5,5,13,22],"current_hp_per_floor":[73,73,72,77,77,48,48,48,48,47,47,47,47,40,40,23,71,53,53,53,37,37,0],"gold":95,"neow_bonus":"TEN_PERCENT_HP_BONUS","is_prod":false,"is_daily":false,"chose_seed":false,"campfire_upgraded":2,"win_rate":0,"timestamp":1538501716,"path_taken":["M","?","?","?","$","E","M","R","T","M","?","?","?","?","R","BOSS","M","?","?","?","$","E"],"build_version":"2018-09-27","purchased_purges":2,"victory":false,"max_hp_per_floor":[82,82,82,87,87,87,87,87,87,87,87,87,87,87,87,87,87,87,87,87,87,87,87],"card_choices":[{"not_picked":["Hologram","Storm"],"picked":"Rebound","floor":1},{"not_picked":["Streamline","Hologram"],"picked":"Cold Snap","floor":3},{"not_picked":["Cold Snap","Turbo"],"picked":"Electrodynamics","floor":6},{"not_picked":["Rebound","Compile Driver"],"picked":"FTL","floor":7},{"not_picked":["Sweeping Beam","Hologram"],"picked":"White Noise","floor":10},{"not_picked":["Buffer","Multi-Cast"],"picked":"Echo Form","floor":16},{"not_picked":["Hologram+1","Gash"],"picked":"Leap+1","floor":18},{"not_picked":["Streamline+1","Compile Driver"],"picked":"Buffer","floor":20}],"player_experience":1023923,"relics_obtained":[{"floor":6,"key":"Centennial Puzzle"},{"floor":9,"key":"Omamori"},{"floor":12,"key":"Sundial"},{"floor":17,"key":"Art of War"},{"floor":17,"key":"Ornamental Fan"},{"floor":17,"key":"StoneCalendar"},{"floor":21,"key":"Necronomicon"}],"event_choices":[{"event_name":"Golden Shrine","player_choice":"Desecrate","floor":2,"damage_taken":0},{"event_name":"Big Fish","player_choice":"Donut","floor":4,"damage_taken":0},{"event_name":"Match and Keep!","player_choice":"2 cards matched","floor":11,"damage_taken":0},{"event_name":"Golden Wing","player_choice":"Card Removal","floor":14,"damage_taken":0},{"event_name":"N\u0027loth","player_choice":"Traded a Ornamental Fan","floor":19,"damage_taken":0},{"event_name":"Cursed Tome","player_choice":"Obtained Book","floor":21,"damage_taken":0}],"is_beta":false,"boss_relics":[{"not_picked":["Nuclear Battery","Cursed Key"],"picked":"Calling Bell"}],"items_purged_floors":[5,22],"is_endless":false,"potions_floor_spawned":[3,6,7,10],"killed_by":"Slavers","ascension_level":9}