{"gold_per_floor":[112,126,126,126,137,137,170,170,170,170,186,205,33,66,78,164,176,204,142,142,142,157,192,192,222,245,274,285,316,316,21,21,93,93,103,157,157,176,190,190,209,209,209,8,8],"floor_reached":45,"playtime":1937,"items_purged":["Writhe","Strike_G"],"score":1048,"play_id":"bd29a867-a1ed-45a4-8a8a-842757de441e","local_time":"20181021005314","is_ascension_mode":true,"campfire_choices":[{"data":"Noxious Fumes","floor":6.0,"key":"SMITH"},{"data":"Neutralize","floor":8.0,"key":"SMITH"},{"floor":10.0,"key":"REST"},{"data":"Caltrops","floor":15.0,"key":"SMITH"},{"floor":24.0,"key":"REST"},{"data":"Wraith Form v2","floor":32.0,"key":"SMITH"},{"data":"Discovery","floor":40,"key":"SMITH"}],"neow_cost":"NONE","seed_source_timestamp":329562772603848,"circlet_count":0,"master_deck":["Defend_G","Defend_G","Defend_G","Defend_G","Defend_G+1","Strike_G","Strike_G","Strike_G","Strike_G","Survivor+1","Neutralize+1","AscendersBane","Flechettes","Noxious Fumes+1","Quick Slash+1","Deadly Poison","Quick Slash","Caltrops+1","Footwork","Poisoned Stab","Blur","Unload","Infinite Blades","Wraith Form v2+1","Ghostly","Ghostly","Ghostly","Ghostly","Ghostly","Deadly Poison","Acrobatics","Backstab+1","Dash","Backstab","Discovery+1","Venomology","Backflip","Wraith Form v2+1","Terror","Neutralize","Escape Plan","Cloak And Dagger","Noxious Fumes"],"special_seed":0,"relics":["Ring of the Snake","NeowsBlessing","Ginger","Nunchaku","Mummified Hand","MawBank","WristBlade","Meat on the Bone","Dodecahedron","Art of War","Bronze Scales","Whetstone","Paper Crane","Busted Crown","Tough Bandages","Darkstone Periapt"],"potions_floor_usage":[36,39,39,45,45],"damage_taken":[{"damage":0.0,"enemies":"2 Louse","floor":1.0,"turns":1.0},{"damage":0.0,"enemies":"Jaw Worm","floor":2.0,"turns":1.0},{"damage":0.0,"enemies":"Small Slimes","floor":5.0,"turns":1.0},{"damage":15.0,"enemies":"3 Sentries","floor":7.0,"turns":9.0},{"damage":0.0,"enemies":"Looter","floor":11.0,"turns":3.0},{"damage":9.0,"enemies":"Exordium Thugs","floor":12.0,"turns":5.0},{"damage":2.0,"enemies":"Gremlin Nob","floor":14.0,"turns":4.0},{"damage":9.0,"enemies":"Hexaghost","floor":16.0,"turns":8.0},{"damage":9.0,"enemies":"Chosen","floor":18.0,"turns":4.0},{"damage":12.0,"enemies":"3 Byrds","floor":22.0,"turns":1.0},{"damage":8.0,"enemies":"Slavers","floor":23.0,"turns":7.0},{"damage":8.0,"enemies":"Gremlin Leader","floor":25.0,"turns":8.0},{"damage":11.0,"enemies":"Book of Stabbing","floor":27.0,"turns":5.0},{"damage":2.0,"enemies":"3 Cultists","floor":28.0,"turns":6.0},{"damage":13.0,"enemies":"Slavers","floor":29.0,"turns":7.0},{"damage":13.0,"enemies":"Champ","floor":33.0,"turns":14.0},{"damage":2.0,"enemies":"Orb Walker","floor":35.0,"turns":3.0},{"damage":25,"enemies":"2 Orb Walkers","floor":36,"turns":6},{"damage":0,"enemies":"3 Shapes","floor":38,"turns":4},{"damage":0,"enemies":"Spire Growth","floor":39,"turns":6},{"damage":2,"enemies":"Jaw Worm Horde","floor":41,"turns":5},{"damage":42,"enemies":"Reptomancer","floor":45,"turns":3}],"seed_played":"2492534672990060012","potions_obtained":[{"floor":1.0,"key":"Dexterity Potion"},{"floor":11.0,"key":"Block Potion"},{"floor":12.0,"key":"SkillPotion"},{"floor":16.0,"key":"Dexterity Potion"},{"floor":23.0,"key":"Poison Potion"},{"floor":27.0,"key":"GhostInAJar"},{"floor":33.0,"key":"GamblersBrew"},{"floor":36,"key":"Explosive Potion"},{"floor":41,"key":"Dexterity Potion"}],"is_trial":false,"path_per_floor":["M","M","?","?","M","R","E","R","T","R","M","M","$","E","R","B",null,"M","$","?","?","M","E","R","E","T","E","M","E","?","$","R","B",null,"M","?","?","M","M","R","M","?","T","$"],"character_chosen":"THE_SILENT","items_purchased":["Footwork","Poisoned Stab","PowerPotion","Wraith Form v2","Backstab","Discovery","GhostInAJar","Cloak And Dagger","Noxious Fumes"],"campfire_rested":2,"item_purchase_floors":[13,13,13,19,31,31,31,44,44],"current_hp_per_floor":[59,59,54,34,34,34,19,19,19,38,38,29,29,27,27,18,54,45,45,33,33,21,13,22,26,26,27,25,24,24,24,24,23,31,29,16,16,28,28,28,26,26,26,26,0],"gold":8,"neow_bonus":"THREE_ENEMY_KILL","is_prod":false,"is_daily":false,"chose_seed":false,"campfire_upgraded":5,"win_rate":0,"timestamp":1540097594,"path_taken":["M","M","?","?","M","R","E","R","T","R","?","M","$","E","R","BOSS","M","$","?","?","M","E","R","E","T","E","M","E","?","$","R","BOSS","M","?","?","M","?","R","M","?","T","$","E"],"build_version":"2018-10-18","purchased_purges":2,"victory":false,"max_hp_per_floor":[66,66,66,66,66,66,66,66,66,66,66,66,66,66,66,66,66,66,66,33,33,33,33,33,33,33,33,33,33,33,33,33,33,33,33,33,33,33,33,33,33,33,33,33,33],"card_choices":[{"not_picked":["Distraction","Deadly Poison"],"picked":"Flechettes","floor":1.0},{"not_picked":["Deflect","Sucker Punch"],"picked":"Noxious Fumes","floor":2.0},{"not_picked":["Underhanded Strike","Well Laid Plans"],"picked":"Quick Slash","floor":5.0},{"not_picked":["Distraction","Riddle With Holes"],"picked":"Deadly Poison","floor":7.0},{"not_picked":["Predator","Acrobatics"],"picked":"Quick Slash","floor":11.0},{"not_picked":["Dagger Spray","Noxious Fumes"],"picked":"Caltrops","floor":12.0},{"not_picked":["Heel Hook","Prepared"],"picked":"Blur","floor":14.0},{"not_picked":["Grand Finale","Envenom"],"picked":"Unload","floor":16.0},{"not_picked":["PiercingWail","Deflect"],"picked":"Infinite Blades","floor":18.0},{"not_picked":["Poisoned Stab","Flying Knee"],"picked":"Deadly Poison","floor":22.0},{"not_picked":["Choke+1","Deflect","Underhanded Strike"],"picked":"SKIP","floor":23.0},{"not_picked":["Flechettes","PiercingWail"],"picked":"Acrobatics","floor":25.0},{"not_picked":["Acrobatics","Underhanded Strike","Masterful Stab"],"picked":"SKIP","floor":27.0},{"not_picked":["Bane","Storm of Steel"],"picked":"Backstab","floor":28.0},{"not_picked":["Deadly Poison","Infinite Blades"],"picked":"Dash","floor":29.0},{"not_picked":["Storm of Steel","Grand Finale"],"picked":"Venomology","floor":33.0},{"not_picked":["Eviscerate"],"picked":"SKIP","floor":35.0},{"not_picked":[],"picked":"Backflip","floor":36},{"not_picked":[],"picked":"Terror","floor":38},{"not_picked":["Crippling Poison"],"picked":"SKIP","floor":39},{"not_picked":["Blur"],"picked":"SKIP","floor":41}],"player_experience":1057218,"relics_obtained":[{"floor":7.0,"key":"Nunchaku"},{"floor":9.0,"key":"Mummified Hand"},{"floor":14.0,"key":"MawBank"},{"floor":23.0,"key":"Meat on the Bone"},{"floor":25.0,"key":"Dodecahedron"},{"floor":26.0,"key":"Art of War"},{"floor":27.0,"key":"Bronze Scales"},{"floor":29.0,"key":"Whetstone"},{"floor":36,"key":"Tough Bandages"},{"floor":43,"key":"Darkstone Periapt"}],"event_choices":[{"damage_healed":0.0,"max_hp_gain":0.0,"max_hp_loss":0.0,"gold_gain":0.0,"event_name":"Scrap Ooze","player_choice":"Success","floor":3.0,"gold_loss":0.0,"damage_taken":5.0,"relics_obtained":["Ginger"]},{"damage_healed":0.0,"max_hp_gain":0.0,"max_hp_loss":0.0,"gold_gain":0.0,"event_name":"Shining Light","player_choice":"Entered Light","floor":4.0,"gold_loss":0.0,"damage_taken":20.0,"cards_upgraded":["Survivor","Defend_G"]},{"damage_healed":0.0,"max_hp_gain":0.0,"max_hp_loss":33.0,"gold_gain":0.0,"event_name":"Ghosts","player_choice":"Became a Ghost","floor":20.0,"gold_loss":0.0,"damage_taken":0.0,"cards_obtained":["Ghostly","Ghostly","Ghostly","Ghostly","Ghostly"]},{"damage_healed":0.0,"max_hp_gain":0.0,"max_hp_loss":0.0,"gold_gain":0.0,"event_name":"Beggar","player_choice":"Ignored","floor":21.0,"gold_loss":0.0,"damage_taken":0.0},{"damage_healed":0.0,"max_hp_gain":0.0,"max_hp_loss":0.0,"gold_gain":0.0,"event_name":"The Mausoleum","player_choice":"Opened","floor":30.0,"gold_loss":0.0,"damage_taken":0.0,"relics_obtained":["Paper Crane"],"cards_obtained":["Writhe"]},{"damage_healed":0,"gold_gain":0,"player_choice":"Fight","damage_taken":0,"max_hp_gain":0,"max_hp_loss":0,"event_name":"Mysterious Sphere","floor":36,"gold_loss":0},{"damage_healed":0,"gold_gain":0,"player_choice":"Copied","damage_taken":0,"max_hp_gain":0,"max_hp_loss":0,"event_name":"Duplicator","floor":37,"gold_loss":0,"cards_obtained":["Wraith Form v2"]},{"damage_healed":0,"gold_gain":0,"player_choice":"2 cards matched","damage_taken":0,"max_hp_gain":0,"max_hp_loss":0,"event_name":"Match and Keep!","floor":42,"gold_loss":0,"cards_obtained":["Neutralize","Escape Plan"]}],"is_beta":false,"boss_relics":[{"not_picked":["Runic Pyramid","HoveringKite"],"picked":"WristBlade"},{"not_picked":["Snecko Eye","Philosopher\u0027s Stone"],"picked":"Busted Crown"}],"items_purged_floors":[31,44],"is_endless":false,"potions_floor_spawned":[1,11,12,16,23,27,33,36,41],"killed_by":"Reptomancer","ascension_level":20}