{"path_per_floor":["M","$","M","M","M","E","R","M","T","E","?","E","M","E","R","B",null,"M","?","M","$","M","E","R","E","T","$","M","?","E","$","R","B",null,"M","M","?","?","M","R","?","M","T","M","R","E","R","E","R","B"],"character_chosen":"IRONCLAD","items_purchased":["Armaments","Reaper","Thinking Ahead","Block Potion","Vajra","Regen Potion"],"gold_per_floor":[109,84,103,121,141,171,171,191,191,218,218,252,270,304,304,407,407,422,422,434,57,68,100,100,133,188,45,55,55,87,36,36,137,137,157,169,169,169,179,179,179,191,216,233,233,259,259,293,293,293],"floor_reached":51,"campfire_rested":2,"playtime":4353,"current_hp_per_floor":[80,80,80,80,80,66,66,63,63,37,57,47,48,23,47,50,80,64,64,68,68,71,44,44,73,73,73,58,58,38,38,61,50,77,77,70,60,60,65,65,55,77,77,76,76,77,77,53,53,45],"items_purged":["Parasite"],"gold":293,"score":782,"play_id":"058971d5-b3e3-40b5-973a-4502277ef31a","local_time":"20180415212726","is_prod":false,"is_daily":false,"chose_seed":false,"is_ascension_mode":true,"campfire_upgraded":6,"timestamp":1523820446,"path_taken":["M","$","M","M","M","E","R","M","T","E","?","E","M","E","R","BOSS","M","?","M","$","M","E","R","E","T","$","M","?","E","?","R","BOSS","M","M","?","?","?","R","?","?","T","M","R","E","R","E","R","BOSS"],"build_version":"2018-04-12","seed_source_timestamp":417976895700201,"purchased_purges":1,"victory":true,"master_deck":["Strike_R","Strike_R","Strike_R","Strike_R+1","Strike_R","Defend_R","Defend_R","Defend_R","Bash+1","Flex+1","Armaments+1","Flex","Thunderclap+1","Dropkick","Perfected Strike","Clash","Demon Form","Spot Weakness","Flex+1","Reaper","Thinking Ahead+1","Rage+1","Disarm+1","Impervious","Demon Form+1","Dramatic Entrance","Madness+1","Secret Weapon+1","Seeing Red+1","Madness+1","Madness+1","Disarm+1","Whirlwind+1","Battle Trance+1"],"max_hp_per_floor":[80,80,80,80,80,80,80,80,80,80,80,80,80,80,80,80,80,80,80,80,77,77,77,77,77,77,77,77,77,77,77,77,77,77,77,77,77,77,77,77,77,77,77,77,77,77,77,77,77,77],"relics":["Burning Blood","Ancient Tea Set","Bronze Scales","Whetstone","Mummified Hand","Mercury Hourglass","Runic Cube","Champion Belt","Bag of Preparation","War Paint","Vajra","Magic Flower","Frozen Egg 2","White Beast Statue","Regal Pillow","Red Skull","Pantograph"],"card_choices":[{"not_picked":["Feel No Pain","Havoc"],"picked":"Flex","floor":1.0},{"not_picked":["Fire Breathing","Clothesline"],"picked":"Flex","floor":3.0},{"not_picked":["Warcry","Clash"],"picked":"Thunderclap","floor":4.0},{"not_picked":["Impervious","Sentinel"],"picked":"Dropkick","floor":6.0},{"not_picked":["True Grit","Cleave"],"picked":"Perfected Strike","floor":12.0},{"not_picked":["Anger","Second Wind"],"picked":"Clash","floor":14.0},{"not_picked":["Dark Embrace","Brutality"],"picked":"Demon Form","floor":16.0},{"not_picked":["True Grit","Iron Wave"],"picked":"Spot Weakness","floor":18.0},{"not_picked":["Burning Pact","Pommel Strike"],"picked":"Flex","floor":20.0},{"not_picked":["Clash","Whirlwind"],"picked":"Rage","floor":22.0},{"not_picked":["Clothesline","Feed"],"picked":"Disarm","floor":23.0},{"not_picked":["Heavy Blade","Armaments"],"picked":"Impervious","floor":25.0},{"not_picked":["Feed","Exhume"],"picked":"Demon Form","floor":33},{"not_picked":["Deep Breath","Transmutation"],"picked":"Dramatic Entrance","floor":37},{"not_picked":["Purity","Secret Technique"],"picked":"Madness","floor":37},{"not_picked":["Mind Blast","Panache"],"picked":"Secret Weapon","floor":37},{"not_picked":["Iron Wave","Perfected Strike"],"picked":"Seeing Red","floor":39},{"not_picked":["Iron Wave","True Grit"],"picked":"Disarm","floor":42},{"not_picked":["Searing Blow","Warcry"],"picked":"Whirlwind","floor":44},{"not_picked":["Pommel Strike","Wild Strike"],"picked":"Battle Trance","floor":48}],"player_experience":236410,"potions_floor_usage":[30,33,42,44,46,48,50,50],"damage_taken":[{"damage":0.0,"enemies":"2 Louse","floor":1.0,"turns":3.0},{"damage":6.0,"enemies":"Jaw Worm","floor":3.0,"turns":3.0},{"damage":6.0,"enemies":"Small Slimes","floor":4.0,"turns":3.0},{"damage":6.0,"enemies":"2 Fungi Beasts","floor":5.0,"turns":4.0},{"damage":26.0,"enemies":"Lagavulin","floor":6.0,"turns":5.0},{"damage":9.0,"enemies":"3 Louse","floor":8.0,"turns":4.0},{"damage":32.0,"enemies":"Gremlin Nob","floor":10.0,"turns":4.0},{"damage":16.0,"enemies":"3 Sentries","floor":12.0,"turns":4.0},{"damage":5.0,"enemies":"Exordium Wildlife","floor":13.0,"turns":3.0},{"damage":31.0,"enemies":"Lagavulin","floor":14.0,"turns":5.0},{"damage":3.0,"enemies":"Slime Boss","floor":16.0,"turns":7.0},{"damage":22.0,"enemies":"Shell Parasite","floor":18.0,"turns":4.0},{"damage":2.0,"enemies":"3 Byrds","floor":20.0,"turns":2.0},{"damage":9.0,"enemies":"Snake Plant","floor":22.0,"turns":3.0},{"damage":33.0,"enemies":"Book of Stabbing","floor":23.0,"turns":5.0},{"damage":13.0,"enemies":"Gremlin Leader","floor":25.0,"turns":6.0},{"damage":29,"enemies":"Slaver and Parasite","floor":28,"turns":4},{"damage":29,"enemies":"Book of Stabbing","floor":30,"turns":4},{"damage":92,"enemies":"Collector","floor":33,"turns":10},{"damage":26,"enemies":"3 Shapes","floor":35,"turns":6},{"damage":58,"enemies":"3 Darklings","floor":36,"turns":4},{"damage":37,"enemies":"4 Shapes","floor":39,"turns":6},{"damage":2,"enemies":"Sphere and 2 Shapes","floor":42,"turns":3},{"damage":25,"enemies":"3 Darklings","floor":44,"turns":6},{"damage":8,"enemies":"Nemesis","floor":46,"turns":5},{"damage":33,"enemies":"2 Orb Walkers","floor":48,"turns":3},{"damage":92,"enemies":"Awakened One","floor":50,"turns":9}],"event_choices":[{"event_name":"Mushrooms","player_choice":"Healed and dodged fight","floor":11.0,"damage_taken":0.0},{"event_name":"Vampires","player_choice":"Ignored","floor":19.0,"damage_taken":0.0},{"event_name":"The Mausoleum","player_choice":"Yes","floor":29,"damage_taken":0},{"event_name":"SensoryStone","player_choice":"Memory 3","floor":37,"damage_taken":0},{"event_name":"Purifier","player_choice":"One Purge","floor":38,"damage_taken":0},{"event_name":"Winding Halls","player_choice":"Embrace Madness","floor":41,"damage_taken":0}],"boss_relics":[{"not_picked":["Runic Dome","Snecko Eye"],"picked":"White Beast Statue"}],"potions_floor_spawned":[1,3,8,13,14,20,23,28,33,35,36,39,42,44,46,48],"seed_played":"-3198645712666690114","ascension_level":1,"is_trial":false}