{"gold_per_floor":[119,194,194,344,344,382,403,403,403,426,457,179,179,198,198,289,289,313,337,337,10,29,29,54,54,122,122,122],"floor_reached":28,"playtime":754,"items_purged":["Doubt"],"score":502,"play_id":"0bb7d2d2-b170-400a-abdf-1e72c159734d","local_time":"20181205132342","is_ascension_mode":true,"campfire_choices":[{"data":"Sunder","floor":8.0,"key":"SMITH"},{"data":"Zap","floor":13,"key":"SMITH"},{"data":"Darkness","floor":15,"key":"SMITH"},{"data":"Fission","floor":23,"key":"SMITH"},{"floor":25,"key":"REST"},{"data":"Hologram","floor":27,"key":"SMITH"}],"neow_cost":"NONE","seed_source_timestamp":182909495902890,"circlet_count":0,"master_deck":["AscendersBane","Strike_B","Strike_B","Strike_B","Strike_B","Defend_B","Defend_B","Defend_B","Defend_B","Zap+1","Dualcast","Darkness+1","Ball Lightning","Sunder+1","Conserve Battery","Reinforced Body","Hologram+1","Fission+1","Echo Form","Genetic Algorithm"],"special_seed":0,"relics":["Cracked Core","NeowsBlessing","Golden Idol","Ice Cream","Smiling Mask","Bag of Preparation","Lee\u0027s Waffle","Snecko Eye","Mummified Hand","Sundial"],"potions_floor_usage":[11,22,24],"damage_taken":[{"damage":0.0,"enemies":"Jaw Worm","floor":1.0,"turns":1.0},{"damage":0.0,"enemies":"Gremlin Nob","floor":6.0,"turns":1.0},{"damage":0.0,"enemies":"Small Slimes","floor":7.0,"turns":1.0},{"damage":4.0,"enemies":"2 Louse","floor":10.0,"turns":2.0},{"damage":14,"enemies":"3 Sentries","floor":11,"turns":4},{"damage":12,"enemies":"Exordium Wildlife","floor":14,"turns":3},{"damage":34,"enemies":"The Guardian","floor":16,"turns":9},{"damage":27,"enemies":"Spheric Guardian","floor":18,"turns":6},{"damage":0,"enemies":"Chosen","floor":19,"turns":2},{"damage":13,"enemies":"Snecko","floor":22,"turns":4},{"damage":10,"enemies":"Centurion and Healer","floor":24,"turns":5},{"damage":0,"enemies":"Sentry and Sphere","floor":28,"turns":1}],"seed_played":"7774775090360478839","potions_obtained":[{"floor":1.0,"key":"EssenceOfSteel"},{"floor":7.0,"key":"Explosive Potion"},{"floor":11,"key":"PowerPotion"},{"floor":22,"key":"PowerPotion"}],"is_trial":false,"path_per_floor":["M","?","?","?","?","E","M","R","T","M","E","$","R","M","R","B",null,"M","M","?","$","M","R","M","R","T","R","M"],"character_chosen":"DEFECT","items_purchased":["Lee\u0027s Waffle","Mummified Hand","Genetic Algorithm"],"campfire_rested":1,"item_purchase_floors":[12,21,21],"current_hp_per_floor":[64,53,29,29,52,52,52,52,52,48,34,78,78,66,66,32,67,40,40,40,40,27,27,17,40,40,40,40],"gold":122,"neow_bonus":"THREE_ENEMY_KILL","is_prod":false,"is_daily":false,"chose_seed":false,"campfire_upgraded":5,"win_rate":0,"timestamp":1544034222,"path_taken":["M","?","?","?","?","E","M","R","T","M","E","$","R","M","R","BOSS","M","M","?","$","M","R","M","R","T","R","M"],"build_version":"2018-12-05","purchased_purges":1,"victory":false,"max_hp_per_floor":[71,71,71,71,71,71,71,71,71,71,71,78,78,78,78,78,78,78,78,78,78,78,78,78,78,78,78,78],"card_choices":[{"not_picked":["Chill","Go for the Eyes"],"picked":"Darkness","floor":1.0},{"not_picked":["Chaos","Auto Shields"],"picked":"Ball Lightning","floor":6.0},{"not_picked":["Hologram","Double Energy"],"picked":"Sunder","floor":7.0},{"not_picked":["Sweeping Beam","Streamline"],"picked":"Conserve Battery","floor":10.0},{"not_picked":["Chaos","Recycle"],"picked":"Reinforced Body","floor":11},{"not_picked":["Go for the Eyes","Barrage"],"picked":"Hologram","floor":14},{"not_picked":["Reboot","Amplify"],"picked":"Fission","floor":16},{"not_picked":["Rebound","Ball Lightning","Storm"],"picked":"SKIP","floor":18},{"not_picked":["Ball Lightning","Rebound","Hologram"],"picked":"SKIP","floor":19},{"not_picked":["Heatsinks","Steam Power","Recycle"],"picked":"SKIP","floor":22},{"not_picked":["Melter","Skim","Stack+1"],"picked":"SKIP","floor":24}],"player_experience":1178489,"relics_obtained":[{"floor":6.0,"key":"Ice Cream"},{"floor":9.0,"key":"Smiling Mask"},{"floor":11,"key":"Bag of Preparation"},{"floor":26,"key":"Sundial"}],"event_choices":[{"damage_healed":0.0,"max_hp_gain":0.0,"max_hp_loss":0.0,"gold_gain":75.0,"event_name":"World of Goop","player_choice":"Gather Gold","floor":2.0,"gold_loss":0.0,"damage_taken":11.0},{"damage_healed":0.0,"max_hp_gain":0.0,"max_hp_loss":0.0,"gold_gain":0.0,"event_name":"Golden Idol","player_choice":"Take Damage","floor":3.0,"gold_loss":0.0,"damage_taken":24.0,"relics_obtained":["Golden Idol"]},{"damage_healed":0.0,"max_hp_gain":0.0,"max_hp_loss":0.0,"gold_gain":150.0,"event_name":"Liars Game","player_choice":"AGREE","floor":4.0,"gold_loss":0.0,"damage_taken":0.0,"cards_obtained":["Doubt"]},{"damage_healed":23.0,"max_hp_gain":0.0,"max_hp_loss":0.0,"gold_gain":0.0,"event_name":"Big Fish","player_choice":"Banana","floor":5.0,"gold_loss":0.0,"damage_taken":0.0},{"damage_healed":0,"gold_gain":0,"player_choice":"Read","damage_taken":0,"max_hp_gain":0,"max_hp_loss":0,"event_name":"The Library","floor":20,"gold_loss":0,"cards_obtained":["Echo Form"]}],"is_beta":true,"boss_relics":[{"not_picked":["Calling Bell","White Beast Statue"],"picked":"Snecko Eye"}],"items_purged_floors":[12],"is_endless":false,"potions_floor_spawned":[1,7,11,22],"killed_by":"Sentry and Sphere","ascension_level":20}