{"gold_per_floor":[119,119,194,208,208,237,247,280,333,333,71,71,105,8,8,87,87,99,112,139,139,152,152,202,229,229,243,261,261],"floor_reached":29,"playtime":1026,"items_purged":[],"score":622,"play_id":"bcb67469-9acc-4dd7-ab44-bb8bd11e7d60","local_time":"20181030132953","is_ascension_mode":true,"campfire_choices":[{"floor":10.0,"key":"REST"},{"data":"Skewer","floor":12.0,"key":"SMITH"},{"data":"Noxious Fumes","floor":15.0,"key":"SMITH"},{"floor":23.0,"key":"REST"}],"neow_cost":"NONE","seed_source_timestamp":724347141024225,"circlet_count":0,"master_deck":["Defend_G","Defend_G","Defend_G","Defend_G","Defend_G","Strike_G+1","Strike_G","Strike_G","Strike_G","Survivor","Neutralize+1","AscendersBane","Skewer+1","Quick Slash","Cloak And Dagger","Corpse Explosion","Infinite Blades","Backflip","Dagger Spray","Noxious Fumes+1","Deadly Poison","Night Terror","Crippling Poison+1","Deadly Poison","Cloak And Dagger","Cloak And Dagger","Leg Sweep+1"],"special_seed":0,"relics":["Ring of the Snake","NeowsBlessing","Singing Bowl","Omamori","Bag of Marbles","Oddly Smooth Stone","Tingsha","Fusion Hammer","Red Mask","Bag of Preparation","Peace Pipe"],"potions_floor_usage":[29],"damage_taken":[{"damage":0.0,"enemies":"Cultist","floor":1.0,"turns":1.0},{"damage":0.0,"enemies":"Jaw Worm","floor":4.0,"turns":1.0},{"damage":0.0,"enemies":"3 Sentries","floor":6.0,"turns":1.0},{"damage":0.0,"enemies":"Small Slimes","floor":7.0,"turns":2.0},{"damage":51.0,"enemies":"Lagavulin","floor":8.0,"turns":8.0},{"damage":4.0,"enemies":"3 Sentries","floor":13.0,"turns":4.0},{"damage":9.0,"enemies":"Hexaghost","floor":16.0,"turns":9.0},{"damage":28.0,"enemies":"Shell Parasite","floor":18.0,"turns":5.0},{"damage":17.0,"enemies":"Spheric Guardian","floor":19.0,"turns":6.0},{"damage":0.0,"enemies":"Masked Bandits","floor":20.0,"turns":2.0},{"damage":5.0,"enemies":"Snake Plant","floor":22.0,"turns":4.0},{"damage":14,"enemies":"Slavers","floor":25,"turns":5},{"damage":15,"enemies":"3 Cultists","floor":27,"turns":4},{"damage":0,"enemies":"Centurion and Healer","floor":28,"turns":6},{"damage":2,"enemies":"Colosseum Slavers","floor":29,"turns":1}],"seed_played":"-613170104618581126","potions_obtained":[{"floor":1.0,"key":"Weak Potion"},{"floor":8.0,"key":"EssenceOfSteel"},{"floor":13.0,"key":"Explosive Potion"},{"floor":16.0,"key":"Strength Potion"},{"floor":25,"key":"SteroidPotion"}],"is_trial":false,"path_per_floor":["M","?","?","M","?","E","M","E","T","R","$","R","E","$","R","B",null,"M","M","?","?","M","R","?","E","T","M","M"],"character_chosen":"THE_SILENT","items_purchased":["Oddly Smooth Stone","Infinite Blades","Backflip","Noxious Fumes","Deadly Poison"],"campfire_rested":2,"item_purchase_floors":[11,11,11,14,14],"current_hp_per_floor":[59,39,28,28,50,52,52,1,1,21,21,21,17,17,17,8,53,25,10,12,12,7,28,28,16,16,1,1,0],"gold":261,"neow_bonus":"THREE_ENEMY_KILL","is_prod":false,"is_daily":false,"chose_seed":false,"campfire_upgraded":2,"win_rate":0,"timestamp":1540920593,"path_taken":["M","?","?","M","?","E","M","E","T","R","$","R","E","$","R","BOSS","M","M","?","?","M","R","?","E","T","M","M","?"],"build_version":"2018-10-25v2","purchased_purges":0,"victory":false,"max_hp_per_floor":[66,66,66,66,66,68,68,68,68,68,68,68,68,68,68,68,68,68,70,72,72,72,72,72,74,74,74,74,74],"card_choices":[{"not_picked":["Expertise","Slice"],"picked":"Skewer","floor":1.0},{"not_picked":["Catalyst","Outmaneuver"],"picked":"Quick Slash","floor":4.0},{"not_picked":["Prepared","Concentrate","Reflex"],"picked":"Singing Bowl","floor":6.0},{"not_picked":["Dodge and Roll","Deadly Poison"],"picked":"Cloak And Dagger","floor":7.0},{"not_picked":["Finisher","Underhanded Strike"],"picked":"Corpse Explosion","floor":8.0},{"not_picked":["Slice","Bane"],"picked":"Dagger Spray","floor":13.0},{"not_picked":["Burst","Corpse Explosion"],"picked":"Night Terror","floor":16.0},{"not_picked":["Distraction","PiercingWail"],"picked":"Crippling Poison+1","floor":18.0},{"not_picked":["Flying Knee","Slice","Dagger Throw"],"picked":"Singing Bowl","floor":19.0},{"not_picked":["Outmaneuver","All Out Attack","Dodge and Roll"],"picked":"Singing Bowl","floor":20.0},{"not_picked":["Sucker Punch","Dagger Spray"],"picked":"Cloak And Dagger","floor":22.0},{"not_picked":["Deadly Poison","Deflect","Infinite Blades"],"picked":"Singing Bowl","floor":25},{"not_picked":["Corpse Explosion","Poisoned Stab"],"picked":"Cloak And Dagger","floor":27},{"not_picked":["Setup","Flying Knee"],"picked":"Leg Sweep+1","floor":28}],"player_experience":1107086,"relics_obtained":[{"floor":6.0,"key":"Singing Bowl"},{"floor":8.0,"key":"Omamori"},{"floor":9.0,"key":"Bag of Marbles"},{"floor":13.0,"key":"Tingsha"},{"floor":20.0,"key":"Red Mask"},{"floor":25,"key":"Bag of Preparation"},{"floor":26,"key":"Peace Pipe"}],"event_choices":[{"damage_healed":0.0,"max_hp_gain":0.0,"max_hp_loss":0.0,"gold_gain":0.0,"event_name":"Shining Light","player_choice":"Entered Light","floor":2.0,"gold_loss":0.0,"damage_taken":20.0,"cards_upgraded":["Strike_G","Neutralize"]},{"damage_healed":0.0,"max_hp_gain":0.0,"max_hp_loss":0.0,"gold_gain":75.0,"event_name":"World of Goop","player_choice":"Gather Gold","floor":3.0,"gold_loss":0.0,"damage_taken":11.0},{"damage_healed":22.0,"max_hp_gain":0.0,"max_hp_loss":0.0,"gold_gain":0.0,"event_name":"Big Fish","player_choice":"Banana","floor":5.0,"gold_loss":0.0,"damage_taken":0.0},{"damage_healed":0.0,"max_hp_gain":0.0,"max_hp_loss":0.0,"gold_gain":0.0,"event_name":"Masked Bandits","player_choice":"Fought Bandits","floor":20.0,"gold_loss":0.0,"damage_taken":0.0},{"damage_healed":0.0,"max_hp_gain":0.0,"max_hp_loss":0.0,"gold_gain":0.0,"cards_transformed":["Strike_G"],"event_name":"Transmorgrifier","player_choice":"Transformed","floor":21.0,"gold_loss":0.0,"damage_taken":0.0,"cards_obtained":["Deadly Poison"]},{"damage_healed":0.0,"max_hp_gain":0.0,"max_hp_loss":0.0,"gold_gain":50.0,"event_name":"Nest","player_choice":"Stole From Cult","floor":24.0,"gold_loss":0.0,"damage_taken":0.0},{"damage_healed":0,"gold_gain":0,"player_choice":"Fight","damage_taken":0,"max_hp_gain":0,"max_hp_loss":0,"event_name":"Colosseum","floor":29,"gold_loss":0}],"is_beta":false,"boss_relics":[{"not_picked":["Empty Cage","Eternal Feather"],"picked":"Fusion Hammer"}],"items_purged_floors":[],"is_endless":false,"potions_floor_spawned":[1,8,13,16,18,19,25],"killed_by":"Colosseum Slavers","ascension_level":20}