{"gold_per_floor":[112,130,130,143,159,185,199,199,199,225,225,225],"floor_reached":12,"playtime":293,"items_purged":[],"score":153,"play_id":"c7786389-99c2-4ba9-8f7c-1e66e9ebfcff","local_time":"20190216115020","is_ascension_mode":true,"campfire_choices":[{"data":"Body Slam","floor":8,"key":"SMITH"},{"data":"Clothesline","floor":11,"key":"SMITH"}],"neow_cost":"NONE","seed_source_timestamp":730596483891488,"circlet_count":0,"master_deck":["AscendersBane","Strike_R","Strike_R","Strike_R","Strike_R","Strike_R","Defend_R","Defend_R","Defend_R","Defend_R","Bash","Headbutt","Power Through","Pummel","Power Through","Body Slam+1","Clothesline+1"],"relics":["Burning Blood","NeowsBlessing","Frozen Egg 2","Letter Opener","Bag of Marbles"],"potions_floor_usage":[6,10],"damage_taken":[{"damage":0,"enemies":"Cultist","floor":1,"turns":1},{"damage":0,"enemies":"2 Louse","floor":2,"turns":1},{"damage":0,"enemies":"Small Slimes","floor":4,"turns":2},{"damage":15,"enemies":"Exordium Wildlife","floor":5,"turns":5},{"damage":35,"enemies":"3 Sentries","floor":6,"turns":9},{"damage":6,"enemies":"2 Fungi Beasts","floor":7,"turns":4},{"damage":20,"enemies":"Gremlin Nob","floor":10,"turns":5},{"damage":13,"enemies":"Large Slime","floor":12,"turns":4}],"seed_played":"-7146362362475239980","potions_obtained":[{"floor":2,"key":"Fire Potion"},{"floor":6,"key":"FairyPotion"},{"floor":7,"key":"Regen Potion"}],"is_trial":false,"path_per_floor":["M","M","?","M","M","E","M","R","T","E","R","M"],"character_chosen":"IRONCLAD","items_purchased":[],"campfire_rested":0,"item_purchase_floors":[],"current_hp_per_floor":[74,75,75,75,66,37,37,37,37,37,37,24],"gold":225,"neow_bonus":"THREE_ENEMY_KILL","is_prod":false,"is_daily":false,"chose_seed":false,"campfire_upgraded":2,"win_rate":0,"timestamp":1550314220,"path_taken":["M","?","?","M","?","E","M","R","T","E","R","M"],"build_version":"2019-01-23","purchased_purges":0,"victory":false,"max_hp_per_floor":[75,75,75,75,75,75,75,75,75,75,75,75],"card_choices":[{"not_picked":["Perfected Strike","Twin Strike"],"picked":"Headbutt","floor":1},{"not_picked":["Iron Wave","Flex"],"picked":"Sword Boomerang","floor":2},{"not_picked":["Headbutt","Perfected Strike"],"picked":"Power Through","floor":4},{"not_picked":["True Grit","Feel No Pain"],"picked":"Pummel","floor":5},{"not_picked":["Twin Strike","Thunderclap"],"picked":"Power Through","floor":6},{"not_picked":["Searing Blow","Thunderclap"],"picked":"Body Slam","floor":7},{"not_picked":["Shrug It Off","Ghostly Armor"],"picked":"Clothesline","floor":10}],"player_experience":2286205,"relics_obtained":[{"floor":6,"key":"Frozen Egg 2"},{"floor":9,"key":"Letter Opener"},{"floor":10,"key":"Bag of Marbles"}],"event_choices":[{"cards_removed":["Sword Boomerang"],"damage_healed":5,"gold_gain":0,"player_choice":"Offered Common","damage_taken":0,"max_hp_gain":0,"max_hp_loss":0,"event_name":"Bonfire Elementals","floor":3,"gold_loss":0},{"cards_removed":["Sword Boomerang"],"damage_healed":5,"gold_gain":0,"player_choice":"Offered Special","damage_taken":0,"max_hp_gain":0,"max_hp_loss":0,"event_name":"Bonfire Elementals","floor":3,"gold_loss":0}],"is_beta":false,"boss_relics":[],"items_purged_floors":[],"is_endless":false,"potions_floor_spawned":[2,6,7],"killed_by":"Large Slime","ascension_level":14}