{"gold_per_floor":[19,36,47,147,163,178,42,42,42,117,130,130,19,29,29,29],"floor_reached":16,"playtime":916,"items_purged":["Strike_R"],"score":150,"play_id":"b7531a16-f43d-485c-8d87-fe28ab271fe8","local_time":"20190122200145","is_ascension_mode":true,"campfire_choices":[{"data":"Feed","floor":8,"key":"SMITH"},{"data":"Burning Pact","floor":12,"key":"SMITH"},{"floor":15,"key":"REST"}],"neow_cost":"NO_GOLD","seed_source_timestamp":12872807913952522,"circlet_count":0,"master_deck":["AscendersBane","Strike_R","Strike_R","Strike_R","Strike_R","Defend_R","Defend_R","Defend_R","Defend_R","Bash","Cleave","Dropkick","Intimidate","Burning Pact+1","Feed+1","Battle Trance","Metallicize","Thunderclap"],"relics":["Burning Blood","Unceasing Top","Paper Frog"],"potions_floor_usage":[14,16],"damage_taken":[{"damage":4,"enemies":"2 Louse","floor":1,"turns":4},{"damage":6,"enemies":"Cultist","floor":2,"turns":4},{"damage":8,"enemies":"Small Slimes","floor":3,"turns":3},{"damage":12,"enemies":"Blue Slaver","floor":5,"turns":4},{"damage":3,"enemies":"2 Fungi Beasts","floor":6,"turns":3},{"damage":10,"enemies":"3 Louse","floor":11,"turns":4},{"damage":52,"enemies":"Gremlin Gang","floor":14,"turns":5},{"damage":56,"enemies":"Hexaghost","floor":16,"turns":9}],"seed_played":"6914813790891167940","potions_obtained":[{"floor":5,"key":"Ancient Potion"},{"floor":6,"key":"Regen Potion"},{"floor":14,"key":"PowerPotion"}],"is_trial":false,"path_per_floor":["M","M","M","?","M","M","$","R","T","?","M","R","$","M","R","B"],"character_chosen":"IRONCLAD","items_purchased":["Feed","Metallicize"],"campfire_rested":1,"item_purchase_floors":[7,13],"current_hp_per_floor":[74,74,72,72,66,69,69,69,69,61,61,61,61,28,54,0],"gold":29,"neow_bonus":"ONE_RARE_RELIC","is_prod":false,"is_daily":false,"chose_seed":false,"campfire_upgraded":2,"win_rate":0,"timestamp":1548183705,"path_taken":["M","M","M","?","?","M","$","R","T","?","M","R","$","?","R","BOSS"],"build_version":"2019-01-17v2","purchased_purges":1,"victory":false,"max_hp_per_floor":[80,80,80,80,80,80,80,80,80,80,84,84,84,88,88,88],"card_choices":[{"not_picked":["Sword Boomerang","Body Slam"],"picked":"Cleave","floor":1},{"not_picked":["Metallicize","Intimidate"],"picked":"Dropkick","floor":2},{"not_picked":["Havoc","Cleave"],"picked":"Intimidate","floor":3},{"not_picked":["Headbutt","Carnage"],"picked":"Burning Pact","floor":5},{"not_picked":["Sword Boomerang","Heavy Blade","Blood for Blood"],"picked":"SKIP","floor":6},{"not_picked":["Hemokinesis","Corruption"],"picked":"Battle Trance","floor":11},{"not_picked":["Heavy Blade","Iron Wave"],"picked":"Thunderclap","floor":14}],"player_experience":294614,"relics_obtained":[{"floor":9,"key":"Paper Frog"}],"event_choices":[{"damage_healed":0,"gold_gain":100,"player_choice":"Pray","damage_taken":0,"max_hp_gain":0,"max_hp_loss":0,"event_name":"Golden Shrine","floor":4,"gold_loss":0},{"damage_healed":0,"gold_gain":75,"player_choice":"Touch","damage_taken":8,"max_hp_gain":0,"max_hp_loss":0,"event_name":"FaceTrader","floor":10,"gold_loss":0}],"is_beta":false,"boss_relics":[],"items_purged_floors":[13],"is_endless":false,"potions_floor_spawned":[5,6,14],"killed_by":"Hexaghost","ascension_level":12}