{"gold_per_floor":[117,127,302,302,252,252,284,161,187,215,226,244,244,52,52,52],"floor_reached":16,"playtime":925,"items_purged":["Strike_R"],"score":206,"play_id":"0ed50985-8dae-492c-9b2f-2542f1b83b0e","local_time":"20190120200017","is_ascension_mode":true,"campfire_choices":[{"data":"Headbutt","floor":6,"key":"SMITH"},{"data":"Barricade","floor":13,"key":"SMITH"},{"data":"Ghostly Armor","floor":15,"key":"SMITH"}],"neow_cost":"NONE","seed_source_timestamp":12699909676635237,"circlet_count":0,"master_deck":["AscendersBane","Strike_R","Strike_R","Strike_R","Strike_R","Defend_R","Defend_R","Defend_R","Defend_R","Bash","Headbutt+1","Barricade+1","Shrug It Off","True Grit","True Grit","Ghostly Armor+1"],"relics":["Burning Blood","NeowsBlessing","Self Forming Clay","Dream Catcher","Orichalcum","Lantern","Vajra"],"potions_floor_usage":[16],"damage_taken":[{"damage":0,"enemies":"2 Louse","floor":1,"turns":1},{"damage":0,"enemies":"Jaw Worm","floor":2,"turns":1},{"damage":0,"enemies":"3 Sentries","floor":7,"turns":1},{"damage":40,"enemies":"Lagavulin","floor":10,"turns":9},{"damage":0,"enemies":"Small Slimes","floor":11,"turns":3},{"damage":19,"enemies":"Exordium Wildlife","floor":12,"turns":6},{"damage":59,"enemies":"Slime Boss","floor":16,"turns":20}],"seed_played":"-8287438883074007460","potions_obtained":[{"floor":2,"key":"Regen Potion"},{"floor":11,"key":"Strength Potion"}],"is_trial":false,"path_per_floor":["M","M","?","T","?","R","E","$","T","E","M","M","R","$","R","B"],"character_chosen":"IRONCLAD","items_purchased":["Shrug It Off","Vajra","Ghostly Armor"],"campfire_rested":0,"item_purchase_floors":[8,14,14],"current_hp_per_floor":[78,80,80,80,80,80,80,80,80,46,52,39,39,39,39,0],"gold":52,"neow_bonus":"THREE_ENEMY_KILL","is_prod":false,"is_daily":false,"chose_seed":false,"campfire_upgraded":3,"win_rate":0,"timestamp":1548010817,"path_taken":["M","M","?","?","?","R","E","$","T","E","M","?","R","?","R","BOSS"],"build_version":"2019-01-17v2","purchased_purges":1,"victory":false,"max_hp_per_floor":[80,80,80,80,80,80,80,80,80,80,80,80,80,80,80,80],"card_choices":[{"not_picked":["Armaments","Perfected Strike"],"picked":"Headbutt","floor":1},{"not_picked":["Wild Strike","Clash","Flex"],"picked":"SKIP","floor":2},{"not_picked":["Iron Wave","Thunderclap"],"picked":"Barricade","floor":7},{"not_picked":["Dark Embrace","Clothesline"],"picked":"True Grit","floor":10},{"not_picked":["Clash","Twin Strike","Flex"],"picked":"SKIP","floor":11},{"not_picked":["Cleave","Fire Breathing"],"picked":"True Grit","floor":12}],"player_experience":279060,"relics_obtained":[{"floor":4,"key":"Self Forming Clay"},{"floor":7,"key":"Dream Catcher"},{"floor":9,"key":"Orichalcum"},{"floor":10,"key":"Lantern"}],"event_choices":[{"damage_healed":0,"gold_gain":175,"player_choice":"AGREE","damage_taken":0,"max_hp_gain":0,"max_hp_loss":0,"event_name":"Liars Game","floor":3,"gold_loss":0,"cards_obtained":["Doubt"]},{"cards_removed":["Doubt"],"damage_healed":0,"gold_gain":0,"player_choice":"Card Removal","damage_taken":0,"max_hp_gain":0,"max_hp_loss":0,"event_name":"The Cleric","floor":5,"gold_loss":50}],"is_beta":false,"boss_relics":[],"items_purged_floors":[8],"is_endless":false,"potions_floor_spawned":[2,11,12],"killed_by":"Slime Boss","ascension_level":11}