{"gold_per_floor":[111,124,124,141,141,141,175,194,194,211,228,188,188],"floor_reached":13,"playtime":414,"items_purged":[],"score":165,"play_id":"c3dabcc3-451e-41d7-8a09-082446c9e372","local_time":"20190213220431","is_ascension_mode":true,"campfire_choices":[{"data":"Iron Wave","floor":6,"key":"SMITH"}],"neow_cost":"NONE","seed_source_timestamp":14781475654427209,"circlet_count":0,"master_deck":["AscendersBane","Strike_R","Strike_R","Strike_R","Strike_R","Strike_R","Defend_R","Defend_R","Defend_R","Bash","Pommel Strike+1","Battle Trance","Iron Wave+1","Metallicize","Power Through","Dropkick","Metallicize","Inflame"],"relics":["Burning Blood","NeowsBlessing","Ornamental Fan","Gremlin Horn"],"potions_floor_usage":[13],"damage_taken":[{"damage":0,"enemies":"Cultist","floor":1,"turns":1},{"damage":0,"enemies":"2 Louse","floor":2,"turns":1},{"damage":0,"enemies":"Small Slimes","floor":4,"turns":1},{"damage":48,"enemies":"Lagavulin","floor":7,"turns":7},{"damage":3,"enemies":"Looter","floor":8,"turns":4},{"damage":0,"enemies":"3 Louse","floor":10,"turns":3},{"damage":7,"enemies":"2 Fungi Beasts","floor":11,"turns":4},{"damage":0,"enemies":"Looter","floor":12,"turns":4},{"damage":53,"enemies":"Gremlin Nob","floor":13,"turns":4}],"seed_played":"7028000468481366800","potions_obtained":[{"floor":1,"key":"LiquidBronze"},{"floor":8,"key":"Swift Potion"}],"is_trial":false,"path_per_floor":["M","M","?","M","?","R","E","M","T","M","M","M","E"],"character_chosen":"IRONCLAD","items_purchased":[],"campfire_rested":0,"item_purchase_floors":[],"current_hp_per_floor":[74,75,75,75,68,68,26,29,29,35,34,40,0],"gold":188,"neow_bonus":"THREE_ENEMY_KILL","is_prod":false,"is_daily":false,"chose_seed":false,"campfire_upgraded":1,"win_rate":0,"timestamp":1550091871,"path_taken":["M","M","?","?","?","R","E","M","T","M","M","M","E"],"build_version":"2019-01-23","purchased_purges":0,"victory":false,"max_hp_per_floor":[75,75,75,75,75,75,75,75,75,75,75,75,75],"card_choices":[{"not_picked":["Shockwave","Perfected Strike"],"picked":"Pommel Strike","floor":1},{"not_picked":["Anger","Warcry"],"picked":"Battle Trance","floor":2},{"not_picked":["Uppercut","Pommel Strike"],"picked":"Iron Wave","floor":4},{"not_picked":["Twin Strike","Fire Breathing"],"picked":"Metallicize","floor":7},{"not_picked":["Havoc","Infernal Blade"],"picked":"Power Through","floor":8},{"not_picked":["Searing Blow","Warcry"],"picked":"Dropkick","floor":10},{"not_picked":["Shockwave","Dropkick"],"picked":"Metallicize","floor":11},{"not_picked":["Searing Blow","Perfected Strike"],"picked":"Inflame","floor":12}],"player_experience":394899,"relics_obtained":[{"floor":7,"key":"Ornamental Fan"},{"floor":9,"key":"Gremlin Horn"}],"event_choices":[{"damage_healed":0,"gold_gain":0,"player_choice":"Upgraded","damage_taken":0,"max_hp_gain":0,"max_hp_loss":0,"event_name":"Upgrade Shrine","floor":3,"gold_loss":0,"cards_upgraded":["Pommel Strike"]},{"cards_removed":["Defend_R"],"damage_healed":0,"gold_gain":0,"player_choice":"Card Removal","damage_taken":7,"max_hp_gain":0,"max_hp_loss":0,"event_name":"Golden Wing","floor":5,"gold_loss":0}],"is_beta":false,"boss_relics":[],"items_purged_floors":[],"is_endless":false,"potions_floor_spawned":[1,8,10,11],"killed_by":"Gremlin Nob","ascension_level":18}