{"gold_per_floor":[111,111,131,406,164,164,174,174,200,200,200,200,240,275,275,371,371,409,409,429,447,459,459,479,479,479,505,545,557,35,71,71,175,175,213,213],"floor_reached":36,"playtime":3890,"items_purged":["Regret","Regret"],"score":401,"play_id":"10c79fdf-01d6-4fcd-b135-dfe5313f28de","local_time":"20190220005256","is_ascension_mode":false,"campfire_choices":[{"data":"HandOfGreed","floor":6,"key":"SMITH"},{"data":"Uppercut","floor":8,"key":"SMITH"},{"data":"Bash","floor":10,"key":"SMITH"},{"data":"Perfected Strike","floor":15,"key":"SMITH"},{"floor":23,"key":"REST"},{"floor":25,"key":"REST"},{"floor":29,"key":"REST"},{"floor":32,"key":"REST"}],"neow_cost":"","seed_source_timestamp":1216826865865900,"circlet_count":0,"master_deck":["Strike_R","Strike_R","Strike_R","Strike_R","Strike_R","Defend_R","Defend_R","Defend_R","Defend_R","Bash+1","Uppercut+1","HandOfGreed+1","Sword Boomerang","Whirlwind","Pommel Strike","Perfected Strike+1","Double Tap+1","Clumsy","Parasite","Perfected Strike","Flex+1","Berserk","Perfected Strike","Bloodletting+1","Whirlwind","Brutality","Seeing Red","Warcry","Demon Form","Perfected Strike","Thunderclap+1","Combust","Headbutt+1","Feel No Pain+1"],"relics":["Burning Blood","Pear","Orichalcum","Calling Bell","Ancient Tea Set","Mummified Hand","Ginger","Meat on the Bone","MawBank","War Paint","Sling","Red Skull","Orrery"],"potions_floor_usage":[],"damage_taken":[{"damage":2,"enemies":"Small Slimes","floor":1,"turns":5},{"damage":14,"enemies":"Jaw Worm","floor":3,"turns":3},{"damage":3,"enemies":"Cultist","floor":7,"turns":3},{"damage":16,"enemies":"Exordium Wildlife","floor":13,"turns":3},{"damage":6,"enemies":"Blue Slaver","floor":14,"turns":2},{"damage":56,"enemies":"The Guardian","floor":16,"turns":9},{"damage":30,"enemies":"2 Thieves","floor":18,"turns":5},{"damage":25,"enemies":"Shell Parasite","floor":20,"turns":4},{"damage":18,"enemies":"Snake Plant","floor":21,"turns":4},{"damage":42,"enemies":"Centurion and Healer","floor":22,"turns":6},{"damage":39,"enemies":"Cultist and Chosen","floor":24,"turns":5},{"damage":28,"enemies":"Snake Plant","floor":27,"turns":3},{"damage":49,"enemies":"Book of Stabbing","floor":28,"turns":5},{"damage":6,"enemies":"Centurion and Healer","floor":31,"turns":3},{"damage":55,"enemies":"Champ","floor":33,"turns":8},{"damage":73,"enemies":"3 Shapes","floor":35,"turns":4},{"damage":41,"enemies":"3 Darklings","floor":36,"turns":3}],"seed_played":"-7849648802902796658","potions_obtained":[{"floor":1,"key":"AttackPotion"},{"floor":3,"key":"FearPotion"},{"floor":14,"key":"EssenceOfSteel"},{"floor":20,"key":"Dexterity Potion"},{"floor":21,"key":"Poison Potion"},{"floor":31,"key":"Energy Potion"},{"floor":33,"key":"GamblersBrew"}],"is_trial":false,"path_per_floor":["M","?","M","?","$","R","M","R","T","R","?","?","M","M","R","B",null,"M","?","M","M","M","R","M","R","T","M","E","R","$","M","R","B",null,"M","M"],"character_chosen":"IRONCLAD","items_purchased":["HandOfGreed","Sling","Red Skull","Seeing Red"],"campfire_rested":4,"item_purchase_floors":[5,30,30,30],"current_hp_per_floor":[80,90,82,82,82,82,85,85,85,85,85,78,68,68,68,18,90,66,66,59,59,35,62,41,68,68,58,27,54,54,54,81,44,90,35,0],"gold":213,"neow_bonus":"","is_prod":false,"is_daily":false,"chose_seed":false,"campfire_upgraded":4,"win_rate":0.0,"timestamp":1550620376,"path_taken":["M","?","M","?","$","R","?","R","T","R","?","?","M","M","R","BOSS","M","?","?","M","M","R","M","R","T","?","E","R","$","M","R","BOSS","M","M"],"build_version":"2019-01-23","purchased_purges":2,"victory":false,"max_hp_per_floor":[80,90,90,90,90,90,90,90,90,90,90,90,90,90,90,90,90,90,90,90,90,90,90,90,90,90,90,90,90,90,90,90,90,90,90,90],"card_choices":[{"not_picked":["Burning Pact","Entrench"],"picked":"Sword Boomerang","floor":1},{"not_picked":["Iron Wave","Shockwave"],"picked":"Uppercut","floor":3},{"not_picked":["Armaments","Headbutt"],"picked":"Sword Boomerang","floor":7},{"not_picked":["Shrug It Off","Armaments"],"picked":"Pommel Strike","floor":13},{"not_picked":["Clothesline","Entrench"],"picked":"Perfected Strike","floor":14},{"not_picked":["Reaper","Feed"],"picked":"Double Tap","floor":16},{"not_picked":["Entrench+1","Combust"],"picked":"Perfected Strike","floor":18},{"not_picked":["Shrug It Off+1","Corruption"],"picked":"Flex+1","floor":20},{"not_picked":["Clash","Pommel Strike"],"picked":"Berserk","floor":21},{"not_picked":["Flex","Fire Breathing+1"],"picked":"Perfected Strike","floor":22},{"not_picked":["Thunderclap","Clothesline"],"picked":"Bloodletting","floor":24},{"not_picked":["Iron Wave","Armaments"],"picked":"Whirlwind","floor":27},{"not_picked":["Dropkick","Feed"],"picked":"Brutality","floor":28},{"not_picked":["Sword Boomerang","True Grit"],"picked":"Warcry","floor":31},{"not_picked":["Brutality","Fiend Fire"],"picked":"Demon Form","floor":33},{"not_picked":["True Grit","Thunderclap"],"picked":"Perfected Strike","floor":34},{"not_picked":["Headbutt","Anger"],"picked":"Thunderclap+1","floor":34},{"not_picked":["Sword Boomerang","Demon Form"],"picked":"Combust","floor":34},{"not_picked":["Cleave","Armaments"],"picked":"Headbutt+1","floor":34},{"not_picked":["Ghostly Armor","Rage+1"],"picked":"Feel No Pain+1","floor":35}],"player_experience":0,"relics_obtained":[{"floor":9,"key":"Orichalcum"},{"floor":17,"key":"Ancient Tea Set"},{"floor":17,"key":"Mummified Hand"},{"floor":17,"key":"Ginger"},{"floor":19,"key":"Meat on the Bone"},{"floor":26,"key":"MawBank"},{"floor":28,"key":"War Paint"}],"event_choices":[{"damage_healed":0,"gold_gain":0,"player_choice":"Box","damage_taken":0,"relics_obtained":["Pear"],"max_hp_gain":0,"max_hp_loss":0,"event_name":"Big Fish","floor":2,"gold_loss":0,"cards_obtained":["Regret"]},{"damage_healed":0,"gold_gain":275,"player_choice":"Desecrate","damage_taken":0,"max_hp_gain":0,"max_hp_loss":0,"event_name":"Golden Shrine","floor":4,"gold_loss":0,"cards_obtained":["Regret"]},{"damage_healed":0,"gold_gain":0,"cards_transformed":["Sword Boomerang"],"player_choice":"Change","damage_taken":0,"max_hp_gain":0,"max_hp_loss":0,"event_name":"Living Wall","floor":11,"gold_loss":0,"cards_obtained":["Whirlwind"]},{"cards_removed":["Regret"],"damage_healed":0,"gold_gain":0,"player_choice":"Card Removal","damage_taken":7,"max_hp_gain":0,"max_hp_loss":0,"event_name":"Golden Wing","floor":12,"gold_loss":0},{"damage_healed":0,"gold_gain":0,"player_choice":"Relic","damage_taken":0,"max_hp_gain":0,"max_hp_loss":0,"event_name":"Wheel of Change","floor":19,"gold_loss":0}],"is_beta":false,"boss_relics":[{"not_picked":["Sozu","Empty Cage"],"picked":"Calling Bell"},{"not_picked":["Runic Pyramid","Black Star"],"picked":"Orrery"}],"items_purged_floors":[5,30],"is_endless":false,"potions_floor_spawned":[1,3,14,20,21,31,33],"killed_by":"3 Darklings","ascension_level":0}