{"gold_per_floor":[115,115,43,63,17,44,44,73,120,188,203,223,234,245,245,245],"floor_reached":16,"playtime":721,"items_purged":[],"score":233,"play_id":"bbe30a46-9aa6-4bf8-99fe-3ebe0bec1a37","local_time":"20190216113748","is_ascension_mode":true,"campfire_choices":[{"data":"Whirlwind","floor":7.0,"key":"SMITH"},{"data":"Offering","floor":15,"key":"SMITH"}],"neow_cost":"NONE","seed_source_timestamp":0,"circlet_count":0,"master_deck":["AscendersBane","Strike_R","Strike_R","Strike_R","Strike_R","Strike_R","Defend_R","Defend_R","Defend_R","Defend_R","Bash","Whirlwind+1","Spot Weakness","Havoc","Warcry","Intimidate","Offering+1","Disarm+1","Warcry+1","Clothesline","Shrug It Off+1"],"special_seed":0,"relics":["Burning Blood","NeowsBlessing","Bag of Marbles","Mummified Hand","Omamori","Toxic Egg 2"],"potions_floor_usage":[14],"damage_taken":[{"damage":0.0,"enemies":"Small Slimes","floor":1.0,"turns":1.0},{"damage":0.0,"enemies":"Cultist","floor":4.0,"turns":2.0},{"damage":0.0,"enemies":"3 Sentries","floor":6.0,"turns":1.0},{"damage":20.0,"enemies":"Lagavulin","floor":8.0,"turns":5.0},{"damage":6.0,"enemies":"Jaw Worm","floor":11.0,"turns":1.0},{"damage":23.0,"enemies":"Exordium Wildlife","floor":12.0,"turns":4.0},{"damage":6.0,"enemies":"Red Slaver","floor":13.0,"turns":5.0},{"damage":6,"enemies":"2 Fungi Beasts","floor":14,"turns":2},{"damage":33,"enemies":"Slime Boss","floor":16,"turns":9}],"seed_played":"-5945012421996416433","potions_obtained":[{"floor":1.0,"key":"Fire Potion"},{"floor":2.0,"key":"PowerPotion"},{"floor":8.0,"key":"Ancient Potion"},{"floor":12.0,"key":"Energy Potion"},{"floor":14,"key":"EssenceOfSteel"}],"is_trial":false,"path_per_floor":["M","?","$","M","$","E","R","E","T","T","M","M","M","M","R","B"],"character_chosen":"IRONCLAD","items_purchased":["Spot Weakness","Warcry"],"campfire_rested":0,"item_purchase_floors":[3,5],"current_hp_per_floor":[74,74,74,75,75,75,75,61,61,61,61,44,44,44,44,11],"gold":245,"neow_bonus":"THREE_ENEMY_KILL","is_prod":false,"is_daily":false,"chose_seed":false,"campfire_upgraded":2,"win_rate":0,"timestamp":1550313468,"path_taken":["M","?","?","M","$","E","R","E","T","?","M","M","?","M","R","BOSS"],"build_version":"2019-01-23","purchased_purges":0,"victory":false,"max_hp_per_floor":[75,75,75,75,75,75,75,75,75,75,75,75,75,75,75,75],"card_choices":[{"not_picked":["Shockwave","Thunderclap"],"picked":"Whirlwind","floor":1.0},{"not_picked":["Sentinel","Wild Strike"],"picked":"Havoc","floor":4.0},{"not_picked":["Warcry","Hemokinesis"],"picked":"Intimidate","floor":6.0},{"not_picked":["Disarm","Havoc"],"picked":"Offering","floor":8.0},{"not_picked":["Reckless Charge","Feel No Pain"],"picked":"Disarm+1","floor":11.0},{"not_picked":["Sword Boomerang","Clash"],"picked":"Warcry+1","floor":12.0},{"not_picked":["Whirlwind","Iron Wave"],"picked":"Clothesline","floor":13.0},{"not_picked":["Sever Soul","Limit Break+1"],"picked":"Shrug It Off+1","floor":14}],"player_experience":2285089,"relics_obtained":[{"floor":6.0,"key":"Bag of Marbles"},{"floor":8.0,"key":"Mummified Hand"},{"floor":9.0,"key":"Omamori"},{"floor":10.0,"key":"Toxic Egg 2"}],"event_choices":[{"damage_healed":0.0,"max_hp_gain":0.0,"max_hp_loss":0.0,"gold_gain":0.0,"event_name":"Lab","player_choice":"Got Potions","floor":2.0,"gold_loss":0.0,"damage_taken":0.0}],"is_beta":false,"boss_relics":[],"items_purged_floors":[],"is_endless":false,"potions_floor_spawned":[1,8,12,14],"killed_by":"Slime Boss","ascension_level":14}