{"gold_per_floor":[116,266,266,276,21,48,48,75,98,127,146,158,178,211,211,289,289,304,318,344,134,134,164,176,368,380,412,455,467,508,534,546,629,641,670,693,705,736,759,771,812,838,850,862,899,116,132,132,132,132,132,132,132,27,58,58],"floor_reached":57,"playtime":4044,"items_purged":["Pain","Doubt","Zap","Defend_B"],"score":3350,"play_id":"51c182bd-bd21-4553-a66f-a52f5e224a4c","local_time":"20190214130337","is_ascension_mode":true,"campfire_choices":[{"data":"Hyperbeam","floor":7.0,"key":"SMITH"},{"data":"Coolheaded","floor":15.0,"key":"SMITH"},{"data":"Hyperbeam","floor":24.0,"key":"SMITH"},{"data":"Hologram","floor":29.0,"key":"SMITH"},{"floor":32.0,"key":"RECALL"},{"data":"Biased Cognition","floor":40.0,"key":"SMITH"},{"data":"Defragment","floor":44.0,"key":"SMITH"},{"data":"Dualcast","floor":49.0,"key":"SMITH"},{"data":"Loop","floor":53.0,"key":"SMITH"}],"neow_cost":"NONE","seed_source_timestamp":76894349418268,"circlet_count":0,"master_deck":["AscendersBane","Defend_B","Defend_B","Defend_B","Dualcast+1","Loop+1","Gash","Defragment+1","Undo","Hyperbeam+1","Self Repair","Coolheaded+1","FTL","Gash","Hologram+1","Gash","Hyperbeam+1","Turbo+1","Streamline+1","White Noise+1","Steam Power+1","Skim+1","Conserve Battery+1","Steam+1","Ghostly+1","Ghostly+1","Ghostly+1","Recycle+1","Conserve Battery+1","Glacier+1","Aggregate+1","Biased Cognition+1","Skim+1","Hologram+1","Loop+1","Chill+1","Fission+1","All For One","Master of Strategy+1","Panacea+1"],"special_seed":0,"relics":["Cracked Core","NeowsBlessing","WarpedTongs","PreservedInsect","Pear","Orichalcum","Bag of Marbles","Toxic Egg 2","Astrolabe","Strawberry","MawBank","DataDisk","Potion Belt","Symbiotic Virus","Coffee Dripper","Blood Vial","Smiling Mask","Runic Capacitor","Bag of Preparation"],"potions_floor_usage":[55,56,56,56],"damage_taken":[{"damage":0.0,"enemies":"Jaw Worm","floor":1.0,"turns":1.0},{"damage":0.0,"enemies":"Small Slimes","floor":4.0,"turns":1.0},{"damage":0.0,"enemies":"Gremlin Nob","floor":6.0,"turns":1.0},{"damage":22.0,"enemies":"Lagavulin","floor":8.0,"turns":6.0},{"damage":0.0,"enemies":"3 Sentries","floor":10.0,"turns":1.0},{"damage":0.0,"enemies":"Cultist","floor":11.0,"turns":4.0},{"damage":6.0,"enemies":"Red Slaver","floor":12.0,"turns":3.0},{"damage":0.0,"enemies":"3 Louse","floor":13.0,"turns":2.0},{"damage":0.0,"enemies":"Gremlin Nob","floor":14.0,"turns":3.0},{"damage":5.0,"enemies":"The Guardian","floor":16.0,"turns":10.0},{"damage":11.0,"enemies":"Shell Parasite","floor":18.0,"turns":4.0},{"damage":19.0,"enemies":"3 Byrds","floor":19.0,"turns":3.0},{"damage":0.0,"enemies":"Slavers","floor":23.0,"turns":1.0},{"damage":0.0,"enemies":"Snecko","floor":27.0,"turns":4.0},{"damage":0.0,"enemies":"Gremlin Leader","floor":28.0,"turns":5.0},{"damage":0.0,"enemies":"Slavers","floor":30.0,"turns":3.0},{"damage":0.0,"enemies":"Snake Plant","floor":31.0,"turns":5.0},{"damage":0.0,"enemies":"Automaton","floor":33.0,"turns":13.0},{"damage":0.0,"enemies":"3 Darklings","floor":35.0,"turns":1.0},{"damage":1.0,"enemies":"3 Shapes","floor":36.0,"turns":5.0},{"damage":8.0,"enemies":"Writhing Mass","floor":38.0,"turns":7.0},{"damage":2.0,"enemies":"3 Darklings","floor":39.0,"turns":3.0},{"damage":0.0,"enemies":"Reptomancer","floor":41.0,"turns":8.0},{"damage":16.0,"enemies":"Sphere and 2 Shapes","floor":42.0,"turns":4.0},{"damage":0.0,"enemies":"Nemesis","floor":45.0,"turns":9.0},{"damage":0.0,"enemies":"Jaw Worm Horde","floor":47.0,"turns":4.0},{"damage":6.0,"enemies":"Time Eater","floor":50.0,"turns":13.0},{"damage":33.0,"enemies":"Awakened One","floor":51.0,"turns":10.0},{"damage":1,"enemies":"Shield and Spear","floor":55,"turns":6},{"damage":16,"enemies":"The Heart","floor":56,"turns":11}],"seed_played":"-2722935547781882550","potions_obtained":[{"floor":8.0,"key":"SkillPotion"},{"floor":14.0,"key":"PowerPotion"},{"floor":18.0,"key":"EssenceOfSteel"},{"floor":33.0,"key":"LiquidBronze"},{"floor":35.0,"key":"Block Potion"},{"floor":42.0,"key":"Strength Potion"},{"floor":47.0,"key":"FocusPotion"}],"is_trial":false,"path_per_floor":["M","?","?","M","$","E","R","E","T","E","M","M","M","E","R","B",null,"M","M","T","$","?","E","R","?","T","M","E","R","E","M","R","B",null,"M","M","?","M","M","R","E","M","T","R","E","$","M","?","R","B","B",null,"R","$","E","B",null],"character_chosen":"DEFECT","items_purchased":["Defragment","Undo","Fire Potion","Conserve Battery+1","Steam+1","Fission+1","All For One","Master of Strategy+1","Runic Capacitor","Swift Potion"],"campfire_rested":0,"item_purchase_floors":[5,5,5,21,21,46,46,46,46,54],"current_hp_per_floor":[64,64,64,64,64,64,64,52,52,59,66,60,60,67,67,69,78,67,48,55,55,44,44,44,26,26,36,36,36,43,44,44,44,44,44,43,43,42,44,44,44,35,35,35,44,44,44,44,44,44,21,38,38,38,44,28],"gold":58,"neow_bonus":"THREE_ENEMY_KILL","is_prod":false,"is_daily":false,"chose_seed":false,"campfire_upgraded":8,"win_rate":0,"timestamp":1550167417,"path_taken":["M","?","?","M","$","E","R","E","T","E","?","M","M","E","R","BOSS","M","M","?","$","?","E","R","?","T","M","E","R","E","M","R","BOSS","M","M","?","?","M","R","E","M","T","R","E","$","?","?","R","BOSS","BOSS","R","$","E","BOSS"],"build_version":"2019-01-23","purchased_purges":4,"victory":true,"max_hp_per_floor":[71,71,71,71,71,71,71,81,81,81,81,81,81,81,81,81,81,81,81,88,88,44,44,44,44,44,44,44,44,44,44,44,44,44,44,44,44,44,44,44,44,44,44,44,44,44,44,44,44,44,44,44,44,44,44,44],"card_choices":[{"not_picked":["Conserve Battery","Steam"],"picked":"Loop","floor":1.0},{"not_picked":["Heatsinks","Blizzard"],"picked":"Gash","floor":4.0},{"not_picked":["Coolheaded","Cold Snap"],"picked":"Hyperbeam","floor":6.0},{"not_picked":["Go for the Eyes","Steam"],"picked":"Self Repair","floor":8.0},{"not_picked":["Sweeping Beam","Heatsinks"],"picked":"Coolheaded","floor":10.0},{"not_picked":["Go for the Eyes","Turbo"],"picked":"FTL","floor":11.0},{"not_picked":["Heatsinks","Force Field"],"picked":"Gash","floor":12.0},{"not_picked":["Steam","Barrage"],"picked":"Hologram","floor":13.0},{"not_picked":["Blizzard","Reprogram"],"picked":"Gash","floor":14.0},{"not_picked":["Biased Cognition","Creative AI"],"picked":"Hyperbeam","floor":16.0},{"not_picked":["Streamline","Beam Cell"],"picked":"Steam Power+1","floor":18.0},{"not_picked":["Rebound","Storm"],"picked":"Skim+1","floor":19.0},{"not_picked":["Barrage","Hello World"],"picked":"Recycle+1","floor":23.0},{"not_picked":["Ball Lightning","Hello World","Doom and Gloom"],"picked":"SKIP","floor":27.0},{"not_picked":["Blizzard","Genetic Algorithm+1"],"picked":"Conserve Battery+1","floor":28.0},{"not_picked":["Streamline","Storm"],"picked":"Glacier+1","floor":30.0},{"not_picked":["Redo+1","Steam+1"],"picked":"Aggregate+1","floor":31.0},{"not_picked":["Creative AI","Machine Learning"],"picked":"Biased Cognition","floor":33.0},{"not_picked":["Stack+1","BootSequence+1"],"picked":"Skim+1","floor":35.0},{"not_picked":["Stack+1","Compile Driver+1"],"picked":"Hologram+1","floor":36.0},{"not_picked":["Melter+1","Hello World","Lockon"],"picked":"SKIP","floor":38.0},{"not_picked":["Steam+1","Thunder Strike","Redo+1"],"picked":"SKIP","floor":39.0},{"not_picked":["Steam+1","Thunder Strike","Redo+1"],"picked":"SKIP","floor":39.0},{"not_picked":["Storm","Rebound","Sweeping Beam"],"picked":"SKIP","floor":41.0},{"not_picked":["Barrage","White Noise+1"],"picked":"Loop+1","floor":42.0},{"not_picked":["Sunder","Chill+1","Turbo+1"],"picked":"SKIP","floor":45.0},{"not_picked":["Sunder","Turbo+1"],"picked":"Chill+1","floor":45.0},{"not_picked":["Steam+1","Hologram+1","Redo+1"],"picked":"SKIP","floor":47.0},{"not_picked":["Jack Of All Trades+1","Good Instincts+1"],"picked":"Panacea+1","floor":48.0},{"not_picked":["Compile Driver","Beam Cell","Sweeping Beam+1"],"picked":"SKIP","floor":55}],"player_experience":1203898,"relics_obtained":[{"floor":6.0,"key":"PreservedInsect"},{"floor":8.0,"key":"Pear"},{"floor":9.0,"key":"Orichalcum"},{"floor":10.0,"key":"Bag of Marbles"},{"floor":14.0,"key":"Toxic Egg 2"},{"floor":20.0,"key":"Strawberry"},{"floor":23.0,"key":"MawBank"},{"floor":26.0,"key":"DataDisk"},{"floor":28.0,"key":"Potion Belt"},{"floor":30.0,"key":"Symbiotic Virus"},{"floor":41.0,"key":"Blood Vial"},{"floor":45.0,"key":"Smiling Mask"},{"floor":55,"key":"Bag of Preparation"}],"event_choices":[{"damage_healed":0.0,"max_hp_gain":0.0,"max_hp_loss":0.0,"gold_gain":150.0,"event_name":"Liars Game","player_choice":"AGREE","floor":2.0,"gold_loss":0.0,"damage_taken":0.0,"cards_obtained":["Doubt"]},{"damage_healed":0.0,"max_hp_gain":0.0,"max_hp_loss":0.0,"gold_gain":0.0,"event_name":"Accursed Blacksmith","player_choice":"Rummage","floor":3.0,"gold_loss":0.0,"damage_taken":0.0,"relics_obtained":["WarpedTongs"],"cards_obtained":["Pain"]},{"damage_healed":0.0,"max_hp_gain":0.0,"max_hp_loss":44.0,"gold_gain":0.0,"event_name":"Ghosts","player_choice":"Became a Ghost","floor":22.0,"gold_loss":0.0,"damage_taken":0.0,"cards_obtained":["Ghostly","Ghostly","Ghostly"]},{"damage_healed":0.0,"max_hp_gain":0.0,"max_hp_loss":0.0,"gold_gain":180.0,"event_name":"Knowing Skull","player_choice":"GOLD GOLD ","floor":25.0,"potions_obtained":[],"gold_loss":0.0,"damage_taken":18.0,"cards_obtained":[]},{"cards_removed":["Strike_B"],"damage_healed":0.0,"max_hp_gain":0.0,"max_hp_loss":0.0,"gold_gain":0.0,"event_name":"Bonfire Elementals","player_choice":"Offered Basic","floor":37.0,"gold_loss":0.0,"damage_taken":0.0},{"damage_healed":0.0,"max_hp_gain":0.0,"max_hp_loss":0.0,"gold_gain":0.0,"event_name":"SensoryStone","player_choice":"Memory 1","floor":48.0,"gold_loss":0.0,"damage_taken":0.0}],"is_beta":false,"boss_relics":[{"not_picked":["Calling Bell","Runic Dome"],"picked":"Astrolabe"},{"not_picked":["Black Star","Tiny House"],"picked":"Coffee Dripper"}],"items_purged_floors":[5,21,46,54],"is_endless":false,"potions_floor_spawned":[8,10,11,14,18,19,33,35,42,47],"ascension_level":20}