{"gold_per_floor":[118,118,118,118,193,224,224,144,144,161,161,193,212,223,223,297,297,310,325,375,375],"floor_reached":21,"playtime":484,"items_purged":[],"score":450,"play_id":"e38b6183-a02f-4702-87de-a39b7a7b478d","local_time":"20190217143906","is_ascension_mode":true,"campfire_choices":[{"data":"Demon Form","floor":7,"key":"SMITH"},{"data":"Bash","floor":11,"key":"SMITH"},{"floor":15,"key":"REST"}],"neow_cost":"NONE","seed_source_timestamp":15100280941774904,"circlet_count":0,"master_deck":["AscendersBane","Strike_R+1","Strike_R","Strike_R+1","Strike_R","Defend_R","Defend_R","Defend_R","Defend_R","Bash+1","Rampage","Demon Form+1","Evolve","Heavy Blade+1","Shrug It Off","Immolate+1","Reaper+1","Thunderclap+1"],"relics":["Burning Blood","NeowsBlessing","Molten Egg 2","Bottled Tornado","Whetstone","Philosopher\u0027s Stone"],"potions_floor_usage":[16,19],"damage_taken":[{"damage":0,"enemies":"2 Louse","floor":1,"turns":1},{"damage":0,"enemies":"3 Sentries","floor":6,"turns":1},{"damage":3,"enemies":"Small Slimes","floor":10,"turns":2},{"damage":10,"enemies":"Lagavulin","floor":12,"turns":5},{"damage":12,"enemies":"Jaw Worm","floor":13,"turns":3},{"damage":17,"enemies":"Exordium Wildlife","floor":14,"turns":4},{"damage":50,"enemies":"The Guardian","floor":16,"turns":7},{"damage":44,"enemies":"2 Thieves","floor":18,"turns":4},{"damage":42,"enemies":"3 Byrds","floor":19,"turns":4},{"damage":19,"enemies":"Snake Plant","floor":21,"turns":1}],"seed_played":"8189261377765782276","potions_obtained":[{"floor":1,"key":"SkillPotion"},{"floor":13,"key":"Energy Potion"}],"is_trial":false,"path_per_floor":["M","?","?","$","?","E","R","$","T","M","R","E","M","M","R","B",null,"M","M","?","M"],"character_chosen":"IRONCLAD","items_purchased":["Evolve"],"campfire_rested":1,"item_purchase_floors":[8],"current_hp_per_floor":[74,74,74,74,63,69,69,69,69,72,72,68,62,51,73,29,64,42,18,18,0],"gold":375,"neow_bonus":"THREE_ENEMY_KILL","is_prod":false,"is_daily":false,"chose_seed":false,"campfire_upgraded":2,"win_rate":0,"timestamp":1550410746,"path_taken":["M","?","?","$","?","E","R","?","T","M","R","E","?","M","R","BOSS","M","M","?","?"],"build_version":"2019-01-23","purchased_purges":0,"victory":false,"max_hp_per_floor":[75,75,75,75,75,75,75,75,75,75,75,75,75,75,75,75,75,75,75,75,75],"card_choices":[{"not_picked":["Clash","Perfected Strike"],"picked":"Rampage","floor":1},{"not_picked":["Perfected Strike","Flex","Sword Boomerang"],"picked":"SKIP","floor":6},{"not_picked":["Wild Strike+1","Feel No Pain"],"picked":"Heavy Blade+1","floor":10},{"not_picked":["True Grit","Dual Wield"],"picked":"Shrug It Off","floor":12},{"not_picked":["Havoc","True Grit"],"picked":"Immolate+1","floor":13},{"not_picked":["Shockwave","Perfected Strike+1","Sword Boomerang+1"],"picked":"SKIP","floor":14},{"not_picked":["Immolate+1","Exhume"],"picked":"Reaper+1","floor":16},{"not_picked":["Clothesline+1","True Grit"],"picked":"Thunderclap+1","floor":18},{"not_picked":["Searing Blow+1","Havoc","Hemokinesis+1"],"picked":"SKIP","floor":19}],"player_experience":405461,"relics_obtained":[{"floor":6,"key":"Molten Egg 2"},{"floor":9,"key":"Bottled Tornado"},{"floor":12,"key":"Whetstone"}],"event_choices":[{"damage_healed":0,"gold_gain":0,"cards_transformed":["Strike_R"],"player_choice":"Change","damage_taken":0,"max_hp_gain":0,"max_hp_loss":0,"event_name":"Living Wall","floor":2,"gold_loss":0,"cards_obtained":["Demon Form"]},{"damage_healed":0,"gold_gain":0,"player_choice":"Ignored","damage_taken":0,"max_hp_gain":0,"max_hp_loss":0,"event_name":"Golden Idol","floor":3,"gold_loss":0},{"damage_healed":0,"gold_gain":75,"player_choice":"Gather Gold","damage_taken":11,"max_hp_gain":0,"max_hp_loss":0,"event_name":"World of Goop","floor":5,"gold_loss":0},{"damage_healed":0,"gold_gain":50,"player_choice":"Pray","damage_taken":0,"max_hp_gain":0,"max_hp_loss":0,"event_name":"Golden Shrine","floor":20,"gold_loss":0}],"is_beta":false,"boss_relics":[{"not_picked":["White Beast Statue","Ectoplasm"],"picked":"Philosopher\u0027s Stone"}],"items_purged_floors":[],"is_endless":false,"potions_floor_spawned":[1,13,14],"killed_by":"Snake Plant","ascension_level":18}