{"path_per_floor":["M","?","M","$","?","E","R","M","T","E","M","E","R","M","R","B",null,"M","?","?"],"character_chosen":"IRONCLAD","items_purchased":["Hemokinesis","Feed","Dream Catcher"],"gold_per_floor":[367,367,384,37,37,69,69,81,162,192,210,237,237,247,247,348,348,368,368,368,368],"floor_reached":21,"campfire_rested":3,"playtime":627,"item_purchase_floors":[],"current_hp_per_floor":[31,31,36,36,36,37,61,54,54,49,51,11,35,38,62,14,68,43,43,43,47],"items_purged":[],"gold":368,"score":271,"play_id":"6ad72277-ba4f-4a0a-993b-d068591374ef","local_time":"20180525105956","is_prod":false,"is_daily":false,"chose_seed":false,"is_ascension_mode":true,"campfire_upgraded":0,"win_rate":0,"timestamp":1527238796,"campfire_choices":[{"floor":7.0,"key":"REST"},{"floor":13,"key":"REST"},{"floor":15,"key":"REST"}],"path_taken":["M","?","?","$","?","E","R","M","T","E","M","E","R","M","R","BOSS","M","?","?","M"],"build_version":"2018-05-24","seed_source_timestamp":88943770588536,"purchased_purges":0,"victory":false,"master_deck":["Defend_R","Defend_R","Defend_R","Defend_R","Bash","Ghostly Armor+1","Cleave","Hemokinesis","Feed","Perfected Strike","Combust","Perfected Strike","Shrug It Off","Perfected Strike","Anger","Warcry","Metallicize","Shrug It Off","Limit Break","Rage+1","Bite","Bite","Bite","Bite","Bite"],"max_hp_per_floor":[80,80,80,80,80,80,80,80,80,83,83,83,83,83,83,86,86,89,89,62,62],"relics":["Black Blood","Dream Catcher","Potion Belt","Bottled Lightning","Darkstone Periapt","Ornamental Fan"],"card_choices":[{"not_picked":["Armaments","Twin Strike"],"picked":"Ghostly Armor","floor":1.0},{"not_picked":["Armaments","Pommel Strike"],"picked":"Cleave","floor":3.0},{"not_picked":["Armaments","Searing Blow"],"picked":"Perfected Strike","floor":6.0},{"not_picked":["Anger","Iron Wave"],"picked":"Combust","floor":7.0},{"not_picked":["Armaments","Wild Strike"],"picked":"Perfected Strike","floor":8.0},{"not_picked":["Headbutt","Perfected Strike"],"picked":"Shrug It Off","floor":10.0},{"not_picked":["Burning Pact","Juggernaut"],"picked":"Perfected Strike","floor":11.0},{"not_picked":["Feel No Pain","Carnage"],"picked":"Anger","floor":12},{"not_picked":["Dropkick","Wild Strike"],"picked":"Warcry","floor":13},{"not_picked":["Pommel Strike","Body Slam"],"picked":"Metallicize","floor":14},{"not_picked":["Iron Wave","True Grit"],"picked":"Shrug It Off","floor":15},{"not_picked":["Brutality","Fiend Fire"],"picked":"Limit Break","floor":16},{"not_picked":["Thunderclap","Evolve"],"picked":"Rage+1","floor":18}],"player_experience":513527,"potions_floor_usage":[16],"damage_taken":[{"damage":15.0,"enemies":"Small Slimes","floor":1.0,"turns":4.0},{"damage":1.0,"enemies":"Cultist","floor":3.0,"turns":5.0},{"damage":19.0,"enemies":"Lagavulin","floor":6.0,"turns":5.0},{"damage":13.0,"enemies":"Jaw Worm","floor":8.0,"turns":3.0},{"damage":14.0,"enemies":"3 Sentries","floor":10.0,"turns":4.0},{"damage":4.0,"enemies":"Red Slaver","floor":11.0,"turns":4.0},{"damage":46,"enemies":"Lagavulin","floor":12,"turns":5},{"damage":3,"enemies":"Blue Slaver","floor":14,"turns":2},{"damage":57,"enemies":"The Guardian","floor":16,"turns":14},{"damage":38,"enemies":"2 Thieves","floor":18,"turns":5},{"damage":0,"enemies":"Spheric Guardian","floor":21,"turns":2}],"relics_obtained":[{"floor":6.0,"key":"Potion Belt"},{"floor":9.0,"key":"Bottled Lightning"},{"floor":10.0,"key":"Darkstone Periapt"},{"floor":12,"key":"Ornamental Fan"}],"event_choices":[{"event_name":"Scrap Ooze","player_choice":"unsuccessful","floor":2.0,"damage_taken":0.0},{"event_name":"The Lab","player_choice":"Got Potions","floor":5.0,"damage_taken":0.0},{"event_name":"Upgrade Shrine","player_choice":"Upgraded","floor":19,"damage_taken":0},{"event_name":"Vampires","player_choice":"Became a vampire","floor":20,"damage_taken":0}],"boss_relics":[{"not_picked":["Astrolabe","Sozu"],"picked":"Black Blood"}],"items_purged_floors":[],"potions_floor_spawned":[1,3,6,10,16],"seed_played":"1631392575040269534","killed_by":"Spheric Guardian","ascension_level":5,"potions_obtained":[{"floor":1.0,"key":"AttackPotion"},{"floor":3.0,"key":"SkillPotion"},{"floor":5.0,"key":"Regen Potion"},{"floor":6.0,"key":"Explosive Potion"},{"floor":10.0,"key":"PowerPotion"},{"floor":16,"key":"Fire Potion"}],"is_trial":false}