{"gold_per_floor":[111,111,23,23,42,78,94,94,169,169,169],"floor_reached":11,"playtime":203,"items_purged":[],"score":149,"play_id":"c1f02d9e-5c90-4eee-a454-9e57f4fbf472","local_time":"20181203000155","is_ascension_mode":true,"campfire_choices":[{"data":"Footwork","floor":8,"key":"SMITH"},{"data":"All Out Attack","floor":10,"key":"SMITH"}],"neow_cost":"NONE","seed_source_timestamp":1305674062455880,"circlet_count":0,"master_deck":["AscendersBane","Defend_G","Defend_G","Defend_G","Defend_G","Defend_G","Strike_G","Strike_G","Strike_G","Strike_G","Strike_G","Survivor","Neutralize","All Out Attack+1","Footwork+1","Deflect","Dodge and Roll","Sucker Punch","Escape Plan"],"relics":["Ring of the Snake","NeowsBlessing","MawBank","Golden Idol","Lantern","Bottled Flame"],"potions_floor_usage":[11,11],"damage_taken":[{"damage":0,"enemies":"Jaw Worm","floor":1,"turns":1},{"damage":0,"enemies":"2 Louse","floor":5,"turns":1},{"damage":0,"enemies":"Lagavulin","floor":6,"turns":1},{"damage":0,"enemies":"Small Slimes","floor":7,"turns":3},{"damage":18,"enemies":"3 Sentries","floor":11,"turns":6}],"seed_played":"-4288557933666258231","potions_obtained":[{"floor":1,"key":"GhostInAJar"},{"floor":7,"key":"Ancient Potion"}],"is_trial":false,"path_per_floor":["M","?","$","?","M","E","M","R","T","R","E"],"character_chosen":"THE_SILENT","items_purchased":["Footwork","Deflect"],"campfire_rested":0,"item_purchase_floors":[3,3],"current_hp_per_floor":[63,51,51,51,51,51,51,51,51,51,33],"gold":169,"neow_bonus":"THREE_ENEMY_KILL","is_prod":false,"is_daily":false,"chose_seed":false,"campfire_upgraded":2,"win_rate":0,"timestamp":1543791715,"path_taken":["M","?","$","?","M","E","M","R","T","R","E"],"build_version":"2018-11-15","purchased_purges":0,"victory":false,"max_hp_per_floor":[70,70,70,65,65,65,65,65,65,65,65],"card_choices":[{"not_picked":["Underhanded Strike","Backflip"],"picked":"All Out Attack","floor":1},{"not_picked":["Dagger Spray","Cloak And Dagger"],"picked":"Dodge and Roll","floor":5},{"not_picked":["Slice","Malaise"],"picked":"Sucker Punch","floor":6},{"not_picked":["Blur","Distraction"],"picked":"Escape Plan","floor":7}],"player_experience":1551585,"relics_obtained":[{"floor":6,"key":"Lantern"},{"floor":9,"key":"Bottled Flame"}],"event_choices":[{"damage_healed":0,"gold_gain":0,"player_choice":"Success","damage_taken":12,"relics_obtained":["MawBank"],"max_hp_gain":0,"max_hp_loss":0,"event_name":"Scrap Ooze","floor":2,"gold_loss":0},{"damage_healed":0,"gold_gain":0,"player_choice":"Lose Max HP","damage_taken":0,"relics_obtained":["Golden Idol"],"max_hp_gain":0,"max_hp_loss":5,"event_name":"Golden Idol","floor":4,"gold_loss":0}],"is_beta":false,"boss_relics":[],"items_purged_floors":[],"is_endless":false,"potions_floor_spawned":[1,7],"killed_by":"3 Sentries","ascension_level":11}