{"gold_per_floor":[111,111,81,81,37,37,72,96,96,139,157,196,210,244,244,340,340,363,413,257,276,176,176,176,192,238,238,269,269,283,301,301,399,399,413,433,449,129,142,142,176,176,249,249,249,282,282,282],"floor_reached":48,"playtime":2208,"items_purged":["Injury","Strike_B"],"score":1317,"play_id":"e199d2f4-2b70-458f-bf3e-eccef06c2642","local_time":"20181205201637","is_ascension_mode":true,"campfire_choices":[{"data":"Sunder","floor":6.0,"key":"SMITH"},{"data":"Defragment","floor":15.0,"key":"SMITH"},{"data":"Biased Cognition","floor":23.0,"key":"SMITH"},{"data":"Defragment","floor":27.0,"key":"SMITH"},{"floor":32.0,"key":"REST"},{"data":"Creative AI","floor":40,"key":"SMITH"},{"floor":45,"key":"REST"}],"neow_cost":"NONE","seed_source_timestamp":190505953149020,"circlet_count":0,"master_deck":["AscendersBane","Strike_B","Strike_B","Defend_B","Defend_B","Defend_B","Defend_B","Zap+1","Dualcast","BootSequence","Barrage","Sunder+1","Recycle","Electrodynamics","Defragment+1","Darkness","Coolheaded","Biased Cognition+1","Reinforced Body","Defragment+1","Cold Snap","Tempest","Sweeping Beam+1","Leap+1","Creative AI+1","Skim"],"special_seed":0,"relics":["Cracked Core","NeowsBlessing","Golden Idol","Ice Cream","Strawberry","Thread and Needle","Cables","Regal Pillow","Kunai","Sozu","WarpedTongs","Dead Branch","Spirit Poop","Busted Crown","Calipers","Omamori","Molten Egg 2","Bottled Tornado"],"potions_floor_usage":[],"damage_taken":[{"damage":0.0,"enemies":"Small Slimes","floor":1.0,"turns":1.0},{"damage":0.0,"enemies":"3 Sentries","floor":7.0,"turns":1.0},{"damage":0.0,"enemies":"Gremlin Nob","floor":10.0,"turns":1.0},{"damage":0.0,"enemies":"2 Louse","floor":11.0,"turns":2.0},{"damage":12.0,"enemies":"Lagavulin","floor":12.0,"turns":6.0},{"damage":0.0,"enemies":"Jaw Worm","floor":13.0,"turns":2.0},{"damage":13.0,"enemies":"3 Sentries","floor":14.0,"turns":5.0},{"damage":0.0,"enemies":"Slime Boss","floor":16.0,"turns":6.0},{"damage":13.0,"enemies":"2 Thieves","floor":18.0,"turns":4.0},{"damage":4.0,"enemies":"Shell Parasite","floor":21.0,"turns":4.0},{"damage":1.0,"enemies":"Snake Plant","floor":25.0,"turns":4.0},{"damage":18.0,"enemies":"Book of Stabbing","floor":28.0,"turns":4.0},{"damage":0.0,"enemies":"Sentry and Sphere","floor":30.0,"turns":5.0},{"damage":0.0,"enemies":"Centurion and Healer","floor":31.0,"turns":4.0},{"damage":5.0,"enemies":"Champ","floor":33.0,"turns":18.0},{"damage":2.0,"enemies":"3 Shapes","floor":35.0,"turns":3.0},{"damage":2.0,"enemies":"Orb Walker","floor":36.0,"turns":3.0},{"damage":3.0,"enemies":"4 Shapes","floor":37.0,"turns":5.0},{"damage":28,"enemies":"Spire Growth","floor":39,"turns":8},{"damage":15,"enemies":"Nemesis","floor":41,"turns":9},{"damage":58,"enemies":"Giant Head","floor":46,"turns":8},{"damage":7,"enemies":"Writhing Mass","floor":48,"turns":3}],"seed_played":"-998715929126178460","potions_obtained":[{"floor":1.0,"key":"Poison Potion"},{"floor":7.0,"key":"Energy Potion"},{"floor":14.0,"key":"SkillPotion"}],"is_trial":false,"path_per_floor":["M","?","$","?","$","R","E","T","T","E","M","E","M","E","R","B",null,"M","?","$","M","$","R","?","M","T","R","E","?","M","M","R","B",null,"M","M","M","$","M","R","E","?","T","?","R","E","?","M"],"character_chosen":"DEFECT","items_purchased":["Barrage","Sunder","Defragment","Calipers"],"campfire_rested":2,"item_purchase_floors":[3,5,20,38],"current_hp_per_floor":[64,64,64,64,64,64,64,71,71,71,71,59,59,46,46,46,70,57,57,57,53,53,53,53,52,52,52,34,34,34,34,72,67,75,73,71,68,68,40,40,25,25,25,25,63,5,5,0],"gold":282,"neow_bonus":"THREE_ENEMY_KILL","is_prod":false,"is_daily":false,"chose_seed":false,"campfire_upgraded":5,"win_rate":0,"timestamp":1544058997,"path_taken":["M","?","$","?","$","R","E","?","T","E","M","E","?","E","R","BOSS","M","?","$","M","$","R","?","?","T","R","E","?","M","M","R","BOSS","M","M","?","$","M","R","E","?","T","?","R","E","?","M"],"build_version":"2018-12-05","purchased_purges":2,"victory":false,"max_hp_per_floor":[71,71,71,71,71,71,71,78,78,78,78,78,78,78,78,78,78,78,78,78,78,78,78,78,78,78,78,78,78,78,78,78,78,78,78,78,78,78,78,78,78,78,78,78,78,78,78,78],"card_choices":[{"not_picked":["Reinforced Body","Chaos"],"picked":"BootSequence","floor":1.0},{"not_picked":["Conserve Battery","Tempest"],"picked":"Recycle","floor":7.0},{"not_picked":["Rebound","Self Repair"],"picked":"Electrodynamics","floor":10.0},{"not_picked":["Streamline","Steam Power","Steam"],"picked":"SKIP","floor":11.0},{"not_picked":["Ball Lightning","Barrage"],"picked":"Defragment","floor":12.0},{"not_picked":["Consume","Compile Driver"],"picked":"Darkness","floor":13.0},{"not_picked":["Steam Power","Rebound"],"picked":"Coolheaded","floor":14.0},{"not_picked":["Meteor Strike","Rainbow"],"picked":"Biased Cognition","floor":16.0},{"not_picked":["Force Field","Darkness"],"picked":"Reinforced Body","floor":18.0},{"not_picked":["Gash","Steam"],"picked":"Cold Snap","floor":21.0},{"not_picked":["Redo","Beam Cell"],"picked":"Tempest","floor":25.0},{"not_picked":["Redo","Turbo","Gash"],"picked":"SKIP","floor":28.0},{"not_picked":["Conserve Battery","Cold Snap"],"picked":"Sweeping Beam+1","floor":30.0},{"not_picked":["Coolheaded","BootSequence"],"picked":"Leap+1","floor":31.0},{"not_picked":["Reboot","Hyperbeam"],"picked":"Creative AI","floor":33.0},{"not_picked":["Auto Shields"],"picked":"SKIP","floor":35.0},{"not_picked":["Compile Driver"],"picked":"SKIP","floor":36.0},{"not_picked":["Consume"],"picked":"SKIP","floor":37.0},{"not_picked":["Leap"],"picked":"SKIP","floor":39},{"not_picked":["Streamline"],"picked":"SKIP","floor":41},{"not_picked":["Tempest"],"picked":"SKIP","floor":46}],"player_experience":1183696,"relics_obtained":[{"floor":7.0,"key":"Ice Cream"},{"floor":8.0,"key":"Strawberry"},{"floor":9.0,"key":"Thread and Needle"},{"floor":10.0,"key":"Cables"},{"floor":12.0,"key":"Regal Pillow"},{"floor":14.0,"key":"Kunai"},{"floor":28.0,"key":"Dead Branch"},{"floor":41,"key":"Omamori"},{"floor":43,"key":"Molten Egg 2"},{"floor":46,"key":"Bottled Tornado"}],"event_choices":[{"damage_healed":0.0,"max_hp_gain":0.0,"max_hp_loss":0.0,"gold_gain":0.0,"event_name":"Living Wall","player_choice":"Grow","floor":2.0,"gold_loss":0.0,"damage_taken":0.0,"cards_upgraded":["Zap"]},{"damage_healed":0.0,"max_hp_gain":0.0,"max_hp_loss":0.0,"gold_gain":0.0,"event_name":"Golden Idol","player_choice":"Take Wound","floor":4.0,"gold_loss":0.0,"damage_taken":0.0,"relics_obtained":["Golden Idol"],"cards_obtained":["Injury"]},{"damage_healed":0.0,"max_hp_gain":0.0,"max_hp_loss":0.0,"gold_gain":50.0,"event_name":"Nest","player_choice":"Stole From Cult","floor":19.0,"gold_loss":0.0,"damage_taken":0.0},{"damage_healed":0.0,"max_hp_gain":0.0,"max_hp_loss":0.0,"gold_gain":0.0,"event_name":"Accursed Blacksmith","player_choice":"Rummage","floor":24.0,"gold_loss":0.0,"damage_taken":0.0,"relics_obtained":["WarpedTongs"],"cards_obtained":["Pain"]},{"cards_removed":["Pain"],"damage_healed":0.0,"max_hp_gain":0.0,"max_hp_loss":0.0,"gold_gain":0.0,"event_name":"Bonfire Elementals","player_choice":"Offered Curse","floor":29.0,"gold_loss":0.0,"damage_taken":0.0,"relics_obtained":["Spirit Poop"]},{"damage_healed":0,"gold_gain":0,"player_choice":"Ignored","damage_taken":0,"max_hp_gain":0,"max_hp_loss":0,"event_name":"Tomb of Lord Red Mask","floor":42,"gold_loss":0},{"cards_removed":["Strike_B"],"damage_healed":0,"gold_gain":0,"player_choice":"Removed Attack","damage_taken":0,"max_hp_gain":0,"max_hp_loss":0,"event_name":"Falling","floor":44,"gold_loss":0},{"damage_healed":0,"gold_gain":0,"player_choice":"1 cards matched","damage_taken":0,"max_hp_gain":0,"max_hp_loss":0,"event_name":"Match and Keep!","floor":47,"gold_loss":0,"cards_obtained":["Skim"]}],"is_beta":true,"boss_relics":[{"not_picked":["Ectoplasm","Snecko Eye"],"picked":"Sozu"},{"not_picked":["Pandora\u0027s Box","Black Star"],"picked":"Busted Crown"}],"items_purged_floors":[20,22],"is_endless":false,"potions_floor_spawned":[1,7,14,18,21,25,31,33,35,37,46],"killed_by":"Writhing Mass","ascension_level":20}