{"gold_per_floor":[114,114,130,142,157,186,186,199,244,263,278,278],"floor_reached":12,"playtime":429,"items_purged":[],"score":105,"play_id":"9c348b09-8cea-4045-a0f2-0c5140671951","local_time":"20180625154412","is_ascension_mode":true,"campfire_choices":[{"data":"Coolheaded","floor":7,"key":"SMITH"}],"neow_cost":"NONE","seed_source_timestamp":1029574569028314,"circlet_count":0,"master_deck":["Strike_B","Strike_B","Strike_B","Defend_B","Defend_B","Defend_B","Defend_B","Zap+1","Dualcast","Sweeping Beam","Hologram","Ball Lightning","Coolheaded+1","Gash","Steam","Rebound","Steam"],"relics":["Cracked Core","Vajra","Potion Belt"],"potions_floor_usage":[5,6],"damage_taken":[{"damage":0,"enemies":"2 Louse","floor":1,"turns":2},{"damage":2,"enemies":"Jaw Worm","floor":3,"turns":3},{"damage":0,"enemies":"Cultist","floor":4,"turns":3},{"damage":11,"enemies":"Gremlin Gang","floor":5,"turns":5},{"damage":10,"enemies":"Gremlin Nob","floor":6,"turns":3},{"damage":10,"enemies":"Exordium Thugs","floor":8,"turns":3},{"damage":20,"enemies":"Lots of Slimes","floor":10,"turns":3},{"damage":7,"enemies":"2 Fungi Beasts","floor":11,"turns":2},{"damage":11,"enemies":"Red Slaver","floor":12,"turns":1}],"seed_played":"-8485211316902158030","potions_obtained":[{"floor":3,"key":"EssenceOfSteel"},{"floor":4,"key":"Strength Potion"},{"floor":11,"key":"GamblersBrew"}],"is_trial":false,"path_per_floor":["M","?","M","M","M","E","R","M","T","M","M"],"character_chosen":"DEFECT","items_purchased":[],"campfire_rested":0,"item_purchase_floors":[],"current_hp_per_floor":[75,68,66,66,55,45,45,35,35,15,8,0],"gold":278,"neow_bonus":"UPGRADE_CARD","is_prod":false,"is_daily":false,"chose_seed":false,"campfire_upgraded":1,"win_rate":0,"timestamp":1529934252,"path_taken":["M","?","?","M","?","E","R","M","T","M","?","M"],"build_version":"2018-06-21v2","purchased_purges":0,"victory":false,"max_hp_per_floor":[75,75,75,75,75,75,75,75,75,75,75,75],"card_choices":[{"not_picked":["Streamline","Lockon"],"picked":"Sweeping Beam","floor":1},{"not_picked":["Go for the Eyes","Redo"],"picked":"Hologram","floor":3},{"not_picked":["Stack","Lockon"],"picked":"Ball Lightning","floor":4},{"not_picked":["Barrage","Double Energy"],"picked":"Coolheaded","floor":5},{"not_picked":["Meteor Strike","Beam Cell"],"picked":"Gash","floor":6},{"not_picked":["Static Discharge","Streamline"],"picked":"Steam","floor":8},{"not_picked":["Redo","Heatsinks"],"picked":"Rebound","floor":10},{"not_picked":["Genetic Algorithm","Redo"],"picked":"Steam","floor":11}],"player_experience":786629,"relics_obtained":[{"floor":6,"key":"Vajra"},{"floor":9,"key":"Potion Belt"}],"event_choices":[{"event_name":"Golden Wing","player_choice":"Card Removal","floor":2,"damage_taken":0}],"boss_relics":[],"items_purged_floors":[],"is_endless":false,"potions_floor_spawned":[3,4,11],"killed_by":"Red Slaver","ascension_level":5}