{"gold_per_floor":[99,99,99,99,99,99,99,99,99,99,99,99,99,99,99,99,99,39,39,39,39,39,39,39,39,39,39,39,39,39,39,39,39,39,39,39,39,39,39,39,39,39,39,39,39,39,39,39,39,39],"floor_reached":50,"playtime":2167,"items_purged":[],"score":1216,"play_id":"3e47d128-480c-4199-8b27-c7a0dad5bf72","local_time":"20181204235155","is_ascension_mode":true,"campfire_choices":[{"data":"A Thousand Cuts","floor":7.0,"key":"SMITH"},{"data":"Skewer","floor":10.0,"key":"SMITH"},{"data":"Footwork","floor":15.0,"key":"SMITH"},{"floor":24.0,"key":"REST"},{"floor":27.0,"key":"REST"},{"floor":30.0,"key":"REST"},{"floor":32.0,"key":"REST"},{"data":"Noxious Fumes","floor":40.0,"key":"SMITH"},{"data":"Cloak And Dagger","floor":46.0,"key":"SMITH"},{"floor":49.0,"key":"RECALL"}],"neow_cost":"NONE","seed_source_timestamp":170707928717596,"circlet_count":0,"master_deck":["AscendersBane","Defend_G","Defend_G","Defend_G","Defend_G","Defend_G","Strike_G","Survivor","Neutralize+1","Quick Slash+1","Skewer+1","Footwork+1","A Thousand Cuts+1","Dagger Spray","Endless Agony","Footwork+1","After Image","Bouncing Flask+1","Slice+1","Cloak And Dagger+1","Caltrops","Backstab","Escape Plan+1","Noxious Fumes+1","Blade Dance","Acrobatics","Cloak And Dagger+1","Dodge and Roll","Corpse Explosion","Caltrops+1","Bouncing Flask+1"],"special_seed":0,"relics":["Ectoplasm","Nunchaku","MawBank","Shuriken","Odd Mushroom","Thread and Needle","Astrolabe","Prayer Wheel","Whetstone","PreservedInsect","Ninja Scroll","Snecko Eye","Smiling Mask","Blood Vial"],"potions_floor_usage":[50],"damage_taken":[{"damage":4.0,"enemies":"Jaw Worm","floor":1.0,"turns":4.0},{"damage":0.0,"enemies":"2 Louse","floor":2.0,"turns":2.0},{"damage":0.0,"enemies":"Cultist","floor":3.0,"turns":3.0},{"damage":1.0,"enemies":"2 Fungi Beasts","floor":5.0,"turns":3.0},{"damage":10.0,"enemies":"Lagavulin","floor":6.0,"turns":9.0},{"damage":10.0,"enemies":"3 Sentries","floor":8.0,"turns":5.0},{"damage":4.0,"enemies":"Red Slaver","floor":11.0,"turns":3.0},{"damage":6.0,"enemies":"The Mushroom Lair","floor":12.0,"turns":3.0},{"damage":0.0,"enemies":"Gremlin Nob","floor":13.0,"turns":3.0},{"damage":2.0,"enemies":"Hexaghost","floor":16.0,"turns":9.0},{"damage":18.0,"enemies":"2 Thieves","floor":18.0,"turns":3.0},{"damage":0.0,"enemies":"Chosen","floor":19.0,"turns":3.0},{"damage":2.0,"enemies":"Sentry and Sphere","floor":21.0,"turns":6.0},{"damage":18.0,"enemies":"Cultist and Chosen","floor":22.0,"turns":6.0},{"damage":20.0,"enemies":"Slavers","floor":23.0,"turns":5.0},{"damage":40.0,"enemies":"Book of Stabbing","floor":25.0,"turns":5.0},{"damage":4.0,"enemies":"3 Cultists","floor":28.0,"turns":4.0},{"damage":7.0,"enemies":"Snake Plant","floor":31.0,"turns":4.0},{"damage":16.0,"enemies":"Collector","floor":33.0,"turns":8.0},{"damage":1.0,"enemies":"Orb Walker","floor":35.0,"turns":3.0},{"damage":0.0,"enemies":"3 Darklings","floor":41.0,"turns":2.0},{"damage":0.0,"enemies":"Nemesis","floor":42.0,"turns":6.0},{"damage":9.0,"enemies":"Giant Head","floor":45.0,"turns":7.0},{"damage":24.0,"enemies":"Transient","floor":48.0,"turns":6.0},{"damage":30,"enemies":"Awakened One","floor":50,"turns":3}],"seed_played":"-7964839386667993450","potions_obtained":[{"floor":5.0,"key":"Explosive Potion"},{"floor":11.0,"key":"SpeedPotion"},{"floor":12.0,"key":"Dexterity Potion"},{"floor":16.0,"key":"SteroidPotion"},{"floor":18.0,"key":"Swift Potion"},{"floor":21.0,"key":"Dexterity Potion"},{"floor":23.0,"key":"LiquidBronze"},{"floor":28.0,"key":"SteroidPotion"},{"floor":33.0,"key":"Dexterity Potion"},{"floor":41.0,"key":"Swift Potion"},{"floor":48.0,"key":"Strength Potion"}],"is_trial":false,"path_per_floor":["M","M","M","?","M","E","R","E","T","R","M","?","E","?","R","B",null,"M","M","?","M","M","E","R","E","T","R","M","?","R","M","R","B",null,"M","$","?","$","?","R","M","E","T","$","E","R","?","M","R","B"],"character_chosen":"THE_SILENT","items_purchased":[],"campfire_rested":4,"item_purchase_floors":[],"current_hp_per_floor":[55,55,55,55,54,44,44,34,34,34,30,24,24,24,24,22,55,37,37,66,64,46,26,45,5,5,24,20,20,39,32,51,35,58,57,57,57,57,57,57,57,57,57,57,48,48,48,26,26,0],"gold":39,"neow_bonus":"BOSS_RELIC","is_prod":false,"is_daily":false,"chose_seed":false,"campfire_upgraded":5,"win_rate":0,"timestamp":1543985515,"path_taken":["M","M","M","?","M","E","R","E","T","R","M","?","E","?","R","BOSS","M","M","?","?","M","E","R","E","T","R","M","?","R","M","R","BOSS","M","?","?","$","?","R","M","E","T","$","E","R","?","?","R","BOSS"],"build_version":"2018-12-4","purchased_purges":0,"victory":false,"max_hp_per_floor":[66,66,66,66,66,66,66,66,66,66,66,66,66,66,66,66,66,66,66,66,66,66,66,66,66,66,66,66,66,66,66,66,66,66,66,66,66,66,63,63,63,63,63,63,63,63,63,63,63,63],"card_choices":[{"not_picked":["Outmaneuver","Masterful Stab"],"picked":"Quick Slash","floor":1.0},{"not_picked":["Blade Dance","Blur"],"picked":"Masterful Stab","floor":2.0},{"not_picked":["Prepared","PiercingWail"],"picked":"Skewer","floor":3.0},{"not_picked":["Reflex","Crippling Poison"],"picked":"Footwork","floor":5.0},{"not_picked":["Blur","Footwork"],"picked":"A Thousand Cuts","floor":6.0},{"not_picked":["Sucker Punch","Blade Dance","Choke"],"picked":"SKIP","floor":8.0},{"not_picked":["Bouncing Flask","Quick Slash"],"picked":"Dagger Spray","floor":11.0},{"not_picked":["Acrobatics","Flechettes"],"picked":"Endless Agony","floor":12.0},{"not_picked":["Acrobatics","Prepared"],"picked":"Footwork","floor":13.0},{"not_picked":["Die Die Die","Unload"],"picked":"After Image","floor":16.0},{"not_picked":["Riddle With Holes","Flechettes+1"],"picked":"Caltrops","floor":18.0},{"not_picked":["Prepared","Bane","All Out Attack"],"picked":"SKIP","floor":19.0},{"not_picked":["Bane","Prepared"],"picked":"Backstab","floor":21.0},{"not_picked":["Flying Knee","PiercingWail"],"picked":"Escape Plan+1","floor":22.0},{"not_picked":["Grand Finale","Masterful Stab"],"picked":"Noxious Fumes","floor":23.0},{"not_picked":["Flying Knee","Dagger Throw+1","Masterful Stab"],"picked":"SKIP","floor":25.0},{"not_picked":["Sucker Punch","Outmaneuver"],"picked":"Blade Dance","floor":28.0},{"not_picked":["Quick Slash","Eviscerate"],"picked":"Acrobatics","floor":28.0},{"not_picked":["Masterful Stab","Sucker Punch"],"picked":"Cloak And Dagger","floor":31.0},{"not_picked":["Deflect","Underhanded Strike"],"picked":"Dodge and Roll","floor":31.0},{"not_picked":["Venomology","A Thousand Cuts"],"picked":"Corpse Explosion","floor":33.0},{"not_picked":["Bouncing Flask","Deadly Poison+1"],"picked":"Caltrops+1","floor":35.0},{"not_picked":["Bouncing Flask","Escape Plan","Dagger Throw+1"],"picked":"SKIP","floor":35.0},{"not_picked":["Deadly Poison","Choke","Quick Slash"],"picked":"SKIP","floor":41.0},{"not_picked":["Outmaneuver","Deflect","Flechettes"],"picked":"SKIP","floor":41.0},{"not_picked":["Masterful Stab","Calculated Gamble","Glass Knife"],"picked":"SKIP","floor":42.0},{"not_picked":["Quick Slash","Noxious Fumes"],"picked":"Bouncing Flask+1","floor":45.0},{"not_picked":["Deadly Poison","Acrobatics","Slice"],"picked":"SKIP","floor":48.0},{"not_picked":["Bouncing Flask","Masterful Stab+1","Noxious Fumes"],"picked":"SKIP","floor":48.0}],"player_experience":1170224,"relics_obtained":[{"floor":6.0,"key":"Nunchaku"},{"floor":8.0,"key":"MawBank"},{"floor":9.0,"key":"Shuriken"},{"floor":12.0,"key":"Odd Mushroom"},{"floor":13.0,"key":"Thread and Needle"},{"floor":23.0,"key":"Prayer Wheel"},{"floor":25.0,"key":"Whetstone"},{"floor":26.0,"key":"PreservedInsect"},{"floor":42.0,"key":"Smiling Mask"},{"floor":45.0,"key":"Blood Vial"}],"event_choices":[{"damage_healed":0.0,"max_hp_gain":0.0,"max_hp_loss":0.0,"gold_gain":0.0,"event_name":"The Cleric","player_choice":"Leave","floor":4.0,"gold_loss":0.0,"damage_taken":0.0},{"damage_healed":0.0,"max_hp_gain":0.0,"max_hp_loss":0.0,"gold_gain":0.0,"event_name":"Mushrooms","player_choice":"Fought Mushrooms","floor":12.0,"gold_loss":0.0,"damage_taken":0.0},{"damage_healed":0.0,"max_hp_gain":0.0,"max_hp_loss":0.0,"gold_gain":0.0,"event_name":"Living Wall","player_choice":"Grow","floor":14.0,"gold_loss":0.0,"damage_taken":0.0,"cards_upgraded":["Footwork"]},{"cards_removed":["Masterful Stab"],"damage_healed":29.0,"max_hp_gain":0.0,"max_hp_loss":0.0,"gold_gain":0.0,"event_name":"Bonfire Elementals","player_choice":"Offered Uncommon","floor":20.0,"gold_loss":0.0,"damage_taken":0.0},{"damage_healed":0.0,"max_hp_gain":0.0,"max_hp_loss":0.0,"gold_gain":0.0,"event_name":"WeMeetAgain","player_choice":"Gave Potion","floor":29.0,"gold_loss":0.0,"damage_taken":0.0,"relics_obtained":["Ninja Scroll"]},{"cards_removed":["Strike_G"],"damage_healed":0.0,"max_hp_gain":0.0,"max_hp_loss":0.0,"gold_gain":0.0,"event_name":"Falling","player_choice":"Removed Attack","floor":37.0,"gold_loss":0.0,"damage_taken":0.0},{"damage_healed":0.0,"max_hp_gain":0.0,"max_hp_loss":3.0,"gold_gain":0.0,"event_name":"Winding Halls","player_choice":"Max HP","floor":39.0,"gold_loss":0.0,"damage_taken":0.0},{"damage_healed":0.0,"max_hp_gain":0.0,"max_hp_loss":0.0,"gold_gain":0.0,"event_name":"Mysterious Sphere","player_choice":"Ignored","floor":47.0,"gold_loss":0.0,"damage_taken":0.0}],"is_beta":true,"boss_relics":[{"not_picked":["Empty Cage","Coffee Dripper"],"picked":"Astrolabe"},{"not_picked":["Tiny House","Pandora\u0027s Box"],"picked":"Snecko Eye"}],"items_purged_floors":[],"is_endless":false,"potions_floor_spawned":[5,11,12,13,16,18,21,23,28,33,41,48],"killed_by":"Awakened One","ascension_level":20}