{"gold_per_floor":[117,117,392,411,285,310,310,321,321,346,346,238,268,343,343,421,421,436,436],"floor_reached":19,"playtime":756,"items_purged":["Regret"],"score":395,"play_id":"1cd5d5bc-554d-4219-b4cd-727009bd29e7","local_time":"20190217131453","is_ascension_mode":true,"campfire_choices":[{"data":"Rage","floor":7,"key":"SMITH"},{"floor":15,"key":"REST"}],"neow_cost":"NONE","seed_source_timestamp":15094954667287504,"circlet_count":0,"master_deck":["AscendersBane","Strike_R","Strike_R","Strike_R","Strike_R","Strike_R","Defend_R","Defend_R","Defend_R","Defend_R","Bash","Heavy Blade","Rage+1","True Grit","Power Through","Whirlwind","Cleave","Flash of Steel","Feel No Pain","Barricade","Warcry","Rage"],"relics":["Burning Blood","NeowsBlessing","Kunai","Shuriken","Ice Cream","Self Forming Clay","Orrery"],"potions_floor_usage":[10,10,19,19],"damage_taken":[{"damage":0,"enemies":"Small Slimes","floor":1,"turns":1},{"damage":0,"enemies":"Cultist","floor":4,"turns":1},{"damage":0,"enemies":"Gremlin Nob","floor":6,"turns":1},{"damage":0,"enemies":"2 Louse","floor":8,"turns":3},{"damage":9,"enemies":"Lagavulin","floor":10,"turns":8},{"damage":23,"enemies":"3 Sentries","floor":13,"turns":6},{"damage":49,"enemies":"Slime Boss","floor":16,"turns":11},{"damage":50,"enemies":"3 Byrds","floor":18,"turns":8},{"damage":30,"enemies":"Spheric Guardian","floor":19,"turns":7}],"seed_played":"-8860697724250203130","potions_obtained":[{"floor":4,"key":"LiquidBronze"},{"floor":6,"key":"Energy Potion"},{"floor":13,"key":"Energy Potion"},{"floor":18,"key":"Block Potion"}],"is_trial":false,"path_per_floor":["M","?","?","M","$","E","R","M","T","E","?","$","E","?","R","B",null,"M","M"],"character_chosen":"IRONCLAD","items_purchased":["True Grit","Flash of Steel"],"campfire_rested":1,"item_purchase_floors":[5,12],"current_hp_per_floor":[74,79,79,80,80,80,80,80,80,77,77,77,60,60,80,37,69,25,0],"gold":436,"neow_bonus":"THREE_ENEMY_KILL","is_prod":false,"is_daily":false,"chose_seed":false,"campfire_upgraded":1,"win_rate":0,"timestamp":1550405693,"path_taken":["M","?","?","?","$","E","R","M","T","E","?","$","E","?","R","BOSS","M","M"],"build_version":"2019-01-23","purchased_purges":1,"victory":false,"max_hp_per_floor":[75,80,80,80,80,80,80,80,80,80,80,80,80,80,80,80,80,80,80],"card_choices":[{"not_picked":["Warcry","Clash"],"picked":"Heavy Blade","floor":1},{"not_picked":["Second Wind","Intimidate"],"picked":"Rage","floor":4},{"not_picked":["Perfected Strike","Blood for Blood"],"picked":"Power Through","floor":6},{"not_picked":["Warcry","Wild Strike"],"picked":"Whirlwind","floor":8},{"not_picked":["Intimidate","Carnage"],"picked":"Cleave","floor":10},{"not_picked":["Sever Soul","Flame Barrier"],"picked":"Feel No Pain","floor":13},{"not_picked":["Double Tap","Exhume"],"picked":"Barricade","floor":16},{"not_picked":["Twin Strike","Clash"],"picked":"Warcry","floor":17},{"not_picked":["Dual Wield","Shockwave"],"picked":"Rage","floor":17},{"not_picked":["Perfected Strike","Body Slam","Bloodletting"],"picked":"SKIP","floor":18}],"player_experience":402322,"relics_obtained":[{"floor":6,"key":"Kunai"},{"floor":9,"key":"Shuriken"},{"floor":10,"key":"Ice Cream"},{"floor":13,"key":"Self Forming Clay"}],"event_choices":[{"damage_healed":0,"gold_gain":0,"player_choice":"Donut","damage_taken":0,"max_hp_gain":5,"max_hp_loss":0,"event_name":"Big Fish","floor":2,"gold_loss":0},{"damage_healed":0,"gold_gain":275,"player_choice":"Desecrate","damage_taken":0,"max_hp_gain":0,"max_hp_loss":0,"event_name":"Golden Shrine","floor":3,"gold_loss":0,"cards_obtained":["Regret"]},{"damage_healed":0,"gold_gain":0,"player_choice":"Ignored","damage_taken":0,"max_hp_gain":0,"max_hp_loss":0,"event_name":"Golden Idol","floor":11,"gold_loss":0},{"damage_healed":0,"gold_gain":75,"player_choice":"Gained Gold","damage_taken":0,"max_hp_gain":0,"max_hp_loss":0,"event_name":"Golden Wing","floor":14,"gold_loss":0}],"is_beta":false,"boss_relics":[{"not_picked":["Fusion Hammer","Calling Bell"],"picked":"Orrery"}],"items_purged_floors":[5],"is_endless":false,"potions_floor_spawned":[4,6,8,13,18],"killed_by":"Spheric Guardian","ascension_level":18}