{"gold_per_floor":[367,367,367,378,54,54,89,89,171,199,219,253,265,282,282,380,380,394,409,509,40,56,56],"floor_reached":23,"playtime":841,"items_purged":[],"score":392,"play_id":"e8e50a0f-e57d-4a01-8bd7-44eead78a13b","local_time":"20181119180615","is_ascension_mode":true,"campfire_choices":[{"data":"Apotheosis","floor":6,"key":"SMITH"},{"floor":8,"key":"REST"},{"floor":15,"key":"REST"}],"neow_cost":"CURSE","seed_source_timestamp":160470478418502,"circlet_count":0,"master_deck":["AscendersBane","Strike_B","Strike_B","Strike_B","Strike_B","Defend_B","Defend_B","Defend_B","Zap","Dualcast","Conserve Battery","Defragment","Apotheosis+1","Glacier","Thunder Strike","Turbo","Ball Lightning","Barrage","FTL","Buffer","Ball Lightning","Stack","Compile Driver","Sadistic Nature"],"special_seed":0,"relics":["Cracked Core","Bag of Preparation","Cables","Tiny Chest","Blood Vial","Ornamental Fan","Nuclear Battery","Emotion Chip","Matryoshka","PrismaticShard","Happy Flower"],"potions_floor_usage":[7,7,12,16,20,23,23],"damage_taken":[{"damage":7.0,"enemies":"Jaw Worm","floor":1.0,"turns":3.0},{"damage":2.0,"enemies":"2 Louse","floor":4.0,"turns":2.0},{"damage":14,"enemies":"3 Sentries","floor":7,"turns":5},{"damage":24,"enemies":"Gremlin Nob","floor":10,"turns":4},{"damage":0,"enemies":"Cultist","floor":11,"turns":3},{"damage":5,"enemies":"3 Sentries","floor":12,"turns":7},{"damage":7,"enemies":"Lots of Slimes","floor":13,"turns":3},{"damage":4,"enemies":"3 Louse","floor":14,"turns":4},{"damage":0,"enemies":"Slime Boss","floor":16,"turns":5},{"damage":0,"enemies":"Chosen","floor":18,"turns":3},{"damage":2,"enemies":"Shell Parasite","floor":19,"turns":3},{"damage":36,"enemies":"Colosseum Slavers","floor":20,"turns":4},{"damage":27,"enemies":"Colosseum Nobs","floor":20,"turns":5},{"damage":7,"enemies":"Snake Plant","floor":22,"turns":3},{"damage":9,"enemies":"Book of Stabbing","floor":23,"turns":4}],"seed_played":"4279812169209398226","potions_obtained":[{"floor":1.0,"key":"LiquidBronze"},{"floor":4.0,"key":"Energy Potion"},{"floor":11,"key":"Fire Potion"},{"floor":13,"key":"Poison Potion"},{"floor":16,"key":"PowerPotion"},{"floor":22,"key":"SpeedPotion"}],"is_trial":false,"path_per_floor":["M","?","?","M","$","R","E","R","T","E","M","E","M","M","R","B",null,"M","M","?","$","M","E"],"character_chosen":"DEFECT","items_purchased":["Apotheosis","Bag of Preparation","PrismaticShard","Happy Flower","FocusPotion","Swift Potion"],"campfire_rested":2,"item_purchase_floors":[5,5,21,21,21,21],"current_hp_per_floor":[61,54,54,52,52,52,38,60,60,36,38,35,30,28,50,52,69,71,71,12,12,7,0],"gold":56,"neow_bonus":"TWO_FIFTY_GOLD","is_prod":false,"is_daily":false,"chose_seed":false,"campfire_upgraded":1,"win_rate":0,"timestamp":1542647175,"path_taken":["M","?","?","M","$","R","E","R","T","E","M","E","?","M","R","BOSS","M","?","?","$","M","E"],"build_version":"2018-11-15","purchased_purges":0,"victory":false,"max_hp_per_floor":[75,75,75,75,75,75,75,75,75,75,75,75,75,75,75,75,75,75,75,75,75,75,75],"card_choices":[{"not_picked":["Coolheaded","Steam"],"picked":"Conserve Battery","floor":1.0},{"not_picked":["Melter","Coolheaded"],"picked":"Defragment","floor":4.0},{"not_picked":["Scrape","Barrage"],"picked":"Glacier","floor":7},{"not_picked":["Rebound","Sunder"],"picked":"Thunder Strike","floor":10},{"not_picked":["Cold Snap","Storm"],"picked":"Turbo","floor":11},{"not_picked":["Rebound","Redo"],"picked":"Ball Lightning","floor":12},{"not_picked":["Stack","Turbo"],"picked":"Barrage","floor":13},{"not_picked":["Turbo","Rebound"],"picked":"FTL","floor":14},{"not_picked":["Fission","Biased Cognition"],"picked":"Buffer","floor":16},{"not_picked":["Compile Driver+1","Defragment"],"picked":"Ball Lightning","floor":18},{"not_picked":["Barrage","Streamline+1"],"picked":"Stack","floor":19},{"not_picked":["Reprogram","Sweeping Beam+1"],"picked":"Compile Driver","floor":20},{"not_picked":["Deadly Poison","Bane"],"picked":"Sadistic Nature","floor":22}],"player_experience":1208871,"relics_obtained":[{"floor":7,"key":"Cables"},{"floor":9,"key":"Tiny Chest"},{"floor":10,"key":"Blood Vial"},{"floor":12,"key":"Ornamental Fan"},{"floor":20,"key":"Emotion Chip"},{"floor":20,"key":"Matryoshka"}],"event_choices":[{"cards_removed":["Doubt"],"damage_healed":0.0,"max_hp_gain":0.0,"max_hp_loss":0.0,"gold_gain":0.0,"event_name":"Golden Wing","player_choice":"Card Removal","floor":2.0,"gold_loss":0.0,"damage_taken":7.0},{"cards_removed":["Defend_B"],"damage_healed":0.0,"max_hp_gain":0.0,"max_hp_loss":0.0,"gold_gain":0.0,"event_name":"Purifier","player_choice":"Purged","floor":3.0,"gold_loss":0.0,"damage_taken":0.0},{"damage_healed":0,"gold_gain":0,"player_choice":"Fight","damage_taken":0,"max_hp_gain":0,"max_hp_loss":0,"event_name":"Colosseum","floor":20,"gold_loss":0},{"damage_healed":0,"gold_gain":0,"player_choice":"Fought Nobs","damage_taken":0,"max_hp_gain":0,"max_hp_loss":0,"event_name":"Colosseum","floor":20,"gold_loss":0}],"is_beta":false,"boss_relics":[{"not_picked":["Runic Pyramid","Orrery"],"picked":"Nuclear Battery"}],"items_purged_floors":[],"is_endless":false,"potions_floor_spawned":[1,4,11,13,16,22],"killed_by":"Book of Stabbing","ascension_level":10}