{"gold_per_floor":[110,110,110,125,75,75,102,114,126,155,180,222,159,169,169,274,274,291,216,202,202,202,234,234,234],"floor_reached":25,"playtime":1025,"items_purged":["Strike_R"],"score":267,"play_id":"03b90b62-76d5-44c4-aca8-c144fb4b5c89","local_time":"20190206103512","is_ascension_mode":true,"campfire_choices":[{"data":"Juggernaut","floor":6,"key":"SMITH"},{"data":"Iron Wave","floor":8,"key":"SMITH"},{"data":"Armaments","floor":15,"key":"SMITH"},{"data":"Entrench","floor":24,"key":"SMITH"}],"neow_cost":"NONE","seed_source_timestamp":176838641262849,"circlet_count":0,"master_deck":["Strike_R","Defend_R","Defend_R","Defend_R","Defend_R","Bash","Juggernaut+1","Iron Wave+1","Body Slam","Ghostly Armor","Armaments+1","Iron Wave","Juggernaut","Entrench+1"],"relics":["Burning Blood","NeowsBlessing","MawBank","Blue Candle","Letter Opener","Black Star","Nunchaku","Ice Cream"],"potions_floor_usage":[16,23,23,25],"damage_taken":[{"damage":0,"enemies":"2 Louse","floor":1,"turns":1},{"damage":0,"enemies":"Small Slimes","floor":4,"turns":1},{"damage":0,"enemies":"Gremlin Nob","floor":7,"turns":1},{"damage":6,"enemies":"Jaw Worm","floor":10,"turns":4},{"damage":8,"enemies":"2 Fungi Beasts","floor":11,"turns":3},{"damage":21,"enemies":"Lagavulin","floor":12,"turns":6},{"damage":5,"enemies":"Exordium Thugs","floor":14,"turns":6},{"damage":45,"enemies":"The Guardian","floor":16,"turns":10},{"damage":17,"enemies":"Shell Parasite","floor":18,"turns":7},{"damage":17,"enemies":"2 Thieves","floor":20,"turns":4},{"damage":16,"enemies":"Gremlin Leader","floor":23,"turns":7},{"damage":38,"enemies":"Slavers","floor":25,"turns":5}],"seed_played":"5282440253336390683","potions_obtained":[{"floor":7,"key":"AttackPotion"},{"floor":10,"key":"GamblersBrew"},{"floor":12,"key":"SteroidPotion"},{"floor":16,"key":"Block Potion"},{"floor":18,"key":"Explosive Potion"},{"floor":23,"key":"SkillPotion"}],"is_trial":false,"path_per_floor":["M","?","?","M","?","R","E","R","T","M","M","E","$","M","R","B",null,"M","?","M","?","?","E","R","E"],"character_chosen":"IRONCLAD","items_purchased":[],"campfire_rested":0,"item_purchase_floors":[],"current_hp_per_floor":[80,80,80,80,80,80,80,80,80,80,78,63,63,64,64,25,80,69,69,58,58,43,33,33,0],"gold":234,"neow_bonus":"THREE_ENEMY_KILL","is_prod":false,"is_daily":false,"chose_seed":false,"campfire_upgraded":4,"win_rate":0,"timestamp":1549478112,"path_taken":["M","?","?","M","?","R","E","R","T","M","M","E","$","M","R","BOSS","M","?","M","?","?","E","R","E"],"build_version":"2019-01-23","purchased_purges":1,"victory":false,"max_hp_per_floor":[80,80,80,80,80,80,80,80,80,80,80,80,80,80,80,80,80,80,80,80,80,85,85,85,85],"card_choices":[{"not_picked":["Perfected Strike","Ghostly Armor","Sword Boomerang"],"picked":"SKIP","floor":1},{"not_picked":["Pommel Strike","Thunderclap","Warcry"],"picked":"SKIP","floor":4},{"not_picked":["Evolve","Twin Strike"],"picked":"Iron Wave","floor":7},{"not_picked":["Armaments","Fire Breathing"],"picked":"Body Slam","floor":10},{"not_picked":["Wild Strike","Warcry"],"picked":"Ghostly Armor","floor":11},{"not_picked":["Seeing Red","Flex"],"picked":"Armaments","floor":12},{"not_picked":["Corruption","Havoc"],"picked":"Iron Wave","floor":14},{"not_picked":["Dark Embrace","Bludgeon"],"picked":"Juggernaut","floor":16},{"not_picked":["Twin Strike","Spot Weakness","Headbutt+1"],"picked":"SKIP","floor":18},{"not_picked":["Havoc+1","Searing Blow","Burning Pact+1"],"picked":"SKIP","floor":20},{"not_picked":["Clothesline+1","Perfected Strike"],"picked":"Entrench","floor":23}],"player_experience":96762,"relics_obtained":[{"floor":7,"key":"MawBank"},{"floor":9,"key":"Blue Candle"},{"floor":12,"key":"Letter Opener"},{"floor":23,"key":"Nunchaku"},{"floor":23,"key":"Ice Cream"}],"event_choices":[{"damage_healed":0,"gold_gain":0,"player_choice":"Ignored","damage_taken":0,"max_hp_gain":0,"max_hp_loss":0,"event_name":"Liars Game","floor":2,"gold_loss":0},{"damage_healed":0,"gold_gain":0,"cards_transformed":["Strike_R"],"player_choice":"Change","damage_taken":0,"max_hp_gain":0,"max_hp_loss":0,"event_name":"Living Wall","floor":3,"gold_loss":0,"cards_obtained":["Juggernaut"]},{"cards_removed":["Strike_R"],"damage_healed":0,"gold_gain":0,"player_choice":"Card Removal","damage_taken":0,"max_hp_gain":0,"max_hp_loss":0,"event_name":"The Cleric","floor":5,"gold_loss":50},{"cards_removed":["Strike_R"],"damage_healed":0,"gold_gain":0,"player_choice":"Gave Gold","damage_taken":0,"max_hp_gain":0,"max_hp_loss":0,"event_name":"Beggar","floor":19,"gold_loss":75},{"damage_healed":0,"gold_gain":0,"player_choice":"Ignored","damage_taken":0,"max_hp_gain":0,"max_hp_loss":0,"event_name":"Ghosts","floor":21,"gold_loss":0},{"damage_healed":0,"gold_gain":0,"player_choice":"Shed Blood","damage_taken":20,"max_hp_gain":5,"max_hp_loss":0,"event_name":"Forgotten Altar","floor":22,"gold_loss":0}],"is_beta":false,"boss_relics":[{"not_picked":["Runic Dome","Busted Crown"],"picked":"Black Star"}],"items_purged_floors":[13],"is_endless":false,"potions_floor_spawned":[7,10,12,16,18,23],"killed_by":"Slavers","ascension_level":1}