{"path_per_floor":["M","?","M","M","M","E","R","M","T","M","?","R","$","?","R"],"character_chosen":"IRONCLAD","items_purchased":["Pummel","Armaments"],"gold_per_floor":[110,110,121,135,151,181,181,194,194,212,212,212,127,127,127,127],"floor_reached":16,"campfire_rested":2,"playtime":544,"item_purchase_floors":[13,13],"current_hp_per_floor":[76,81,78,79,70,47,47,41,41,32,7,32,32,32,55,7],"items_purged":[],"gold":127,"score":133,"play_id":"5ae454ad-ec90-4e79-a957-17e489705e55","local_time":"20180612222513","is_prod":false,"is_daily":false,"chose_seed":false,"is_ascension_mode":true,"campfire_upgraded":1,"win_rate":0,"timestamp":1528835113,"campfire_choices":[{"data":"Power Through","floor":7,"key":"SMITH"},{"floor":12,"key":"REST"},{"floor":15,"key":"REST"}],"path_taken":["M","?","M","M","M","E","R","M","T","M","?","R","$","?","R","BOSS"],"build_version":"2018-06-07v3","seed_source_timestamp":133568703780502,"purchased_purges":0,"victory":false,"master_deck":["Strike_R","Strike_R","Strike_R","Strike_R","Strike_R","Defend_R","Defend_R","Defend_R","Defend_R","Bash","Cleave","Combust","Whirlwind","Combust","Power Through+1","Clash","Thunderclap","Pummel","Armaments"],"max_hp_per_floor":[80,85,85,85,85,85,85,85,85,85,85,85,85,79,79,79],"relics":["Burning Blood","Bottled Lightning","Art of War","Anchor","Golden Idol"],"card_choices":[{"not_picked":["Armaments","Clash"],"picked":"Cleave","floor":1},{"not_picked":["Body Slam","Warcry"],"picked":"Combust","floor":3},{"not_picked":["Power Through","Brutality"],"picked":"Whirlwind","floor":4},{"not_picked":["Feel No Pain","Second Wind"],"picked":"Combust","floor":5},{"not_picked":["Anger","Body Slam"],"picked":"Power Through","floor":6},{"not_picked":["Clothesline","Pommel Strike"],"picked":"Clash","floor":8},{"not_picked":["Second Wind","Wild Strike"],"picked":"Thunderclap","floor":10}],"player_experience":664929,"potions_floor_usage":[16],"damage_taken":[{"damage":2,"enemies":"Small Slimes","floor":1,"turns":4},{"damage":9,"enemies":"2 Louse","floor":3,"turns":2},{"damage":5,"enemies":"Jaw Worm","floor":4,"turns":4},{"damage":15,"enemies":"Large Slime","floor":5,"turns":5},{"damage":29,"enemies":"Gremlin Nob","floor":6,"turns":4},{"damage":12,"enemies":"2 Fungi Beasts","floor":8,"turns":3},{"damage":15,"enemies":"Blue Slaver","floor":10,"turns":4},{"damage":48,"enemies":"The Guardian","floor":16,"turns":10}],"relics_obtained":[{"floor":6,"key":"Bottled Lightning"},{"floor":9,"key":"Art of War"}],"event_choices":[{"event_name":"Big Fish","player_choice":"Donut","floor":2,"damage_taken":0},{"event_name":"Scrap Ooze","player_choice":"success","floor":11,"damage_taken":25},{"event_name":"Golden Idol","player_choice":"Lose Max HP","floor":14,"damage_taken":0}],"boss_relics":[],"items_purged_floors":[],"potions_floor_spawned":[3,6,8],"seed_played":"-9217902140219089784","killed_by":"The Guardian","ascension_level":6,"potions_obtained":[{"floor":3,"key":"PowerPotion"},{"floor":6,"key":"Weak Potion"},{"floor":8,"key":"FearPotion"}],"is_trial":false}