{"gold_per_floor":[112,112,130,27,27,27,52,52,52,83,83,83,98,111,111,111],"floor_reached":16,"playtime":400,"items_purged":[],"score":266,"play_id":"66888e5a-dab9-4641-9812-17505391d776","local_time":"20181029004337","is_ascension_mode":true,"campfire_choices":[{"data":"Predator","floor":6,"key":"SMITH"},{"data":"Noxious Fumes","floor":12,"key":"SMITH"},{"data":"Leg Sweep","floor":15,"key":"SMITH"}],"neow_cost":"NONE","seed_source_timestamp":659927785929141,"circlet_count":0,"master_deck":["Defend_G","Defend_G","Defend_G","Defend_G","Defend_G+1","Strike_G+1","Strike_G","Strike_G+1","Strike_G+1","Survivor","Neutralize","AscendersBane","Bouncing Flask","Predator+1","Noxious Fumes+1","Cloak And Dagger","Leg Sweep+1","Cloak And Dagger","Leg Sweep","Deflect"],"relics":["Ring of the Snake","NeowsBlessing","Turnip","Mercury Hourglass","Whetstone","Orichalcum"],"potions_floor_usage":[],"damage_taken":[{"damage":0,"enemies":"Small Slimes","floor":1,"turns":1},{"damage":0,"enemies":"Jaw Worm","floor":3,"turns":1},{"damage":0,"enemies":"Gremlin Nob","floor":7,"turns":1},{"damage":10,"enemies":"3 Sentries","floor":10,"turns":6},{"damage":0,"enemies":"2 Louse","floor":13,"turns":2},{"damage":1,"enemies":"Exordium Wildlife","floor":14,"turns":6},{"damage":21,"enemies":"The Guardian","floor":16,"turns":9}],"seed_played":"4386333339997741495","potions_obtained":[{"floor":1,"key":"Poison Potion"},{"floor":14,"key":"Regen Potion"}],"is_trial":false,"path_per_floor":["M","?","M","$","?","R","E","$","T","E","?","R","M","M","R"],"character_chosen":"THE_SILENT","items_purchased":["Noxious Fumes","Cloak And Dagger"],"campfire_rested":0,"item_purchase_floors":[4,4],"current_hp_per_floor":[59,52,52,52,32,32,32,32,32,22,22,22,22,21,21,0],"gold":111,"neow_bonus":"THREE_ENEMY_KILL","is_prod":false,"is_daily":false,"chose_seed":false,"campfire_upgraded":3,"win_rate":0,"timestamp":1540788217,"path_taken":["M","?","?","$","?","R","E","$","T","E","?","R","M","M","R","BOSS"],"build_version":"2018-10-25v2","purchased_purges":0,"victory":false,"max_hp_per_floor":[66,66,66,66,66,66,66,66,66,66,66,66,66,66,66,66],"card_choices":[{"not_picked":["Distraction","Backflip"],"picked":"Bouncing Flask","floor":1},{"not_picked":["Deflect","Sucker Punch"],"picked":"Predator","floor":3},{"not_picked":["Deadly Poison","Dodge and Roll"],"picked":"Leg Sweep","floor":7},{"not_picked":["Catalyst","Leg Sweep"],"picked":"Cloak And Dagger","floor":10},{"not_picked":["Predator","PiercingWail"],"picked":"Leg Sweep","floor":13},{"not_picked":["Dagger Spray","Terror"],"picked":"Deflect","floor":14}],"player_experience":1100116,"relics_obtained":[{"floor":7,"key":"Turnip"},{"floor":9,"key":"Mercury Hourglass"},{"floor":10,"key":"Whetstone"}],"event_choices":[{"cards_removed":["Strike_G"],"damage_healed":0,"gold_gain":0,"player_choice":"Card Removal","damage_taken":7,"max_hp_gain":0,"max_hp_loss":0,"event_name":"Golden Wing","floor":2,"gold_loss":0},{"damage_healed":0,"gold_gain":0,"player_choice":"Entered Light","damage_taken":20,"max_hp_gain":0,"max_hp_loss":0,"event_name":"Shining Light","floor":5,"gold_loss":0,"cards_upgraded":["Strike_G","Defend_G"]},{"damage_healed":0,"gold_gain":0,"player_choice":"Searched \u00272\u0027 times","damage_taken":0,"relics_obtained":["Orichalcum"],"max_hp_gain":0,"max_hp_loss":0,"event_name":"Dead Adventurer","floor":11,"gold_loss":0}],"is_beta":false,"boss_relics":[],"items_purged_floors":[],"is_endless":false,"potions_floor_spawned":[1,14],"killed_by":"The Guardian","ascension_level":20}