{"gold_per_floor":[117,117,132,57,70,97,97,97,97,114,33,49,49,69,69,142,142,157,157],"floor_reached":19,"playtime":934,"items_purged":["Strike_R"],"score":287,"play_id":"2cce18dd-4dae-45b7-b396-afaf5623d7ea","local_time":"20190129194943","is_ascension_mode":true,"campfire_choices":[{"floor":13,"key":"REST"},{"data":"Iron Wave","floor":15,"key":"SMITH"}],"neow_cost":"NONE","seed_source_timestamp":13476866556022921,"circlet_count":0,"master_deck":["AscendersBane","Strike_R","Strike_R","Defend_R","Defend_R","Bash","True Grit","Iron Wave+1","Iron Wave","Dropkick","Shrug It Off","Spot Weakness","Cleave"],"relics":["Burning Blood","Champion Belt","Peace Pipe","Empty Cage"],"potions_floor_usage":[6,16],"damage_taken":[{"damage":11,"enemies":"2 Louse","floor":1,"turns":3},{"damage":3,"enemies":"Cultist","floor":3,"turns":4},{"damage":2,"enemies":"Small Slimes","floor":5,"turns":4},{"damage":28,"enemies":"3 Sentries","floor":6,"turns":9},{"damage":3,"enemies":"Looter","floor":10,"turns":5},{"damage":26,"enemies":"Lots of Slimes","floor":12,"turns":7},{"damage":12,"enemies":"Large Slime","floor":14,"turns":7},{"damage":37,"enemies":"The Guardian","floor":16,"turns":13},{"damage":28,"enemies":"Shell Parasite","floor":18,"turns":5},{"damage":46,"enemies":"3 Byrds","floor":19,"turns":4}],"seed_played":"-1297471790417910777","potions_obtained":[{"floor":1,"key":"PowerPotion"},{"floor":12,"key":"Energy Potion"},{"floor":14,"key":"Swift Potion"}],"is_trial":false,"path_per_floor":["M","?","M","$","M","E","$","?","T","M","$","M","R","M","R","B",null,"M","M"],"character_chosen":"IRONCLAD","items_purchased":["Dropkick"],"campfire_rested":1,"item_purchase_floors":[11],"current_hp_per_floor":[70,70,73,73,77,55,55,55,55,58,58,38,62,56,56,25,68,46,0],"gold":157,"neow_bonus":"TEN_PERCENT_HP_BONUS","is_prod":false,"is_daily":false,"chose_seed":false,"campfire_upgraded":1,"win_rate":0,"timestamp":1548787783,"path_taken":["M","?","?","$","M","E","$","?","T","M","$","?","R","M","R","BOSS","M","M"],"build_version":"2019-01-23","purchased_purges":1,"victory":false,"max_hp_per_floor":[82,82,82,82,82,82,82,82,82,82,82,82,82,82,82,82,82,82,82],"card_choices":[{"not_picked":["Warcry","Twin Strike"],"picked":"True Grit","floor":1},{"not_picked":["Clash","Perfected Strike","Blood for Blood"],"picked":"SKIP","floor":3},{"not_picked":["Warcry","Anger"],"picked":"Iron Wave","floor":5},{"not_picked":["Barricade","Wild Strike","Sentinel"],"picked":"SKIP","floor":6},{"not_picked":["Disarm","Warcry"],"picked":"Iron Wave","floor":10},{"not_picked":["Carnage","Pommel Strike"],"picked":"Shrug It Off","floor":12},{"not_picked":["Armaments","True Grit"],"picked":"Spot Weakness","floor":14},{"not_picked":["Body Slam","Wild Strike+1"],"picked":"Cleave","floor":18}],"player_experience":339927,"relics_obtained":[{"floor":6,"key":"Champion Belt"},{"floor":9,"key":"Peace Pipe"}],"event_choices":[{"cards_removed":["Defend_R"],"damage_healed":0,"gold_gain":0,"player_choice":"Offered Basic","damage_taken":0,"max_hp_gain":0,"max_hp_loss":0,"event_name":"Bonfire Elementals","floor":2,"gold_loss":0},{"cards_removed":["Strike_R"],"damage_healed":0,"gold_gain":0,"player_choice":"Purged","damage_taken":0,"max_hp_gain":0,"max_hp_loss":0,"event_name":"Purifier","floor":8,"gold_loss":0}],"is_beta":false,"boss_relics":[{"not_picked":["Ectoplasm","Velvet Choker"],"picked":"Empty Cage"}],"items_purged_floors":[4],"is_endless":false,"potions_floor_spawned":[1,12,14],"killed_by":"3 Byrds","ascension_level":14}