{"gold_per_floor":[114,114,114,124,299,299,316,316,340,340,360,119,69,82,82,184,184,197,211,224,224,244,276,276,276,354,354,354,382,397,322,322,422,422,439,439,450,550,568,568,643,658,681,681,695,518,538,558,558,558,558,558,326,356,356],"floor_reached":56,"playtime":4722,"items_purged":["Doubt","Strike_R","Defend_R","Strike_R"],"score":1234,"play_id":"4509b511-4079-4bbc-b345-fd7eff44f49d","local_time":"20190101102914","is_ascension_mode":false,"campfire_choices":[{"floor":6.0,"key":"RECALL"},{"data":"Rage","floor":8.0,"key":"SMITH"},{"data":"Iron Wave","floor":10.0,"key":"SMITH"},{"data":"Iron Wave","floor":15.0,"key":"SMITH"},{"floor":24.0,"key":"REST"},{"data":"Barricade","floor":27.0,"key":"SMITH"},{"data":"Body Slam","floor":32.0,"key":"SMITH"},{"data":"Demon Form","floor":40.0,"key":"SMITH"},{"data":"Metallicize","floor":44.0,"key":"SMITH"},{"data":"Bash","floor":49.0,"key":"SMITH"},{"data":"Strike_R","floor":52.0,"key":"SMITH"}],"neow_cost":"NONE","seed_source_timestamp":11019828141071116,"circlet_count":0,"master_deck":["Strike_R+1","Defend_R+1","Defend_R+1","Bash+1","Rage+1","Iron Wave+1","Iron Wave+1","Barricade+1","Rampage+1","Body Slam+1","Demon Form+1","Flame Barrier+1","Metallicize+1","Evolve","Intimidate+1"],"special_seed":0,"relics":["Burning Blood","War Paint","Membership Card","Runic Pyramid","Lantern","Ornamental Fan","MutagenicStrength","Strawberry","Sozu","Unceasing Top","Bag of Preparation","Oddly Smooth Stone","StoneCalendar","Bronze Scales"],"potions_floor_usage":[55],"damage_taken":[{"damage":8.0,"enemies":"Small Slimes","floor":1.0,"turns":3.0},{"damage":0.0,"enemies":"Jaw Worm","floor":4.0,"turns":3.0},{"damage":8.0,"enemies":"Cultist","floor":7.0,"turns":6.0},{"damage":1.0,"enemies":"3 Louse","floor":11.0,"turns":6.0},{"damage":0.0,"enemies":"2 Fungi Beasts","floor":14.0,"turns":4.0},{"damage":47.0,"enemies":"The Guardian","floor":16.0,"turns":19.0},{"damage":2.0,"enemies":"Shell Parasite","floor":18.0,"turns":11.0},{"damage":0.0,"enemies":"Spheric Guardian","floor":19.0,"turns":8.0},{"damage":14.0,"enemies":"Snake Plant","floor":20.0,"turns":9.0},{"damage":49.0,"enemies":"3 Cultists","floor":22.0,"turns":7.0},{"damage":18.0,"enemies":"Slavers","floor":23.0,"turns":7.0},{"damage":15.0,"enemies":"Gremlin Leader","floor":29.0,"turns":6.0},{"damage":3.0,"enemies":"Cultist and Chosen","floor":30.0,"turns":6.0},{"damage":2.0,"enemies":"Automaton","floor":33.0,"turns":6.0},{"damage":0.0,"enemies":"3 Shapes","floor":35.0,"turns":5.0},{"damage":4.0,"enemies":"Orb Walker","floor":37.0,"turns":4.0},{"damage":0.0,"enemies":"Mind Bloom Boss Battle","floor":38.0,"turns":6.0},{"damage":10.0,"enemies":"Spire Growth","floor":39.0,"turns":6.0},{"damage":9.0,"enemies":"Sphere and 2 Shapes","floor":42.0,"turns":6.0},{"damage":11.0,"enemies":"Writhing Mass","floor":45.0,"turns":6.0},{"damage":0.0,"enemies":"Maw","floor":47.0,"turns":5.0},{"damage":0.0,"enemies":"Jaw Worm Horde","floor":48.0,"turns":6.0},{"damage":0.0,"enemies":"Time Eater","floor":50.0,"turns":8.0},{"damage":55.0,"enemies":"Shield and Spear","floor":54.0,"turns":8.0},{"damage":36,"enemies":"The Heart","floor":55,"turns":9}],"seed_played":"4388570187657284345","potions_obtained":[{"floor":4.0,"key":"FearPotion"},{"floor":7.0,"key":"SkillPotion"},{"floor":16.0,"key":"Block Potion"},{"floor":18.0,"key":"Poison Potion"},{"floor":29.0,"key":"PowerPotion"},{"floor":33.0,"key":"Dexterity Potion"}],"is_trial":false,"path_per_floor":["M","?","?","M","?","R","M","R","T","R","M","$","$","M","R","B",null,"M","M","M","?","M","E","R","?","T","R","?","E","M","?","R","B",null,"M","?","M","?","M","R","?","M","T","R","M","$","M","M","R","B",null,"R","$","E","B",null],"character_chosen":"IRONCLAD","items_purchased":["Membership Card","Oddly Smooth Stone","Evolve","StoneCalendar"],"campfire_rested":1,"item_purchase_floors":[12,46,46,53],"current_hp_per_floor":[78,83,71,77,77,77,75,75,75,75,80,80,80,85,85,44,85,85,85,77,77,34,22,47,47,47,47,47,45,48,48,48,52,92,92,92,92,92,88,88,79,76,76,76,71,71,77,83,83,89,92,92,92,43,13],"gold":356,"neow_bonus":"REMOVE_CARD","is_prod":false,"is_daily":false,"chose_seed":false,"campfire_upgraded":9,"win_rate":0,"timestamp":1546334954,"path_taken":["M","?","?","M","?","R","M","R","T","R","M","?","$","?","R","BOSS","M","M","M","?","M","E","R","?","T","R","?","E","M","?","R","BOSS","M","?","?","?","M","R","?","M","T","R","M","$","?","M","R","BOSS","R","$","E","BOSS"],"build_version":"2018-12-20","purchased_purges":4,"victory":true,"max_hp_per_floor":[80,85,85,85,85,85,85,85,85,85,85,85,85,85,85,85,85,85,85,85,85,85,85,85,85,85,85,85,92,92,92,92,92,92,92,92,92,92,92,92,92,92,92,92,92,92,92,92,92,92,92,92,92,92,92],"card_choices":[{"not_picked":["Clash","Searing Blow"],"picked":"Rage","floor":1.0},{"not_picked":["Twin Strike","Thunderclap"],"picked":"Iron Wave","floor":4.0},{"not_picked":["Cleave","Clothesline","Shockwave"],"picked":"SKIP","floor":7.0},{"not_picked":["Pommel Strike","Sword Boomerang"],"picked":"Iron Wave","floor":11.0},{"not_picked":["Havoc","Heavy Blade","Perfected Strike"],"picked":"SKIP","floor":14.0},{"not_picked":["Impervious","Brutality"],"picked":"Barricade","floor":16.0},{"not_picked":["Sword Boomerang+1","Clash","Shrug It Off"],"picked":"SKIP","floor":18.0},{"not_picked":["Intimidate+1","Clothesline","Headbutt+1"],"picked":"SKIP","floor":19.0},{"not_picked":["Rupture","Clothesline"],"picked":"Rampage+1","floor":20.0},{"not_picked":["Spot Weakness","Wild Strike"],"picked":"Body Slam","floor":22.0},{"not_picked":["Blood for Blood","Armaments+1","Fiend Fire"],"picked":"SKIP","floor":23.0},{"not_picked":["Shrug It Off","Perfected Strike","Barricade"],"picked":"SKIP","floor":29.0},{"not_picked":["Body Slam","Whirlwind","Rampage"],"picked":"SKIP","floor":30.0},{"not_picked":["Offering","Impervious"],"picked":"Demon Form","floor":33.0},{"not_picked":["Heavy Blade+1","Cleave","Thunderclap+1"],"picked":"SKIP","floor":35.0},{"not_picked":["Twin Strike","Perfected Strike"],"picked":"Flame Barrier+1","floor":37.0},{"not_picked":["Rampage","Sentinel+1","Flex+1"],"picked":"SKIP","floor":39.0},{"not_picked":["Sword Boomerang+1","Perfected Strike+1"],"picked":"Metallicize","floor":42.0},{"not_picked":["Pommel Strike+1","Thunderclap","Cleave"],"picked":"SKIP","floor":45.0},{"not_picked":["Power Through","Heavy Blade","Sentinel"],"picked":"SKIP","floor":47.0},{"not_picked":["Power Through+1","Shrug It Off+1","Cleave"],"picked":"SKIP","floor":48.0},{"not_picked":["Fire Breathing","Disarm"],"picked":"Intimidate+1","floor":54.0}],"player_experience":112476,"relics_obtained":[{"floor":23.0,"key":"Lantern"},{"floor":26.0,"key":"Ornamental Fan"},{"floor":29.0,"key":"Strawberry"},{"floor":38.0,"key":"Unceasing Top"},{"floor":43.0,"key":"Bag of Preparation"},{"floor":54.0,"key":"Bronze Scales"}],"event_choices":[{"damage_healed":0.0,"max_hp_gain":5.0,"max_hp_loss":0.0,"gold_gain":0.0,"event_name":"Big Fish","player_choice":"Donut","floor":2.0,"gold_loss":0.0,"damage_taken":0.0},{"damage_healed":0.0,"max_hp_gain":0.0,"max_hp_loss":0.0,"gold_gain":0.0,"event_name":"Scrap Ooze","player_choice":"Success","floor":3.0,"gold_loss":0.0,"damage_taken":12.0,"relics_obtained":["War Paint"]},{"damage_healed":0.0,"max_hp_gain":0.0,"max_hp_loss":0.0,"gold_gain":175.0,"event_name":"Liars Game","player_choice":"AGREE","floor":5.0,"gold_loss":0.0,"damage_taken":0.0,"cards_obtained":["Doubt"]},{"damage_healed":0.0,"max_hp_gain":0.0,"max_hp_loss":0.0,"gold_gain":0.0,"event_name":"Ghosts","player_choice":"Ignored","floor":21.0,"gold_loss":0.0,"damage_taken":0.0},{"cards_removed":["Defend_R"],"damage_healed":0.0,"max_hp_gain":0.0,"max_hp_loss":0.0,"gold_gain":0.0,"event_name":"Back to Basics","player_choice":"Elegance","floor":25.0,"gold_loss":0.0,"damage_taken":0.0},{"damage_healed":0.0,"max_hp_gain":0.0,"max_hp_loss":0.0,"gold_gain":0.0,"event_name":"Drug Dealer","player_choice":"Inject Mutagens","floor":28.0,"gold_loss":0.0,"damage_taken":0.0,"relics_obtained":["MutagenicStrength"]},{"cards_removed":["Strike_R"],"damage_healed":0.0,"max_hp_gain":0.0,"max_hp_loss":0.0,"gold_gain":0.0,"event_name":"Beggar","player_choice":"Gave Gold","floor":31.0,"gold_loss":75.0,"damage_taken":0.0},{"damage_healed":0.0,"max_hp_gain":0.0,"max_hp_loss":0.0,"gold_gain":0.0,"event_name":"Wheel of Change","player_choice":"Full Heal","floor":36.0,"gold_loss":0.0,"damage_taken":0.0},{"damage_healed":0.0,"max_hp_gain":0.0,"max_hp_loss":0.0,"gold_gain":0.0,"event_name":"MindBloom","player_choice":"Fight","floor":38.0,"gold_loss":0.0,"damage_taken":0.0},{"damage_healed":0.0,"max_hp_gain":0.0,"max_hp_loss":0.0,"gold_gain":75.0,"event_name":"FaceTrader","player_choice":"Touch","floor":41.0,"gold_loss":0.0,"damage_taken":9.0}],"is_beta":false,"boss_relics":[{"not_picked":["Runic Dome","Black Star"],"picked":"Runic Pyramid"},{"not_picked":["Tiny House","Cursed Key"],"picked":"Sozu"}],"items_purged_floors":[12,13,46,53],"is_endless":false,"potions_floor_spawned":[4,7,16,18,19,29,33,37,39,42,45,54],"ascension_level":0}