{"path_per_floor":["M","$","?","M","M","E","R","E","T","R","E","R","M","?","R","B",null,"M","$","?","?"],"character_chosen":"IRONCLAD","items_purchased":["Vajra","Flex","Dexterity Potion","Orichalcum","Poison Potion","Weak Potion","Poison Potion","Armaments"],"gold_per_floor":[364,40,40,57,73,101,101,130,157,157,190,190,210,210,210,314,314,334,10,10,10,10],"floor_reached":22,"campfire_rested":0,"playtime":1440,"current_hp_per_floor":[74,74,74,75,76,73,73,65,65,65,49,49,38,59,59,40,73,27,27,11,11,11],"items_purged":["Regret"],"gold":10,"score":250,"play_id":"cfab578d-c0cb-4fd4-8ee8-73547081bed4","local_time":"20180518162310","is_prod":false,"is_daily":false,"chose_seed":false,"is_ascension_mode":true,"campfire_upgraded":4,"timestamp":1526653390,"campfire_choices":[{"data":"Metallicize","floor":7.0,"key":"SMITH"},{"data":"Demon Form","floor":10.0,"key":"SMITH"},{"data":"Carnage","floor":12.0,"key":"SMITH"},{"data":"Uppercut","floor":15.0,"key":"SMITH"}],"path_taken":["M","$","?","M","M","E","R","E","T","R","E","R","M","?","R","BOSS","M","$","?","?","M"],"build_version":"2018-05-17","seed_source_timestamp":370243082382060,"purchased_purges":1,"victory":false,"master_deck":["Strike_R","Strike_R","Strike_R","Strike_R","Strike_R","Defend_R","Defend_R","Defend_R","Defend_R","Bash","Uppercut+1","Flex","Carnage+1","Metallicize+1","Ghostly Armor","Demon Form+1","Reaper","Whirlwind","Armaments","Decay"],"max_hp_per_floor":[80,80,80,80,80,80,80,80,80,80,82,82,84,84,84,84,84,84,84,84,84,84],"relics":["Burning Blood","Vajra","Potion Belt","Omamori","Singing Bowl","Boot","White Beast Statue","Orichalcum","Necronomicon"],"card_choices":[{"not_picked":["Heavy Blade","Battle Trance"],"picked":"Uppercut","floor":1.0},{"not_picked":["Rupture","Flex"],"picked":"Carnage","floor":4.0},{"not_picked":["Infernal Blade","Reckless Charge"],"picked":"Metallicize","floor":5.0},{"not_picked":["Hemokinesis","Clash"],"picked":"Ghostly Armor","floor":6.0},{"not_picked":["Searing Blow","Headbutt"],"picked":"Demon Form","floor":8.0},{"not_picked":["Combust","Metallicize","Fiend Fire"],"picked":"Singing Bowl","floor":11.0},{"not_picked":["True Grit","Second Wind","Carnage"],"picked":"Singing Bowl","floor":13.0},{"not_picked":["Brutality","Double Tap"],"picked":"Reaper","floor":16.0},{"not_picked":["Armaments","Havoc"],"picked":"Whirlwind","floor":18}],"player_experience":489176,"potions_floor_usage":[],"damage_taken":[{"damage":12.0,"enemies":"Jaw Worm","floor":1.0,"turns":3.0},{"damage":5.0,"enemies":"Cultist","floor":4.0,"turns":4.0},{"damage":5.0,"enemies":"2 Louse","floor":5.0,"turns":3.0},{"damage":9.0,"enemies":"Lagavulin","floor":6.0,"turns":5.0},{"damage":14.0,"enemies":"3 Sentries","floor":8.0,"turns":9.0},{"damage":24.0,"enemies":"Gremlin Nob","floor":11.0,"turns":4.0},{"damage":19.0,"enemies":"Exordium Wildlife","floor":13.0,"turns":5.0},{"damage":25.0,"enemies":"The Guardian","floor":16.0,"turns":10.0},{"damage":52,"enemies":"3 Byrds","floor":18,"turns":7},{"damage":0,"enemies":"2 Thieves","floor":22,"turns":1}],"relics_obtained":[{"floor":6.0,"key":"Potion Belt"},{"floor":8.0,"key":"Omamori"},{"floor":9.0,"key":"Singing Bowl"},{"floor":11.0,"key":"Boot"},{"floor":20,"key":"Necronomicon"}],"event_choices":[{"event_name":"The Lab","player_choice":"Got Potions","floor":3.0,"damage_taken":0.0},{"event_name":"Mushrooms","player_choice":"Healed and dodged fight","floor":14.0,"damage_taken":0.0},{"event_name":"Cursed Tome","player_choice":"Obtained Book","floor":20,"damage_taken":0},{"event_name":"Forgotten Altar","player_choice":"Smashed Altar","floor":21,"damage_taken":0}],"boss_relics":[],"potions_floor_spawned":[1,13,18],"seed_played":"-4536696732590687981","killed_by":"2 Thieves","ascension_level":5,"potions_obtained":[{"floor":1.0,"key":"FearPotion"},{"floor":3.0,"key":"Weak Potion"},{"floor":13.0,"key":"SkillPotion"},{"floor":18,"key":"Block Potion"}],"is_trial":false}