{"gold_per_floor":[111,121,134,134,22,34,34,49,49,62,81,81,98,113,113,211,211,222,241,18,18,18,18,18,33,56,74,6,6,24,24,24,127,127,144,159,177,177,188,188],"floor_reached":40,"playtime":3536,"items_purged":["Strike_G"],"score":444,"play_id":"c1bd5932-d7dc-471b-88f0-5b2cdb123522","local_time":"20190219200129","is_ascension_mode":true,"campfire_choices":[{"data":"Adrenaline","floor":7.0,"key":"SMITH"},{"data":"Neutralize","floor":12.0,"key":"SMITH"},{"data":"Finisher","floor":15.0,"key":"SMITH"},{"data":"Backstab","floor":23.0,"key":"SMITH"},{"floor":29.0,"key":"REST"},{"data":"Accuracy","floor":32.0,"key":"SMITH"}],"neow_cost":"NONE","seed_source_timestamp":0,"circlet_count":0,"master_deck":["Defend_G","Defend_G","Defend_G","Defend_G","Defend_G","Strike_G","Strike_G","Survivor","Neutralize+1","Adrenaline+1","Escape Plan","Terror+1","Infinite Blades","Finisher+1","Malaise","Leg Sweep","Corpse Explosion","Backstab+1","Accuracy+1","Well Laid Plans","Blade Dance","Infinite Blades+1","Finisher","Cloak And Dagger","Burst","Dash+1","Cloak And Dagger+1","Madness","Madness","Slice+1"],"special_seed":0,"relics":["Ring of the Snake","Torii","Empty Cage","Oddly Smooth Stone","Regal Pillow","WristBlade"],"potions_floor_usage":[40,40],"damage_taken":[{"damage":10.0,"enemies":"Jaw Worm","floor":1.0,"turns":8.0},{"damage":0.0,"enemies":"Cultist","floor":2.0,"turns":4.0},{"damage":0.0,"enemies":"Small Slimes","floor":3.0,"turns":3.0},{"damage":0.0,"enemies":"Looter","floor":6.0,"turns":3.0},{"damage":0.0,"enemies":"Red Slaver","floor":8.0,"turns":4.0},{"damage":0.0,"enemies":"Exordium Wildlife","floor":10.0,"turns":4.0},{"damage":1.0,"enemies":"Looter","floor":11.0,"turns":3.0},{"damage":1.0,"enemies":"Exordium Thugs","floor":13.0,"turns":4.0},{"damage":1.0,"enemies":"Blue Slaver","floor":14.0,"turns":3.0},{"damage":14.0,"enemies":"The Guardian","floor":16.0,"turns":9.0},{"damage":2.0,"enemies":"Spheric Guardian","floor":18.0,"turns":8.0},{"damage":9.0,"enemies":"Chosen","floor":19.0,"turns":6.0},{"damage":1.0,"enemies":"Centurion and Healer","floor":25.0,"turns":7.0},{"damage":8.0,"enemies":"Snecko","floor":27.0,"turns":6.0},{"damage":27.0,"enemies":"Snake Plant","floor":30.0,"turns":4.0},{"damage":34.0,"enemies":"Automaton","floor":33.0,"turns":7.0},{"damage":12.0,"enemies":"3 Shapes","floor":35.0,"turns":2.0},{"damage":0.0,"enemies":"3 Darklings","floor":36.0,"turns":2.0},{"damage":11.0,"enemies":"Spire Growth","floor":37.0,"turns":4.0},{"damage":4.0,"enemies":"Writhing Mass","floor":39.0,"turns":5.0},{"damage":42,"enemies":"Reptomancer","floor":40,"turns":5}],"seed_played":"-2698751979491216356","potions_obtained":[{"floor":2.0,"key":"Swift Potion"},{"floor":6.0,"key":"Block Potion"},{"floor":13.0,"key":"GamblersBrew"},{"floor":14.0,"key":"Poison Potion"},{"floor":16.0,"key":"EssenceOfSteel"},{"floor":19.0,"key":"Poison Potion"},{"floor":27.0,"key":"GamblersBrew"},{"floor":33.0,"key":"LiquidBronze"},{"floor":37.0,"key":"Strength Potion"}],"is_trial":false,"path_per_floor":["M","M","M","?","$","M","R","M","T","M","M","R","M","M","R","B",null,"M","M","$","?","?","R","?","M","T","M","$","R","M","$","R","B",null,"M","M","M","?","M","E"],"character_chosen":"THE_SILENT","items_purchased":["Infinite Blades","Oddly Smooth Stone","Well Laid Plans","Finisher"],"campfire_rested":1,"item_purchase_floors":[5,20,20,28],"current_hp_per_floor":[60,60,60,60,60,60,60,60,60,60,59,59,58,57,57,43,70,68,59,59,59,46,46,39,38,38,30,30,67,40,40,40,6,75,63,63,52,43,39,0],"gold":188,"neow_bonus":"ONE_RANDOM_RARE_CARD","is_prod":false,"is_daily":false,"chose_seed":false,"campfire_upgraded":5,"win_rate":0,"timestamp":1550635289,"path_taken":["M","M","M","?","$","M","R","M","T","M","M","R","?","M","R","BOSS","M","M","$","?","?","R","?","?","T","M","$","R","M","?","R","BOSS","M","M","M","?","M","E"],"build_version":"2019-01-23","purchased_purges":1,"victory":false,"max_hp_per_floor":[70,70,70,70,70,70,70,70,70,70,70,70,70,70,70,70,70,70,70,70,70,75,75,75,75,75,75,75,75,75,75,75,75,75,75,75,75,75,75,75],"card_choices":[{"not_picked":["Dagger Throw","Outmaneuver"],"picked":"Escape Plan","floor":1.0},{"not_picked":["Dagger Spray","Quick Slash"],"picked":"Terror","floor":2.0},{"not_picked":["Quick Slash","Poisoned Stab","Prepared"],"picked":"SKIP","floor":3.0},{"not_picked":["Dagger Throw","Poisoned Stab"],"picked":"Finisher","floor":6.0},{"not_picked":["Distraction","Deadly Poison"],"picked":"Malaise","floor":8.0},{"not_picked":["Catalyst","Riddle With Holes"],"picked":"Leg Sweep","floor":10.0},{"not_picked":["Blur","Catalyst","Eviscerate"],"picked":"SKIP","floor":11.0},{"not_picked":["Reflex","Outmaneuver","Deflect"],"picked":"SKIP","floor":13.0},{"not_picked":["Underhanded Strike","Slice","Masterful Stab"],"picked":"SKIP","floor":14.0},{"not_picked":["Wraith Form v2","Tools of the Trade"],"picked":"Corpse Explosion","floor":16.0},{"not_picked":["Finisher","Dodge and Roll"],"picked":"Backstab","floor":18.0},{"not_picked":["Choke","Underhanded Strike"],"picked":"Accuracy","floor":19.0},{"not_picked":["Catalyst","Dodge and Roll"],"picked":"Blade Dance","floor":25.0},{"not_picked":["Blade Dance","Flying Knee+1"],"picked":"Infinite Blades+1","floor":27.0},{"not_picked":["Dagger Spray+1","Deadly Poison"],"picked":"Cloak And Dagger","floor":30.0},{"not_picked":["Grand Finale","Doppelganger"],"picked":"Burst","floor":33.0},{"not_picked":["Distraction+1","Poisoned Stab+1"],"picked":"Dash+1","floor":35.0},{"not_picked":["Leg Sweep","Outmaneuver","PiercingWail+1"],"picked":"SKIP","floor":36.0},{"not_picked":["Concentrate","Predator+1"],"picked":"Cloak And Dagger+1","floor":37.0},{"not_picked":["Flying Knee+1","Leg Sweep+1"],"picked":"Slice+1","floor":39.0}],"player_experience":188158,"relics_obtained":[{"floor":9.0,"key":"Torii"},{"floor":26.0,"key":"Regal Pillow"}],"event_choices":[{"damage_healed":0.0,"max_hp_gain":0.0,"max_hp_loss":0.0,"gold_gain":0.0,"event_name":"Upgrade Shrine","player_choice":"Upgraded","floor":4.0,"gold_loss":0.0,"damage_taken":0.0,"cards_upgraded":["Terror"]},{"damage_healed":0.0,"max_hp_gain":0.0,"max_hp_loss":0.0,"gold_gain":0.0,"event_name":"Ghosts","player_choice":"Ignored","floor":21.0,"gold_loss":0.0,"damage_taken":0.0},{"damage_healed":0.0,"max_hp_gain":5.0,"max_hp_loss":0.0,"gold_gain":0.0,"event_name":"Forgotten Altar","player_choice":"Shed Blood","floor":22.0,"gold_loss":0.0,"damage_taken":18.0},{"damage_healed":0.0,"max_hp_gain":0.0,"max_hp_loss":0.0,"gold_gain":0.0,"event_name":"Wheel of Change","player_choice":"Damaged","floor":24.0,"gold_loss":0.0,"damage_taken":7.0},{"damage_healed":0.0,"max_hp_gain":0.0,"max_hp_loss":0.0,"gold_gain":0.0,"event_name":"Winding Halls","player_choice":"Embrace Madness","floor":38.0,"gold_loss":0.0,"damage_taken":9.0,"cards_obtained":["Madness","Madness"]}],"is_beta":false,"boss_relics":[{"not_picked":["Philosopher\u0027s Stone","Ectoplasm"],"picked":"Empty Cage"},{"not_picked":["Orrery","Eternal Feather"],"picked":"WristBlade"}],"items_purged_floors":[5],"is_endless":false,"potions_floor_spawned":[2,6,13,14,16,19,27,33,37],"killed_by":"Reptomancer","ascension_level":3}