{"path_per_floor":["M","$","?","?","M","R","M","E","T","?","M","$","E","M","R"],"character_chosen":"IRONCLAD","items_purchased":["Matryoshka","Blind"],"gold_per_floor":[362,27,27,27,42,42,57,88,118,118,142,47,78,98,98,98],"floor_reached":16,"campfire_rested":1,"playtime":508,"item_purchase_floors":[2,12],"current_hp_per_floor":[71,71,71,71,74,74,70,32,32,32,27,27,31,34,56,17],"items_purged":["Injury"],"gold":98,"score":176,"play_id":"89f553af-8e2c-498f-8884-56e461e516f3","local_time":"20180602235546","is_prod":false,"is_daily":false,"chose_seed":false,"is_ascension_mode":true,"campfire_upgraded":1,"win_rate":0,"timestamp":1527976546,"campfire_choices":[{"data":"Hemokinesis","floor":6,"key":"SMITH"},{"floor":15,"key":"REST"}],"path_taken":["M","$","?","?","?","R","M","E","T","?","M","$","E","M","R","BOSS"],"build_version":"2018-05-31","seed_source_timestamp":17566306921337,"purchased_purges":1,"victory":false,"master_deck":["Strike_R","Strike_R","Strike_R","Strike_R","Defend_R","Defend_R","Defend_R","Defend_R","Bash","Carnage","Hemokinesis+1","Cleave","Immolate","Iron Wave","Blind","Shrug It Off","Inflame"],"max_hp_per_floor":[80,80,80,74,74,74,74,74,74,74,74,74,74,74,74,74],"relics":["Burning Blood","Matryoshka","Golden Idol","Ice Cream","Tiny Chest","Bottled Lightning","Darkstone Periapt"],"card_choices":[{"not_picked":["Sentinel","Feel No Pain"],"picked":"Carnage","floor":1},{"not_picked":["Clothesline","Sever Soul"],"picked":"Hemokinesis","floor":5},{"not_picked":["True Grit","Iron Wave"],"picked":"Cleave","floor":7},{"not_picked":["Armaments","Dual Wield"],"picked":"Immolate","floor":8},{"not_picked":["Twin Strike","Pummel"],"picked":"Iron Wave","floor":11},{"not_picked":["Clash","Power Through"],"picked":"Shrug It Off","floor":13},{"not_picked":["Perfected Strike","Thunderclap"],"picked":"Inflame","floor":14}],"player_experience":546064,"potions_floor_usage":[13,13,16],"damage_taken":[{"damage":7,"enemies":"Jaw Worm","floor":1,"turns":3},{"damage":1,"enemies":"Cultist","floor":5,"turns":3},{"damage":10,"enemies":"2 Louse","floor":7,"turns":3},{"damage":44,"enemies":"Lagavulin","floor":8,"turns":5},{"damage":11,"enemies":"2 Fungi Beasts","floor":11,"turns":2},{"damage":2,"enemies":"Gremlin Nob","floor":13,"turns":2},{"damage":3,"enemies":"Looter","floor":14,"turns":3},{"damage":39,"enemies":"Hexaghost","floor":16,"turns":7}],"relics_obtained":[{"floor":8,"key":"Ice Cream"},{"floor":9,"key":"Tiny Chest"},{"floor":9,"key":"Bottled Lightning"},{"floor":13,"key":"Darkstone Periapt"}],"event_choices":[{"event_name":"Purifier","player_choice":"One Purge","floor":3,"damage_taken":0},{"event_name":"Golden Idol","player_choice":"Lose Max HP","floor":4,"damage_taken":0},{"event_name":"The Lab","player_choice":"Got Potions","floor":10,"damage_taken":0}],"boss_relics":[],"items_purged_floors":[2],"potions_floor_spawned":[1,8],"seed_played":"1723180460308148005","killed_by":"Hexaghost","ascension_level":6,"potions_obtained":[{"floor":1,"key":"Dexterity Potion"},{"floor":8,"key":"Energy Potion"},{"floor":10,"key":"SteroidPotion"}],"is_trial":false}