{"gold_per_floor":[118,118,137,67,67,67,100,100,100,110,35,50,50,69,69,140,140,153,165,195,215,140,140,140,140,140,40,72,72,72,103,103,180,180,192,192,42,42,58,58,90,90,115,129,140,140,140,362,362,362],"floor_reached":51,"playtime":8419,"items_purged":["Strike_G","Poisoned Stab"],"score":1222,"play_id":"65bf8261-f723-4e0b-9ac7-961d2f6baece","local_time":"20190221123242","is_ascension_mode":true,"campfire_choices":[{"floor":6.0,"key":"REST"},{"data":"Footwork","floor":8.0,"key":"SMITH"},{"data":"Footwork","floor":13.0,"key":"SMITH"},{"data":"Neutralize","floor":15.0,"key":"SMITH"},{"floor":23.0,"key":"REST"},{"floor":25.0,"key":"REST"},{"floor":29.0,"key":"REST"},{"floor":32.0,"key":"REST"},{"floor":40.0,"key":"REST"},{"data":"Well Laid Plans","floor":42,"key":"SMITH"},{"floor":49,"key":"REST"}],"neow_cost":"NONE","seed_source_timestamp":0,"circlet_count":0,"master_deck":["AscendersBane","Survivor","Neutralize+1","PiercingWail","Dagger Spray","Cloak And Dagger","Terror+1","Footwork+1","Heel Hook","Backstab","Footwork+1","Blur","Deflect","Dodge and Roll","After Image","Corpse Explosion+1","Bullet Time","Calculated Gamble","Endless Agony","Dodge and Roll","Well Laid Plans+1","Cloak And Dagger+1","Crippling Poison","Accuracy+1","Dark Shackles","Wraith Form v2+1","After Image+1","Escape Plan","Deflect+1","Finesse"],"special_seed":0,"relics":["Orrery","Bag of Preparation","Bottled Lightning","Pandora\u0027s Box","Red Mask","Pear","Art of War","Frozen Egg 2","WristBlade","War Paint","PreservedInsect"],"potions_floor_usage":[44,50],"damage_taken":[{"damage":11.0,"enemies":"Jaw Worm","floor":1.0,"turns":4.0},{"damage":0.0,"enemies":"Cultist","floor":3.0,"turns":5.0},{"damage":3.0,"enemies":"Lagavulin","floor":7.0,"turns":7.0},{"damage":0.0,"enemies":"Small Slimes","floor":10.0,"turns":2.0},{"damage":0.0,"enemies":"2 Fungi Beasts","floor":12.0,"turns":2.0},{"damage":0.0,"enemies":"Looter","floor":14.0,"turns":4.0},{"damage":38.0,"enemies":"Hexaghost","floor":16.0,"turns":22.0},{"damage":4.0,"enemies":"Chosen","floor":18.0,"turns":5.0},{"damage":1.0,"enemies":"3 Byrds","floor":19.0,"turns":4.0},{"damage":20.0,"enemies":"Masked Bandits","floor":20.0,"turns":4.0},{"damage":4.0,"enemies":"Snake Plant","floor":21.0,"turns":6.0},{"damage":19.0,"enemies":"Colosseum Slavers","floor":24.0,"turns":6.0},{"damage":36.0,"enemies":"Slavers","floor":28.0,"turns":5.0},{"damage":3.0,"enemies":"Gremlin Leader","floor":31.0,"turns":8.0},{"damage":41.0,"enemies":"Collector","floor":33.0,"turns":14.0},{"damage":0.0,"enemies":"Orb Walker","floor":35.0,"turns":3.0},{"damage":3.0,"enemies":"3 Shapes","floor":39.0,"turns":2.0},{"damage":1.0,"enemies":"Giant Head","floor":41.0,"turns":12.0},{"damage":22,"enemies":"Transient","floor":44,"turns":5},{"damage":8,"enemies":"3 Darklings","floor":45,"turns":2},{"damage":19,"enemies":"Donu and Deca","floor":50,"turns":11}],"seed_played":"4185953529823000598","potions_obtained":[{"floor":1.0,"key":"Block Potion"},{"floor":3.0,"key":"Poison Potion"},{"floor":12.0,"key":"SteroidPotion"},{"floor":20.0,"key":"SkillPotion"},{"floor":28.0,"key":"AttackPotion"},{"floor":33.0,"key":"Strength Potion"},{"floor":35.0,"key":"GhostInAJar"}],"is_trial":false,"path_per_floor":["M","?","M","$","?","R","E","R","T","M","$","M","R","M","R","B",null,"M","M","?","M","?","R","?","R","T","$","E","R","?","E","R","B",null,"M","?","$","?","M","R","E","R","T","M","M","?","?","?","R","B",null],"character_chosen":"THE_SILENT","items_purchased":["Footwork","Accuracy+1","Dark Shackles"],"campfire_rested":7,"item_purchase_floors":[4,37,37],"current_hp_per_floor":[48,48,48,48,39,58,55,55,55,55,55,55,55,55,55,17,54,50,49,29,25,25,44,25,44,54,54,18,40,33,30,52,11,60,60,60,60,60,57,76,75,75,75,53,45,45,45,45,67,48],"gold":362,"neow_bonus":"BOSS_RELIC","is_prod":false,"is_daily":false,"chose_seed":false,"campfire_upgraded":4,"win_rate":0,"timestamp":1550719962,"path_taken":["M","?","?","$","?","R","E","R","T","?","?","M","R","M","R","BOSS","M","M","?","M","?","R","?","R","T","$","E","R","?","E","R","BOSS","M","?","$","?","?","R","E","R","T","M","?","?","?","?","R","BOSS"],"build_version":"2019-01-23","purchased_purges":2,"victory":true,"max_hp_per_floor":[66,66,66,66,66,66,66,66,66,66,66,66,66,66,66,66,66,66,66,66,66,66,66,66,66,76,76,76,76,76,76,76,76,76,76,76,76,76,76,76,76,76,76,76,76,76,76,76,76,76],"card_choices":[{"not_picked":["Reflex","Flying Knee"],"picked":"PiercingWail","floor":0.0},{"not_picked":["Accuracy","Blade Dance"],"picked":"Dagger Spray","floor":0.0},{"not_picked":["Quick Slash","Deflect"],"picked":"Cloak And Dagger","floor":0.0},{"not_picked":["Distraction","Finisher"],"picked":"Terror","floor":0.0},{"not_picked":["Dodge and Roll","PiercingWail"],"picked":"Footwork","floor":1.0},{"not_picked":["A Thousand Cuts","Bane"],"picked":"Backstab","floor":3.0},{"not_picked":["Prepared","Masterful Stab"],"picked":"Blur","floor":7.0},{"not_picked":["Bane","Dagger Throw"],"picked":"Deflect","floor":10.0},{"not_picked":["Terror","Acrobatics"],"picked":"Dodge and Roll","floor":12.0},{"not_picked":["Acrobatics","PiercingWail","Underhanded Strike"],"picked":"SKIP","floor":14.0},{"not_picked":["Die Die Die","A Thousand Cuts"],"picked":"After Image","floor":16.0},{"not_picked":["Calculated Gamble","Catalyst"],"picked":"Well Laid Plans","floor":18.0},{"not_picked":["Flechettes","Underhanded Strike","PiercingWail"],"picked":"SKIP","floor":19.0},{"not_picked":["Finisher","Dagger Throw"],"picked":"Leg Sweep","floor":20.0},{"not_picked":["Dagger Throw","Deflect"],"picked":"Cloak And Dagger+1","floor":21.0},{"not_picked":["Tactician","Sucker Punch","Quick Slash"],"picked":"SKIP","floor":28.0},{"not_picked":["Bane+1","Night Terror"],"picked":"Crippling Poison","floor":31.0},{"not_picked":["Poisoned Stab","Bane","Sucker Punch"],"picked":"SKIP","floor":35.0},{"not_picked":["PiercingWail+1","Distraction"],"picked":"After Image+1","floor":39.0},{"not_picked":["Quick Slash","PiercingWail","Poisoned Stab"],"picked":"SKIP","floor":41},{"not_picked":["Slice","Reflex"],"picked":"Escape Plan","floor":44},{"not_picked":["Outmaneuver","Poisoned Stab"],"picked":"Deflect+1","floor":45},{"not_picked":["Enlightenment","Mind Blast"],"picked":"Finesse","floor":46}],"player_experience":608565,"relics_obtained":[{"floor":7.0,"key":"Bag of Preparation"},{"floor":9.0,"key":"Bottled Lightning"},{"floor":20.0,"key":"Red Mask"},{"floor":26.0,"key":"Pear"},{"floor":28.0,"key":"Art of War"},{"floor":31.0,"key":"Frozen Egg 2"},{"floor":41,"key":"War Paint"},{"floor":43,"key":"PreservedInsect"}],"event_choices":[{"damage_healed":0.0,"max_hp_gain":0.0,"max_hp_loss":0.0,"gold_gain":0.0,"cards_transformed":["Strike_G"],"event_name":"Transmorgrifier","player_choice":"Transformed","floor":2.0,"gold_loss":0.0,"damage_taken":0.0,"cards_obtained":["Heel Hook"]},{"damage_healed":0.0,"max_hp_gain":0.0,"max_hp_loss":0.0,"gold_gain":0.0,"event_name":"Wheel of Change","player_choice":"Damaged","floor":5.0,"gold_loss":0.0,"damage_taken":9.0},{"damage_healed":0.0,"max_hp_gain":0.0,"max_hp_loss":0.0,"gold_gain":0.0,"event_name":"Masked Bandits","player_choice":"Fought Bandits","floor":20.0,"gold_loss":0.0,"damage_taken":0.0},{"cards_removed":["Poisoned Stab"],"damage_healed":0.0,"max_hp_gain":0.0,"max_hp_loss":0.0,"gold_gain":0.0,"event_name":"Beggar","player_choice":"Gave Gold","floor":22.0,"gold_loss":75.0,"damage_taken":0.0},{"damage_healed":0.0,"max_hp_gain":0.0,"max_hp_loss":0.0,"gold_gain":0.0,"event_name":"Colosseum","player_choice":"Fight","floor":24.0,"gold_loss":0.0,"damage_taken":0.0},{"damage_healed":0.0,"max_hp_gain":0.0,"max_hp_loss":0.0,"gold_gain":0.0,"event_name":"Colosseum","player_choice":"Fled From Nobs","floor":24.0,"gold_loss":0.0,"damage_taken":0.0},{"damage_healed":0.0,"max_hp_gain":0.0,"max_hp_loss":0.0,"gold_gain":0.0,"event_name":"Knowing Skull","player_choice":"","floor":30.0,"potions_obtained":[],"gold_loss":0.0,"damage_taken":7.0,"cards_obtained":[]},{"damage_healed":0.0,"max_hp_gain":0.0,"max_hp_loss":0.0,"gold_gain":0.0,"event_name":"Mysterious Sphere","player_choice":"Ignored","floor":36.0,"gold_loss":0.0,"damage_taken":0.0},{"damage_healed":0.0,"max_hp_gain":0.0,"max_hp_loss":0.0,"gold_gain":0.0,"cards_transformed":["Masterful Stab"],"event_name":"Transmorgrifier","player_choice":"Transformed","floor":38.0,"gold_loss":0.0,"damage_taken":0.0,"cards_obtained":["Wraith Form v2"]},{"damage_healed":0,"gold_gain":0,"player_choice":"Memory 1","damage_taken":0,"max_hp_gain":0,"max_hp_loss":0,"event_name":"SensoryStone","floor":46,"gold_loss":0},{"cards_removed":["Leg Sweep"],"damage_healed":0,"gold_gain":0,"player_choice":"Removed Skill","damage_taken":0,"max_hp_gain":0,"max_hp_loss":0,"event_name":"Falling","floor":47,"gold_loss":0},{"damage_healed":0,"gold_gain":222,"player_choice":"Wore Mask","damage_taken":0,"max_hp_gain":0,"max_hp_loss":0,"event_name":"Tomb of Lord Red Mask","floor":48,"gold_loss":0}],"is_beta":false,"boss_relics":[{"not_picked":["Philosopher\u0027s Stone","Snecko Eye"],"picked":"Pandora\u0027s Box"},{"not_picked":["White Beast Statue","Astrolabe"],"picked":"WristBlade"}],"items_purged_floors":[11,27],"is_endless":false,"potions_floor_spawned":[1,3,12,20,28,33,35,39],"ascension_level":15}