{"gold_per_floor":[109,128,144,163,182,182,195,195,220,34,62,74,104,150,162,247,259,284,296,308,333,62,62,20,20,20,37,87,87,113,125,125,125],"floor_reached":33,"playtime":929,"items_purged":["Strike_R"],"score":604,"play_id":"e00204a7-3264-4de4-9ddd-44f21e7bfd3f","local_time":"20190103215013","is_ascension_mode":true,"campfire_choices":[{"data":"Combust","floor":6.0,"key":"SMITH"},{"data":"Bash","floor":8.0,"key":"SMITH"},{"data":"Body Slam","floor":15.0,"key":"SMITH"},{"data":"Whirlwind","floor":23,"key":"SMITH"},{"data":"Limit Break","floor":32,"key":"SMITH"}],"neow_cost":"NONE","seed_source_timestamp":176678188990606,"circlet_count":0,"master_deck":["AscendersBane","Strike_R","Strike_R","Defend_R","Defend_R","Defend_R","Defend_R","Bash+1","Impervious","Body Slam+1","Pommel Strike","Combust+1","Anger","Inflame","Shrug It Off","Shrug It Off","Whirlwind+1","Intimidate","Limit Break+1","Writhe","Reaper","Inflame","Burning Pact","Battle Trance","Pummel+1","Heavy Blade+1"],"special_seed":0,"relics":["Burning Blood","Bag of Marbles","MawBank","Pen Nib","Sozu","PreservedInsect","Molten Egg 2","Blood Vial"],"potions_floor_usage":[18,33],"damage_taken":[{"damage":1.0,"enemies":"2 Louse","floor":1.0,"turns":4.0},{"damage":11.0,"enemies":"Small Slimes","floor":2.0,"turns":4.0},{"damage":12.0,"enemies":"Jaw Worm","floor":3.0,"turns":2.0},{"damage":1.0,"enemies":"Exordium Thugs","floor":4.0,"turns":5.0},{"damage":14.0,"enemies":"Blue Slaver","floor":5.0,"turns":5.0},{"damage":8.0,"enemies":"Exordium Wildlife","floor":7.0,"turns":3.0},{"damage":0.0,"enemies":"Gremlin Nob","floor":11.0,"turns":2.0},{"damage":0.0,"enemies":"Gremlin Gang","floor":13.0,"turns":1.0},{"damage":23.0,"enemies":"Lagavulin","floor":14.0,"turns":5.0},{"damage":26.0,"enemies":"Hexaghost","floor":16.0,"turns":6.0},{"damage":17,"enemies":"Spheric Guardian","floor":18,"turns":5},{"damage":7,"enemies":"Chosen","floor":21,"turns":4},{"damage":0,"enemies":"3 Cultists","floor":27,"turns":3},{"damage":7,"enemies":"Slavers","floor":30,"turns":2},{"damage":40,"enemies":"Snake Plant","floor":31,"turns":5},{"damage":63,"enemies":"Champ","floor":33,"turns":7}],"seed_played":"6907798923179378133","potions_obtained":[{"floor":2.0,"key":"SkillPotion"},{"floor":3.0,"key":"SpeedPotion"},{"floor":4.0,"key":"Block Potion"},{"floor":7.0,"key":"AttackPotion"},{"floor":11.0,"key":"Ancient Potion"},{"floor":16.0,"key":"Regen Potion"}],"is_trial":false,"path_per_floor":["M","M","M","M","M","R","M","R","T","$","E","?","M","E","R","B",null,"M","?","?","M","$","R","$","?","T","M","?","$","E","M","R","B"],"character_chosen":"IRONCLAD","items_purchased":["Shrug It Off","Whirlwind","Molten Egg 2","Battle Trance"],"campfire_rested":0,"item_purchase_floors":[10,10,22,24],"current_hp_per_floor":[73,68,62,67,59,59,57,57,57,57,63,63,69,52,52,32,64,53,53,53,64,64,64,64,64,64,75,75,75,74,41,41,0],"gold":125,"neow_bonus":"ONE_RANDOM_RARE_CARD","is_prod":false,"is_daily":false,"chose_seed":false,"campfire_upgraded":5,"win_rate":0,"timestamp":1546523413,"path_taken":["M","M","M","M","M","R","M","R","T","$","E","?","M","E","R","BOSS","M","?","?","?","$","R","$","?","T","M","?","?","E","M","R","BOSS"],"build_version":"2019-01-02","purchased_purges":1,"victory":false,"max_hp_per_floor":[75,75,75,75,75,75,75,75,75,75,75,75,75,75,75,75,75,75,75,75,75,75,75,75,75,75,75,75,75,75,75,75,75],"card_choices":[{"not_picked":["Second Wind","Havoc"],"picked":"Body Slam","floor":1.0},{"not_picked":["Bloodletting","Metallicize"],"picked":"Pommel Strike","floor":2.0},{"not_picked":["Thunderclap","Wild Strike"],"picked":"Combust","floor":3.0},{"not_picked":["Clash","Metallicize"],"picked":"Anger","floor":4.0},{"not_picked":["Bloodletting","Iron Wave"],"picked":"Inflame","floor":5.0},{"not_picked":["Infernal Blade","Perfected Strike"],"picked":"Shrug It Off","floor":7.0},{"not_picked":["Evolve","Heavy Blade"],"picked":"Intimidate","floor":11.0},{"not_picked":["Burning Pact","Anger","Cleave"],"picked":"SKIP","floor":13.0},{"not_picked":["Burning Pact","Body Slam","Havoc"],"picked":"SKIP","floor":14.0},{"not_picked":["Exhume","Double Tap"],"picked":"Limit Break","floor":16.0},{"not_picked":["Dual Wield","Warcry","Flex"],"picked":"SKIP","floor":18},{"not_picked":["Flex","Perfected Strike"],"picked":"Burning Pact","floor":21},{"not_picked":["Perfected Strike+1","Rupture","Clash+1"],"picked":"SKIP","floor":27},{"not_picked":["Iron Wave+1","Warcry"],"picked":"Pummel+1","floor":30},{"not_picked":["Intimidate","Warcry"],"picked":"Heavy Blade+1","floor":31}],"player_experience":1316096,"relics_obtained":[{"floor":9.0,"key":"Bag of Marbles"},{"floor":11.0,"key":"MawBank"},{"floor":14.0,"key":"Pen Nib"},{"floor":30,"key":"Blood Vial"}],"event_choices":[{"damage_healed":0.0,"max_hp_gain":0.0,"max_hp_loss":0.0,"gold_gain":0.0,"event_name":"Liars Game","player_choice":"Ignored","floor":12.0,"gold_loss":0.0,"damage_taken":0.0},{"damage_healed":0,"gold_gain":0,"player_choice":"Opened","damage_taken":0,"relics_obtained":["PreservedInsect"],"max_hp_gain":0,"max_hp_loss":0,"event_name":"The Mausoleum","floor":19,"gold_loss":0,"cards_obtained":["Writhe"]},{"damage_healed":0,"gold_gain":0,"cards_transformed":["Strike_R","Strike_R"],"player_choice":"Became Test Subject","damage_taken":0,"max_hp_gain":0,"max_hp_loss":0,"event_name":"Drug Dealer","floor":20,"gold_loss":0,"cards_obtained":["Reaper","Inflame"]},{"damage_healed":0,"gold_gain":0,"player_choice":"Ignored","damage_taken":0,"max_hp_gain":0,"max_hp_loss":0,"event_name":"Vampires","floor":25,"gold_loss":0},{"damage_healed":0,"gold_gain":50,"player_choice":"Stole From Cult","damage_taken":0,"max_hp_gain":0,"max_hp_loss":0,"event_name":"Nest","floor":28,"gold_loss":0}],"is_beta":true,"boss_relics":[{"not_picked":["Astrolabe","Black Star"],"picked":"Sozu"}],"items_purged_floors":[10],"is_endless":false,"potions_floor_spawned":[2,3,4,7,11,16,18,30,31],"killed_by":"Champ","ascension_level":20}