{"gold_per_floor":[112,112,112,112,112,138,138,62,62,76,111,128,147,157,157,255,255,275,275,275,130,130,130,207,207,207,132,151,185,200,229,229,329,329,339,390,612,630,630,659,659,673,696,726,742,313,323,352,352,352],"floor_reached":51,"playtime":6863,"items_purged":[],"score":1445,"play_id":"cd49a45e-4ca5-42fc-8287-8a7fb8fc7aa0","local_time":"20181022145319","is_ascension_mode":true,"campfire_choices":[{"data":"Bash","floor":7.0,"key":"SMITH"},{"data":"Sever Soul","floor":15.0,"key":"SMITH"},{"data":"Flame Barrier","floor":23.0,"key":"SMITH"},{"data":"Offering","floor":25.0,"key":"SMITH"},{"data":"Offering","floor":32,"key":"SMITH"},{"floor":41,"key":"REST"},{"data":"Flex","floor":49,"key":"SMITH"}],"neow_cost":"NONE","seed_source_timestamp":0,"circlet_count":0,"master_deck":["Bash+1","AscendersBane","Inflame+1","Offering+1","Flame Barrier+1","Thunderclap","Corruption+1","Warcry","Metallicize+1","Sever Soul+1","Offering+1","Intimidate","Shrug It Off","Exhume","Entrench","Havoc","Carnage","Uppercut","Heavy Blade","Seeing Red","Rampage","Evolve+1","Battle Trance+1","True Grit+1","Sentinel+1","Feel No Pain+1","Warcry","Flex+1"],"special_seed":0,"relics":["Black Blood","NeowsBlessing","Singing Bowl","Lantern","Frozen Egg 2","Dead Branch","Omamori","Bottled Tornado","Dodecahedron","Matryoshka","Red Mask","Pandora\u0027s Box","StoneCalendar","Du-Vu Doll","Champion Belt","Molten Egg 2","Bag of Preparation","Bag of Marbles","Boot","Frozen Eye","Calipers"],"potions_floor_usage":[31,33,33,33,47],"damage_taken":[{"damage":0.0,"enemies":"2 Louse","floor":1.0,"turns":1.0},{"damage":0.0,"enemies":"Gremlin Nob","floor":6.0,"turns":1.0},{"damage":0.0,"enemies":"Cultist","floor":10.0,"turns":1.0},{"damage":21.0,"enemies":"Lagavulin","floor":11.0,"turns":6.0},{"damage":7.0,"enemies":"Small Slimes","floor":12.0,"turns":3.0},{"damage":14.0,"enemies":"Exordium Thugs","floor":13.0,"turns":4.0},{"damage":6.0,"enemies":"Looter","floor":14.0,"turns":3.0},{"damage":17.0,"enemies":"Hexaghost","floor":16.0,"turns":8.0},{"damage":28.0,"enemies":"Shell Parasite","floor":18.0,"turns":5.0},{"damage":0.0,"enemies":"2 Thieves","floor":27.0,"turns":5.0},{"damage":6,"enemies":"2 Thieves","floor":28,"turns":3},{"damage":6,"enemies":"Gremlin Leader","floor":29,"turns":3},{"damage":15,"enemies":"Snecko","floor":30,"turns":3},{"damage":6,"enemies":"Masked Bandits","floor":31,"turns":2},{"damage":51,"enemies":"Champ","floor":33,"turns":8},{"damage":9,"enemies":"Orb Walker","floor":35,"turns":1},{"damage":21,"enemies":"2 Orb Walkers","floor":36,"turns":3},{"damage":28,"enemies":"3 Darklings","floor":38,"turns":3},{"damage":9,"enemies":"Mind Bloom Boss Battle","floor":39,"turns":5},{"damage":21,"enemies":"Nemesis","floor":40,"turns":3},{"damage":6,"enemies":"4 Shapes","floor":42,"turns":1},{"damage":12,"enemies":"Giant Head","floor":44,"turns":2},{"damage":3,"enemies":"Sphere and 2 Shapes","floor":45,"turns":3},{"damage":0,"enemies":"Writhing Mass","floor":47,"turns":3},{"damage":12,"enemies":"Nemesis","floor":48,"turns":1},{"damage":31,"enemies":"Awakened One","floor":50,"turns":5}],"seed_played":"3784890042557115966","potions_obtained":[{"floor":1.0,"key":"BloodPotion"},{"floor":6.0,"key":"BloodPotion"},{"floor":16.0,"key":"SteroidPotion"},{"floor":18.0,"key":"SpeedPotion"},{"floor":19.0,"key":"EntropicBrew"},{"floor":19.0,"key":"Block Potion"},{"floor":33,"key":"Strength Potion"},{"floor":39,"key":"Block Potion"},{"floor":47,"key":"Weak Potion"},{"floor":48,"key":"PowerPotion"}],"is_trial":false,"path_per_floor":["M","?","?","?","?","E","R","$","T","M","E","M","M","M","R","B",null,"M","?","?","$","?","R","T","R","T","$","M","E","M","?","R","B",null,"M","?","?","M","?","E","R","M","T","E","M","$","M","E","R","B"],"character_chosen":"IRONCLAD","items_purchased":["Flame Barrier","Omamori","Boot","Warcry","Flex","Frozen Eye"],"campfire_rested":1,"item_purchase_floors":[8,21,46,46,46,46],"current_hp_per_floor":[78,78,62,62,50,56,56,56,56,62,63,62,54,54,54,43,71,55,55,82,82,82,82,82,82,82,82,82,84,79,85,85,44,76,79,70,70,52,53,42,69,75,75,73,82,82,94,94,94,73],"gold":352,"neow_bonus":"THREE_ENEMY_KILL","is_prod":false,"is_daily":false,"chose_seed":false,"campfire_upgraded":6,"win_rate":0,"timestamp":1540212799,"path_taken":["M","?","?","?","?","E","R","?","T","M","E","M","?","M","R","BOSS","M","?","?","$","?","R","?","R","T","?","?","E","M","?","R","BOSS","M","?","?","M","?","E","R","M","T","E","?","$","M","E","R","BOSS"],"build_version":"2018-10-18","purchased_purges":0,"victory":true,"max_hp_per_floor":[80,80,80,80,80,80,80,80,80,80,80,80,80,80,80,80,80,82,82,82,82,82,82,82,82,82,82,82,84,84,86,86,86,86,88,90,90,90,90,90,90,92,92,92,94,94,96,98,98,98],"card_choices":[{"not_picked":["Uppercut","Twin Strike"],"picked":"Inflame","floor":1.0},{"not_picked":["Sword Boomerang","Rage"],"picked":"Offering","floor":6.0},{"not_picked":["Havoc","Searing Blow"],"picked":"Thunderclap","floor":10.0},{"not_picked":["Ghostly Armor","Disarm"],"picked":"Corruption+1","floor":11.0},{"not_picked":["Clothesline","Twin Strike"],"picked":"Warcry","floor":12.0},{"not_picked":["Dropkick","Warcry"],"picked":"Metallicize+1","floor":13.0},{"not_picked":["Rage","Evolve+1"],"picked":"Sever Soul","floor":14.0},{"not_picked":["Bludgeon","Immolate"],"picked":"Offering","floor":16.0},{"not_picked":["Flex","Anger","Cleave"],"picked":"Singing Bowl","floor":18.0},{"not_picked":["Iron Wave","Cleave+1"],"picked":"Intimidate","floor":28},{"not_picked":["Anger","Carnage","Power Through"],"picked":"Singing Bowl","floor":29},{"not_picked":["Perfected Strike","Warcry"],"picked":"Shrug It Off","floor":30},{"not_picked":["True Grit","Havoc","Flex"],"picked":"Singing Bowl","floor":31},{"not_picked":["Berserk+1","Juggernaut+1"],"picked":"Exhume","floor":33},{"not_picked":["Heavy Blade","Iron Wave","Anger"],"picked":"Singing Bowl","floor":35},{"not_picked":["Searing Blow","Iron Wave","Body Slam"],"picked":"Singing Bowl","floor":36},{"not_picked":["Flex","Reckless Charge"],"picked":"Battle Trance+1","floor":38},{"not_picked":["Clothesline","Body Slam"],"picked":"True Grit+1","floor":39},{"not_picked":["Entrench","Infernal Blade+1"],"picked":"Sentinel+1","floor":40},{"not_picked":["Bludgeon","Searing Blow","Evolve+1"],"picked":"Singing Bowl","floor":42},{"not_picked":["Flex","Warcry+1"],"picked":"Feel No Pain+1","floor":44},{"not_picked":["Hemokinesis+1","Heavy Blade+1","Perfected Strike+1"],"picked":"Singing Bowl","floor":45},{"not_picked":["Metallicize+1","Rampage+1","Thunderclap+1"],"picked":"Singing Bowl","floor":47},{"not_picked":["Havoc","Perfected Strike+1","Iron Wave+1"],"picked":"Singing Bowl","floor":48}],"player_experience":1092757,"relics_obtained":[{"floor":6.0,"key":"Lantern"},{"floor":9.0,"key":"Frozen Egg 2"},{"floor":11.0,"key":"Dead Branch"},{"floor":24.0,"key":"Bottled Tornado"},{"floor":26.0,"key":"Dodecahedron"},{"floor":29,"key":"Matryoshka"},{"floor":31,"key":"Red Mask"},{"floor":36,"key":"StoneCalendar"},{"floor":39,"key":"Du-Vu Doll"},{"floor":40,"key":"Champion Belt"},{"floor":43,"key":"Molten Egg 2"},{"floor":43,"key":"Bag of Preparation"},{"floor":44,"key":"Bag of Marbles"},{"floor":48,"key":"Calipers"}],"event_choices":[{"event_name":"The Cleric","player_choice":"Leave","floor":2.0,"damage_taken":0.0},{"event_name":"Shining Light","player_choice":"Entered Light","floor":3.0,"damage_taken":0.0},{"event_name":"Purifier","player_choice":"One Purge","floor":4.0,"damage_taken":0.0},{"event_name":"Scrap Ooze","player_choice":"success","floor":5.0,"damage_taken":12.0},{"event_name":"The Lab","player_choice":"Got Potions","floor":19.0,"damage_taken":0.0},{"event_name":"The Library","player_choice":"Heal","floor":20.0,"damage_taken":0.0},{"event_name":"Match and Keep!","player_choice":"0 cards matched","floor":22.0,"damage_taken":0.0},{"damage_healed":0,"gold_gain":0,"player_choice":"Fought Bandits","damage_taken":0,"max_hp_gain":0,"max_hp_loss":0,"event_name":"Masked Bandits","floor":31,"gold_loss":0},{"damage_healed":0,"gold_gain":0,"player_choice":"Fight","damage_taken":0,"max_hp_gain":0,"max_hp_loss":0,"event_name":"Mysterious Sphere","floor":36,"gold_loss":0},{"damage_healed":0,"gold_gain":222,"player_choice":"Wore Mask","damage_taken":0,"max_hp_gain":0,"max_hp_loss":0,"event_name":"Tomb of Lord Red Mask","floor":37,"gold_loss":0},{"damage_healed":0,"gold_gain":0,"player_choice":"Fight","damage_taken":0,"max_hp_gain":0,"max_hp_loss":0,"event_name":"MindBloom","floor":39,"gold_loss":0}],"is_beta":false,"boss_relics":[{"not_picked":["Runic Pyramid","Coffee Dripper"],"picked":"Black Blood"},{"not_picked":["Velvet Choker","Lizard Tail"],"picked":"Pandora\u0027s Box"}],"items_purged_floors":[],"is_endless":false,"potions_floor_spawned":[1,6,16,18,27,33,38,39,40,44,47,48],"ascension_level":10}