{"gold_per_floor":[114,190,190,167,187,214,224,224,247,247,278,278,343,343,343,447,447,457,382,396,412,163,163,181,194,194,219,219,219,219,219,219,322,322,340,340,357,371,383,176,176,176,176,188,226,255,267,296,308,320],"floor_reached":50,"playtime":2188,"items_purged":[],"score":798,"play_id":"54771748-c7aa-4f0b-be5a-45c966457998","local_time":"20180919163307","is_ascension_mode":true,"campfire_choices":[{"floor":10.0,"key":"REST"},{"data":"Dodge and Roll","floor":12.0,"key":"SMITH"},{"floor":15.0,"key":"REST"},{"floor":23.0,"key":"REST"},{"floor":32.0,"key":"REST"},{"floor":41,"key":"REST"},{"floor":47,"key":"REST"},{"floor":49,"key":"REST"}],"neow_cost":"NONE","seed_source_timestamp":0,"circlet_count":0,"master_deck":["Defend_G","Defend_G","Defend_G","Defend_G","Strike_G","Strike_G","Strike_G","Strike_G","Strike_G","Survivor","Neutralize","Burst+1","Quick Slash","Cloak And Dagger+1","Sucker Punch","Infinite Blades","Dodge and Roll+1","Infinite Blades","Riddle With Holes","After Image","Cloak And Dagger+1","Footwork+1","Prepared+1","Caltrops+1","Distraction","Quick Slash","After Image","Malaise","Acrobatics+1","Calculated Gamble+1","Blade Dance+1","Accuracy+1","Madness","Madness","PiercingWail+1","Leg Sweep","Finisher"],"special_seed":0,"relics":["Ring of the Snake","Mercury Hourglass","Meat on the Bone","Ancient Tea Set","Bronze Scales","Tiny Chest","Ice Cream","Runic Dome","Mummified Hand","Paper Crane","PreservedInsect","Matryoshka","Black Star","Strange Spoon","Incense Burner","MawBank","Question Card","Art of War","Happy Flower"],"potions_floor_usage":[33,33,45,45,45,45,50,50],"damage_taken":[{"damage":1.0,"enemies":"Cultist","floor":1.0,"turns":4.0},{"damage":2.0,"enemies":"Jaw Worm","floor":5.0,"turns":3.0},{"damage":23.0,"enemies":"3 Sentries","floor":6.0,"turns":7.0},{"damage":0.0,"enemies":"2 Louse","floor":7.0,"turns":2.0},{"damage":10.0,"enemies":"Gremlin Nob","floor":11.0,"turns":4.0},{"damage":4.0,"enemies":"3 Sentries","floor":13.0,"turns":5.0},{"damage":19.0,"enemies":"Hexaghost","floor":16.0,"turns":8.0},{"damage":5.0,"enemies":"Shell Parasite","floor":18.0,"turns":5.0},{"damage":21.0,"enemies":"Chosen","floor":20.0,"turns":5.0},{"damage":15.0,"enemies":"Sentry and Sphere","floor":21.0,"turns":6.0},{"damage":2.0,"enemies":"Snecko","floor":24.0,"turns":5.0},{"damage":0.0,"enemies":"Snake Plant","floor":25.0,"turns":4.0},{"damage":26.0,"enemies":"Gremlin Leader","floor":27.0,"turns":7.0},{"damage":30,"enemies":"Automaton","floor":33,"turns":12},{"damage":18,"enemies":"Orb Walker","floor":35,"turns":5},{"damage":17,"enemies":"3 Darklings","floor":37,"turns":5},{"damage":0,"enemies":"Sphere and 2 Shapes","floor":38,"turns":6},{"damage":34,"enemies":"Transient","floor":39,"turns":5},{"damage":0,"enemies":"Mind Bloom Boss Battle","floor":42,"turns":7},{"damage":0,"enemies":"Giant Head","floor":45,"turns":6},{"damage":33,"enemies":"3 Darklings","floor":46,"turns":5},{"damage":0,"enemies":"Maw","floor":48,"turns":7},{"damage":70,"enemies":"Awakened One","floor":50,"turns":10}],"seed_played":"-81644703501631351","potions_obtained":[{"floor":5.0,"key":"Swift Potion"},{"floor":13.0,"key":"LiquidBronze"},{"floor":21.0,"key":"Fire Potion"},{"floor":25.0,"key":"AttackPotion"},{"floor":27.0,"key":"FearPotion"},{"floor":37,"key":"Fire Potion"},{"floor":42,"key":"FearPotion"},{"floor":46,"key":"EssenceOfSteel"},{"floor":48,"key":"Dexterity Potion"}],"is_trial":false,"path_per_floor":["M","T","?","$","M","E","M","?","T","R","E","R","E","T","R","B",null,"M","$","M","M","$","R","M","M","T","E","T","?","?","$","R","B",null,"M","?","M","M","M","$","R","?","T","?","E","M","R","M","R"],"character_chosen":"THE_SILENT","items_purchased":["Cloak And Dagger","Footwork","Mummified Hand","Strange Spoon"],"campfire_rested":7,"item_purchase_floors":[4,19,22,40],"current_hp_per_floor":[62,62,62,62,60,37,37,37,37,58,48,48,44,44,65,46,64,59,59,38,35,35,56,54,54,54,40,40,40,27,27,49,31,64,46,46,41,41,19,19,41,41,41,32,44,23,45,45,67,0],"gold":320,"neow_bonus":"ONE_RANDOM_RARE_CARD","is_prod":false,"is_daily":false,"chose_seed":false,"campfire_upgraded":1,"win_rate":0,"timestamp":1537367587,"path_taken":["M","?","?","?","M","E","M","?","T","R","E","R","E","?","R","BOSS","M","?","M","M","$","R","?","M","T","E","?","?","?","$","R","BOSS","M","?","?","M","M","$","R","?","T","?","E","M","R","M","R","BOSS"],"build_version":"2018-09-06","purchased_purges":0,"victory":false,"max_hp_per_floor":[70,70,70,70,70,70,70,70,70,70,70,70,70,70,70,70,70,70,70,70,70,70,70,70,70,70,70,70,70,75,75,75,75,75,75,75,75,75,75,75,75,75,75,75,75,75,75,75,75,75],"card_choices":[{"not_picked":["Prepared","Calculated Gamble"],"picked":"Quick Slash","floor":1.0},{"not_picked":["Deflect","Quick Slash"],"picked":"Sucker Punch","floor":5.0},{"not_picked":["Dagger Spray","Noxious Fumes"],"picked":"Infinite Blades","floor":6.0},{"not_picked":["Poisoned Stab","Predator"],"picked":"Dodge and Roll","floor":7.0},{"not_picked":["Venomology","Setup"],"picked":"Infinite Blades","floor":11.0},{"not_picked":["Bane","Underhanded Strike"],"picked":"Riddle With Holes","floor":13.0},{"not_picked":["Tools of the Trade","Night Terror"],"picked":"After Image","floor":16.0},{"not_picked":["Backflip","Finisher+1"],"picked":"Cloak And Dagger+1","floor":18.0},{"not_picked":["Backflip","Concentrate"],"picked":"Prepared+1","floor":20.0},{"not_picked":["Terror","Cloak And Dagger"],"picked":"Caltrops+1","floor":21.0},{"not_picked":["Quick Slash","Skewer"],"picked":"Distraction","floor":24.0},{"not_picked":["Wraith Form v2","Dagger Spray"],"picked":"Quick Slash","floor":25.0},{"not_picked":["Setup","Cloak And Dagger"],"picked":"After Image","floor":27.0},{"not_picked":["Glass Knife","Corpse Explosion"],"picked":"Malaise","floor":33},{"not_picked":["Caltrops+1","Calculated Gamble"],"picked":"Acrobatics+1","floor":35},{"not_picked":["Underhanded Strike","Eviscerate"],"picked":"Calculated Gamble+1","floor":37},{"not_picked":["Quick Slash+1","Dagger Spray"],"picked":"Blade Dance+1","floor":38},{"not_picked":["Flechettes+1","Deflect","Dagger Spray+1"],"picked":"SKIP","floor":39},{"not_picked":["PiercingWail","Prepared"],"picked":"Accuracy+1","floor":42},{"not_picked":["All Out Attack","Sucker Punch","Quick Slash"],"picked":"PiercingWail+1","floor":45},{"not_picked":["Deflect+1","Sucker Punch+1","Endless Agony"],"picked":"Leg Sweep","floor":46},{"not_picked":["Poisoned Stab+1","Wraith Form v2","Riddle With Holes+1"],"picked":"Finisher","floor":48}],"player_experience":996927,"relics_obtained":[{"floor":2.0,"key":"Mercury Hourglass"},{"floor":6.0,"key":"Meat on the Bone"},{"floor":9.0,"key":"Ancient Tea Set"},{"floor":11.0,"key":"Bronze Scales"},{"floor":13.0,"key":"Tiny Chest"},{"floor":14.0,"key":"Ice Cream"},{"floor":26.0,"key":"Paper Crane"},{"floor":27.0,"key":"PreservedInsect"},{"floor":28.0,"key":"Matryoshka"},{"floor":42,"key":"Incense Burner"},{"floor":43,"key":"MawBank"},{"floor":43,"key":"Question Card"},{"floor":45,"key":"Art of War"},{"floor":45,"key":"Happy Flower"}],"event_choices":[{"event_name":"Accursed Blacksmith","player_choice":"Forge","floor":3.0,"damage_taken":0.0},{"event_name":"Upgrade Shrine","player_choice":"Upgraded","floor":8.0,"damage_taken":0.0},{"event_name":"Upgrade Shrine","player_choice":"Upgraded","floor":29.0,"damage_taken":0.0},{"event_name":"Forgotten Altar","player_choice":"Shed Blood","floor":30.0,"damage_taken":0.0},{"event_name":"Falling","player_choice":"Removed Skill","floor":36,"damage_taken":0},{"event_name":"MindBloom","player_choice":"Fight","floor":42,"damage_taken":0},{"event_name":"Winding Halls","player_choice":"Embrace Madness","floor":44,"damage_taken":0}],"is_beta":false,"boss_relics":[{"not_picked":["Empty Cage","Coffee Dripper"],"picked":"Runic Dome"},{"not_picked":["HoveringKite","Pandora\u0027s Box"],"picked":"Black Star"}],"items_purged_floors":[],"is_endless":false,"potions_floor_spawned":[5,13,21,25,27,37,42,46,48],"killed_by":"Awakened One","ascension_level":9}