{"gold_per_floor":[113,113,113,136,155,188,188,203,254,254,69,110,124,162,162,292,292,306,306,405,405,405,448,207,245,245,265,309,323,348,273,273,398,398,417,441,217,238,238,238,254,254,279,19,38,38,71,96,96,96],"floor_reached":50,"playtime":2326,"items_purged":[],"score":895,"play_id":"2e01773b-41e5-4c85-ba34-f93ef66f9c0f","local_time":"20180831193516","is_ascension_mode":true,"campfire_choices":[{"data":"Distraction","floor":10.0,"key":"SMITH"},{"data":"Apotheosis","floor":15,"key":"SMITH"},{"floor":32,"key":"REST"},{"floor":40,"key":"REST"},{"floor":46,"key":"REST"},{"floor":49,"key":"REST"}],"neow_cost":"NONE","seed_source_timestamp":868653611013512,"circlet_count":0,"master_deck":["Defend_G","Defend_G+1","Defend_G+1","Defend_G","Defend_G","Strike_G","Strike_G","Strike_G+1","Strike_G+1","Survivor","Neutralize","Dodge and Roll+1","All Out Attack","Distraction+1","Flying Knee","Apotheosis+1","Sucker Punch","Dagger Throw","Prepared","Die Die Die","Dagger Throw","Glass Knife","Skewer","Quick Slash+1","Dash","Underhanded Strike","Distraction","After Image","Quick Slash+1","Escape Plan","Dagger Throw","Madness","Madness","Quick Slash","Caltrops","Underhanded Strike+1"],"special_seed":0,"relics":["Ring of the Snake","Golden Idol","Pear","Art of War","Bag of Marbles","Letter Opener","Fusion Hammer","Nloth\u0027s Gift","MutagenicStrength","Matryoshka","Oddly Smooth Stone","Sling","Darkstone Periapt","Regal Pillow","Ice Cream","Vajra","Busted Crown","Omamori","FaceOfCleric","Ninja Scroll","War Paint","Kunai","Pantograph"],"potions_floor_usage":[12,14,14,14,28,29,33,50,50],"damage_taken":[{"damage":0.0,"enemies":"Jaw Worm","floor":1.0,"turns":3.0},{"damage":0.0,"enemies":"2 Louse","floor":4.0,"turns":3.0},{"damage":0.0,"enemies":"Cultist","floor":5.0,"turns":4.0},{"damage":15.0,"enemies":"3 Sentries","floor":6.0,"turns":7.0},{"damage":8.0,"enemies":"3 Louse","floor":8.0,"turns":4.0},{"damage":25,"enemies":"Lagavulin","floor":12,"turns":8},{"damage":0,"enemies":"Large Slime","floor":13,"turns":4},{"damage":13,"enemies":"3 Sentries","floor":14,"turns":4},{"damage":18,"enemies":"Hexaghost","floor":16,"turns":12},{"damage":4,"enemies":"Shell Parasite","floor":18,"turns":5},{"damage":0,"enemies":"Gremlin Leader","floor":23,"turns":4},{"damage":29,"enemies":"Book of Stabbing","floor":25,"turns":5},{"damage":0,"enemies":"Spheric Guardian","floor":27,"turns":3},{"damage":9,"enemies":"Gremlin Leader","floor":28,"turns":4},{"damage":0,"enemies":"Snecko","floor":29,"turns":3},{"damage":2,"enemies":"Centurion and Healer","floor":30,"turns":4},{"damage":41,"enemies":"Automaton","floor":33,"turns":10},{"damage":14,"enemies":"3 Darklings","floor":35,"turns":4},{"damage":0,"enemies":"Orb Walker","floor":36,"turns":3},{"damage":16,"enemies":"Transient","floor":38,"turns":5},{"damage":0,"enemies":"3 Darklings","floor":41,"turns":2},{"damage":16,"enemies":"Reptomancer","floor":45,"turns":3},{"damage":0,"enemies":"2 Orb Walkers","floor":47,"turns":3},{"damage":27,"enemies":"Transient","floor":48,"turns":5},{"damage":90,"enemies":"Donu and Deca","floor":50,"turns":8}],"seed_played":"-794544494928570428","potions_obtained":[{"floor":4.0,"key":"SkillPotion"},{"floor":6.0,"key":"GhostInAJar"},{"floor":13,"key":"Weak Potion"},{"floor":14,"key":"Dexterity Potion"},{"floor":27,"key":"Block Potion"},{"floor":41,"key":"SpeedPotion"},{"floor":47,"key":"SteroidPotion"}],"is_trial":false,"path_per_floor":["M","?","?","M","M","E","?","M","T","R","$","E","M","E","R","B",null,"M","?","?","?","?","E","$","E","T","M","E","M","M","?","R","B",null,"M","M","$","M","?","R","M","?","T","$","M","R","E","M","R"],"character_chosen":"THE_SILENT","items_purchased":["Apotheosis","Sling","Skewer","Escape Plan","Omamori","Kunai"],"campfire_rested":4,"item_purchase_floors":[11,24,24,37,37,44],"current_hp_per_floor":[63,63,63,63,63,58,75,67,67,67,67,42,42,29,29,11,59,55,55,55,55,55,55,55,26,26,26,17,17,15,15,52,11,59,45,45,45,29,20,57,57,57,57,57,42,76,77,51,78,0],"gold":96,"neow_bonus":"RANDOM_COMMON_RELIC","is_prod":false,"is_daily":false,"chose_seed":false,"campfire_upgraded":2,"win_rate":0,"timestamp":1535736916,"path_taken":["M","?","?","?","M","E","?","M","T","R","$","E","M","E","R","BOSS","M","?","?","?","?","E","$","E","T","M","E","?","M","?","R","BOSS","M","M","$","M","?","R","?","?","T","$","?","R","E","M","R","BOSS"],"build_version":"2018-08-30","purchased_purges":0,"victory":false,"max_hp_per_floor":[70,70,65,65,65,75,75,75,75,75,75,75,75,75,75,75,75,75,75,75,75,75,75,75,75,75,75,75,75,75,75,75,75,75,75,75,75,75,75,75,75,75,75,75,76,76,77,78,78,78],"card_choices":[{"not_picked":["Dagger Spray","PiercingWail"],"picked":"Dodge and Roll","floor":1.0},{"not_picked":["Masterful Stab","Blade Dance"],"picked":"All Out Attack","floor":4.0},{"not_picked":["Endless Agony","Cloak And Dagger"],"picked":"Predator","floor":5.0},{"not_picked":["Poisoned Stab","Tools of the Trade"],"picked":"Distraction","floor":6.0},{"not_picked":["Noxious Fumes","Tactician"],"picked":"Flying Knee","floor":8.0},{"not_picked":["Acrobatics","Heel Hook"],"picked":"Sucker Punch","floor":12},{"not_picked":["Deflect","Outmaneuver"],"picked":"Dagger Throw","floor":13},{"not_picked":["Bane","Concentrate"],"picked":"Prepared","floor":14},{"not_picked":["Unload","Storm of Steel"],"picked":"Die Die Die","floor":16},{"not_picked":["Outmaneuver","Poisoned Stab"],"picked":"Dagger Throw","floor":18},{"not_picked":["Poisoned Stab+1","Bane"],"picked":"Glass Knife","floor":23},{"not_picked":["Acrobatics","Backflip"],"picked":"Quick Slash+1","floor":25},{"not_picked":["Prepared","Bouncing Flask"],"picked":"Dash","floor":27},{"not_picked":["Corpse Explosion","Wraith Form v2","Sucker Punch"],"picked":"SKIP","floor":28},{"not_picked":["Deadly Poison","Flying Knee"],"picked":"Underhanded Strike","floor":29},{"not_picked":["Eviscerate+1","Dagger Spray"],"picked":"Distraction","floor":30},{"not_picked":["Tools of the Trade","Night Terror"],"picked":"After Image","floor":33},{"not_picked":[],"picked":"Quick Slash+1","floor":35},{"not_picked":["Finisher"],"picked":"SKIP","floor":36},{"not_picked":[],"picked":"Dagger Throw","floor":38},{"not_picked":[],"picked":"Quick Slash","floor":41},{"not_picked":[],"picked":"Caltrops","floor":45},{"not_picked":[],"picked":"Underhanded Strike+1","floor":47},{"not_picked":["Grand Finale"],"picked":"SKIP","floor":48}],"player_experience":943676,"relics_obtained":[{"floor":6.0,"key":"Pear"},{"floor":9.0,"key":"Art of War"},{"floor":12,"key":"Bag of Marbles"},{"floor":14,"key":"Letter Opener"},{"floor":23,"key":"Oddly Smooth Stone"},{"floor":25,"key":"Darkstone Periapt"},{"floor":26,"key":"Regal Pillow"},{"floor":26,"key":"Ice Cream"},{"floor":28,"key":"Vajra"},{"floor":43,"key":"Ninja Scroll"},{"floor":43,"key":"War Paint"},{"floor":47,"key":"Pantograph"}],"event_choices":[{"event_name":"Living Wall","player_choice":"Grow","floor":2.0,"damage_taken":0.0},{"event_name":"Golden Idol","player_choice":"Lose Max HP","floor":3.0,"damage_taken":0.0},{"event_name":"Bonfire Elementals","player_choice":"UNCOMMON","floor":7.0,"damage_taken":0.0},{"event_name":"N\u0027loth","player_choice":"Traded a Whetstone","floor":19,"damage_taken":0},{"event_name":"Nest","player_choice":"Stole From Cult","floor":20,"damage_taken":0},{"event_name":"Drug Dealer","player_choice":"Inject Mutagens","floor":21,"damage_taken":0},{"event_name":"The Mausoleum","player_choice":"Yes","floor":22,"damage_taken":0},{"event_name":"Beggar","player_choice":"Gave Gold","floor":31,"damage_taken":0},{"event_name":"Winding Halls","player_choice":"Embrace Madness","floor":39,"damage_taken":0},{"event_name":"FaceTrader","player_choice":"Trade","floor":42,"damage_taken":0}],"is_beta":false,"boss_relics":[{"not_picked":["Lizard Tail","Empty Cage"],"picked":"Fusion Hammer"},{"not_picked":["Astrolabe","Runic Pyramid"],"picked":"Busted Crown"}],"items_purged_floors":[],"is_endless":false,"potions_floor_spawned":[4,6,13,14,16,23,25,27,41,47],"killed_by":"Donu and Deca","ascension_level":9}