{"path_per_floor":["M","M","?","T","M","E","R","E","T","M","M","R","M","$","R","B",null,"M","?","M","$","M","R","?","R","T","E","?","E","R","M","R","B",null,"M","?","?","?","M","R","M","E","T","E","R","$","R","M","R","B"],"character_chosen":"THE_SILENT","items_purchased":["Dramatic Entrance","Backstab"],"gold_per_floor":[112,126,126,150,165,198,198,231,254,264,283,283,301,56,56,151,151,169,169,185,85,99,99,99,99,99,132,57,89,89,106,106,202,202,215,215,0,0,10,10,29,55,80,108,108,108,108,124,124,124],"floor_reached":51,"campfire_rested":6,"playtime":3119,"current_hp_per_floor":[69,65,65,65,59,19,40,23,23,23,17,38,38,38,38,38,70,59,43,32,32,32,53,53,53,53,40,40,42,65,67,67,33,78,72,72,72,62,62,62,62,53,53,40,66,66,66,50,75,8],"items_purged":["Strike_G","Defend_G"],"gold":124,"score":1009,"play_id":"7ee3024b-691b-495a-bcba-840a81aa642b","local_time":"20180513160733","is_prod":false,"is_daily":false,"chose_seed":false,"is_ascension_mode":true,"campfire_upgraded":5,"timestamp":1526220453,"path_taken":["M","M","?","?","M","E","R","E","T","M","M","R","M","?","R","BOSS","M","?","?","?","?","R","?","R","T","E","?","E","R","?","R","BOSS","M","?","?","?","M","R","M","E","T","E","R","$","R","M","R","BOSS"],"build_version":"2018-05-10","seed_source_timestamp":164254079467498,"purchased_purges":2,"victory":true,"master_deck":["Defend_G","Defend_G","Defend_G","Strike_G","Strike_G","Strike_G","Survivor+1","Neutralize","Crippling Poison+1","Flying Knee+1","Dagger Spray","Dagger Throw","Riddle With Holes+1","PiercingWail","Riddle With Holes+1","Dagger Throw+1","Flying Knee+1","Dramatic Entrance+1","Backstab+1","Adrenaline+1","Dash+1","Necronomicurse","Backflip+1","Die Die Die+1","Flying Knee+1","All Out Attack+1","Die Die Die+1","Poisoned Stab+1","Adrenaline+1","Madness+1","Madness+1","Footwork+1","Catalyst+1","Flying Knee+1","Escape Plan+1"],"max_hp_per_floor":[70,70,70,70,70,70,70,70,70,70,70,70,70,70,70,70,70,70,70,70,70,70,70,70,70,70,70,70,72,74,76,76,78,78,78,78,78,78,78,78,78,80,80,82,84,84,84,84,84,84],"relics":["Ring of the Snake","Dream Catcher","Snake Skull","Molten Egg 2","Ancient Tea Set","Lizard Tail","Necronomicon","Orichalcum","Kunai","Singing Bowl","Velvet Choker","Red Mask","Lantern","Bag of Preparation","Centennial Puzzle"],"card_choices":[{"not_picked":["Acrobatics","Quick Slash"],"picked":"Crippling Poison","floor":1},{"not_picked":["Eviscerate","Dodge and Roll"],"picked":"Flying Knee","floor":2},{"not_picked":["Heel Hook","Finisher"],"picked":"Dagger Spray","floor":5},{"not_picked":["Blade Dance","After Image"],"picked":"Dagger Throw","floor":6},{"not_picked":["Deadly Poison","Blur"],"picked":"Riddle With Holes","floor":8},{"not_picked":["Malaise","Slice"],"picked":"PiercingWail","floor":10},{"not_picked":["PiercingWail","Acrobatics"],"picked":"Riddle With Holes","floor":11},{"not_picked":["Deadly Poison","Backflip"],"picked":"Dagger Throw","floor":12},{"not_picked":["Bouncing Flask","Blur"],"picked":"Flying Knee","floor":13},{"not_picked":["Tactician","Phantasmal Killer"],"picked":"Adrenaline","floor":16},{"not_picked":["Cloak And Dagger","Quick Slash"],"picked":"Dash","floor":18},{"not_picked":["Setup","Crippling Poison"],"picked":"Backflip","floor":20},{"not_picked":["Masterful Stab","Sucker Punch"],"picked":"Die Die Die","floor":22},{"not_picked":["Eviscerate","Slice"],"picked":"Flying Knee","floor":23},{"not_picked":["Heel Hook","Bouncing Flask"],"picked":"Die Die Die","floor":27},{"not_picked":["Skewer","Setup"],"picked":"Poisoned Stab","floor":35},{"not_picked":["Dodge and Roll","Well Laid Plans"],"picked":"Footwork","floor":39},{"not_picked":["Deadly Poison","Backflip"],"picked":"Catalyst","floor":41},{"not_picked":["Blade Dance","Deadly Poison"],"picked":"Flying Knee","floor":48},{"not_picked":["Eviscerate","Dagger Spray"],"picked":"Escape Plan","floor":49}],"player_experience":467021,"potions_floor_usage":[5,16,16,27,33,50,50],"damage_taken":[{"damage":1,"enemies":"2 Louse","floor":1,"turns":6},{"damage":4,"enemies":"Jaw Worm","floor":2,"turns":4},{"damage":6,"enemies":"Small Slimes","floor":5,"turns":2},{"damage":40,"enemies":"Lagavulin","floor":6,"turns":8},{"damage":17,"enemies":"Gremlin Nob","floor":8,"turns":4},{"damage":0,"enemies":"Red Slaver","floor":10,"turns":4},{"damage":6,"enemies":"Gremlin Gang","floor":11,"turns":2},{"damage":0,"enemies":"2 Fungi Beasts","floor":13,"turns":3},{"damage":0,"enemies":"Slime Boss","floor":16,"turns":4},{"damage":11,"enemies":"Spheric Guardian","floor":18,"turns":3},{"damage":11,"enemies":"2 Thieves","floor":20,"turns":3},{"damage":0,"enemies":"3 Cultists","floor":22,"turns":3},{"damage":13,"enemies":"Gremlin Leader","floor":27,"turns":3},{"damage":0,"enemies":"Slavers","floor":29,"turns":3},{"damage":0,"enemies":"Snecko","floor":31,"turns":3},{"damage":36,"enemies":"Champ","floor":33,"turns":7},{"damage":6,"enemies":"Orb Walker","floor":35,"turns":2},{"damage":0,"enemies":"3 Darklings","floor":39,"turns":2},{"damage":0,"enemies":"Sphere and 2 Shapes","floor":41,"turns":2},{"damage":11,"enemies":"2 Orb Walkers","floor":42,"turns":3},{"damage":15,"enemies":"Nemesis","floor":44,"turns":5},{"damage":16,"enemies":"Maw","floor":48,"turns":5},{"damage":138,"enemies":"Donu and Deca","floor":50,"turns":10}],"event_choices":[{"event_name":"Living Wall","player_choice":"Grow","floor":3,"damage_taken":0},{"event_name":"Cursed Tome","player_choice":"Obtained Book","floor":19,"damage_taken":0},{"event_name":"Transmorgrifier","player_choice":"Transform","floor":24,"damage_taken":0},{"event_name":"Beggar","player_choice":"Gave Gold","floor":28,"damage_taken":0},{"event_name":"Duplicator","player_choice":"One dupe","floor":36,"damage_taken":0},{"event_name":"Tomb of Lord Red Mask","player_choice":"Paid","floor":37,"damage_taken":0},{"event_name":"Winding Halls","player_choice":"Embrace Madness","floor":38,"damage_taken":0}],"boss_relics":[{"not_picked":["Ectoplasm","Pandora\u0027s Box"],"picked":"Lizard Tail"},{"not_picked":["White Beast Statue","Snecko Eye"],"picked":"Velvet Choker"}],"potions_floor_spawned":[2,6,8,13,16,20,29,31,33,41,42,48],"seed_played":"-2106069554109517119","ascension_level":4,"is_trial":false}