{"gold_per_floor":[115,115,290,290,365,365,424,424,424,455,455,474,494,514,514,610,610,620,169,169,180,180,506,506,429,482,482],"floor_reached":27,"playtime":3282,"items_purged":["Doubt"],"score":431,"play_id":"a9da9ead-737e-493e-bd3e-ab89194b0bd0","local_time":"20181129150342","is_ascension_mode":true,"campfire_choices":[{"data":"Deadly Poison","floor":6.0,"key":"SMITH"},{"data":"Deadly Poison","floor":8.0,"key":"SMITH"},{"data":"Skewer","floor":11.0,"key":"SMITH"},{"data":"Bouncing Flask","floor":15.0,"key":"SMITH"},{"floor":24.0,"key":"REST"}],"neow_cost":"NONE","seed_source_timestamp":0,"circlet_count":0,"master_deck":["AscendersBane","Defend_G","Defend_G","Defend_G","Defend_G","Defend_G","Strike_G","Strike_G","Strike_G","Strike_G","Survivor","Neutralize","Deadly Poison+1","Deadly Poison+1","Skewer+1","Corpse Explosion","Flying Knee","Bouncing Flask+1","Adrenaline+1","Well Laid Plans","Noxious Fumes","Master of Strategy","Trip","Poisoned Stab","A Thousand Cuts"],"special_seed":0,"relics":["Ring of the Snake","NeowsBlessing","Bag of Marbles","Tiny Chest","The Courier","Lantern","Black Star","MawBank","Tingsha","Old Coin","Ancient Tea Set","Happy Flower"],"potions_floor_usage":[],"damage_taken":[{"damage":0.0,"enemies":"2 Louse","floor":1.0,"turns":1.0},{"damage":0.0,"enemies":"Lagavulin","floor":7.0,"turns":1.0},{"damage":0.0,"enemies":"Gremlin Nob","floor":10.0,"turns":1.0},{"damage":0.0,"enemies":"Small Slimes","floor":12.0,"turns":2.0},{"damage":0.0,"enemies":"Cultist","floor":13.0,"turns":1.0},{"damage":0.0,"enemies":"Looter","floor":14.0,"turns":2.0},{"damage":9.0,"enemies":"The Guardian","floor":16.0,"turns":7.0},{"damage":0.0,"enemies":"Spheric Guardian","floor":18.0,"turns":2.0},{"damage":7.0,"enemies":"3 Byrds","floor":21.0,"turns":3.0},{"damage":30.0,"enemies":"Slavers","floor":23.0,"turns":3.0},{"damage":11,"enemies":"Book of Stabbing","floor":27,"turns":3}],"seed_played":"-7918046646243339419","potions_obtained":[{"floor":7.0,"key":"Swift Potion"},{"floor":10.0,"key":"SpeedPotion"},{"floor":12.0,"key":"Strength Potion"},{"floor":14.0,"key":"Poison Potion"},{"floor":21.0,"key":"AttackPotion"}],"is_trial":false,"path_per_floor":["M","?","?","?","?","R","E","R","T","E","R","M","M","M","R","B",null,"M","$","?","M","?","E","R","?","T","E"],"character_chosen":"THE_SILENT","items_purchased":["MawBank","Noxious Fumes","Master of Strategy","Trip"],"campfire_rested":1,"item_purchase_floors":[19,19,19,19],"current_hp_per_floor":[63,56,56,53,42,42,42,42,42,42,42,42,42,42,42,33,61,61,61,61,54,54,24,45,45,45,34],"gold":482,"neow_bonus":"THREE_ENEMY_KILL","is_prod":false,"is_daily":false,"chose_seed":false,"campfire_upgraded":4,"win_rate":0,"timestamp":1543500222,"path_taken":["M","?","?","?","?","R","E","R","T","E","R","M","M","M","R","BOSS","M","$","?","?","?","E","R","?","T","E"],"build_version":"2018-11-15","purchased_purges":1,"victory":false,"max_hp_per_floor":[70,70,70,70,70,70,70,70,70,70,70,70,70,70,70,70,70,70,70,70,70,70,70,70,70,70,70],"card_choices":[{"not_picked":["Underhanded Strike","Flying Knee"],"picked":"Deadly Poison","floor":1.0},{"not_picked":["Backstab","Outmaneuver"],"picked":"Deadly Poison","floor":7.0},{"not_picked":["Blade Dance","Sucker Punch"],"picked":"Skewer","floor":10.0},{"not_picked":["Tactician","PiercingWail"],"picked":"Corpse Explosion","floor":12.0},{"not_picked":["Prepared","Backstab"],"picked":"Flying Knee","floor":13.0},{"not_picked":["Blade Dance","Choke"],"picked":"Bouncing Flask","floor":14.0},{"not_picked":["Phantasmal Killer","Night Terror"],"picked":"Adrenaline","floor":16.0},{"not_picked":["Reflex","Deadly Poison"],"picked":"Well Laid Plans","floor":18.0},{"not_picked":["Flying Knee+1","Underhanded Strike"],"picked":"Poisoned Stab","floor":21.0},{"not_picked":["Reflex","Acrobatics+1"],"picked":"A Thousand Cuts","floor":23.0}],"player_experience":1392263,"relics_obtained":[{"floor":7.0,"key":"Tiny Chest"},{"floor":9.0,"key":"The Courier"},{"floor":10.0,"key":"Lantern"},{"floor":23.0,"key":"Tingsha"},{"floor":23.0,"key":"Old Coin"},{"floor":26.0,"key":"Happy Flower"}],"event_choices":[{"cards_removed":["Strike_G"],"damage_healed":0.0,"max_hp_gain":0.0,"max_hp_loss":0.0,"gold_gain":0.0,"event_name":"Golden Wing","player_choice":"Card Removal","floor":2.0,"gold_loss":0.0,"damage_taken":7.0},{"damage_healed":0.0,"max_hp_gain":0.0,"max_hp_loss":0.0,"gold_gain":175.0,"event_name":"Liars Game","player_choice":"AGREE","floor":3.0,"gold_loss":0.0,"damage_taken":0.0,"cards_obtained":["Doubt"]},{"damage_healed":0.0,"max_hp_gain":0.0,"max_hp_loss":0.0,"gold_gain":0.0,"event_name":"Scrap Ooze","player_choice":"Success","floor":4.0,"gold_loss":0.0,"damage_taken":3.0,"relics_obtained":["Bag of Marbles"]},{"damage_healed":0.0,"max_hp_gain":0.0,"max_hp_loss":0.0,"gold_gain":75.0,"event_name":"World of Goop","player_choice":"Gather Gold","floor":5.0,"gold_loss":0.0,"damage_taken":11.0},{"damage_healed":0.0,"max_hp_gain":0.0,"max_hp_loss":0.0,"gold_gain":0.0,"event_name":"Upgrade Shrine","player_choice":"Upgraded","floor":20.0,"gold_loss":0.0,"damage_taken":0.0,"cards_upgraded":["Adrenaline"]},{"damage_healed":0.0,"max_hp_gain":0.0,"max_hp_loss":0.0,"gold_gain":0.0,"event_name":"Beggar","player_choice":"Ignored","floor":22.0,"gold_loss":0.0,"damage_taken":0.0},{"damage_healed":0.0,"max_hp_gain":0.0,"max_hp_loss":0.0,"gold_gain":0.0,"event_name":"WeMeetAgain","player_choice":"Paid Gold","floor":25.0,"gold_loss":77.0,"damage_taken":0.0,"relics_obtained":["Ancient Tea Set"]}],"is_beta":false,"boss_relics":[{"not_picked":["HoveringKite","Velvet Choker"],"picked":"Black Star"}],"items_purged_floors":[19],"is_endless":false,"potions_floor_spawned":[7,10,12,14,21],"killed_by":"Book of Stabbing","ascension_level":10}