{"gold_per_floor":[114,114,114,114,34,64,64,94,121,86,86,161,173,192,192,287,337,347,360,275,294,313,313,346,346,346,372,372,387,403,10,10,114,114,124,0,0,10,10],"floor_reached":39,"playtime":1579,"items_purged":[],"score":716,"play_id":"a9d63131-faa1-4955-8b97-f558234446b1","local_time":"20181022181909","is_ascension_mode":true,"campfire_choices":[{"floor":7,"key":"REST"},{"floor":11,"key":"REST"},{"floor":15,"key":"REST"},{"floor":23,"key":"REST"},{"floor":25,"key":"REST"},{"floor":32,"key":"REST"}],"neow_cost":"NONE","seed_source_timestamp":999745278813428,"circlet_count":0,"master_deck":["Defend_G","Defend_G","Defend_G","Defend_G","Defend_G","Survivor","Neutralize","AscendersBane","Blade Dance+1","Infinite Blades","Outmaneuver","PiercingWail","Infinite Blades","After Image","Cloak And Dagger","Malaise","Footwork","Backstab","Backstab","Blade Dance","Terror","Endless Agony","Prepared","Bite","Bite","Bite","Bite","Bite","Blur","Backflip","Infinite Blades","Swift Strike","Venomology","Cloak And Dagger+1","Blade Dance","Blade Dance"],"relics":["WristBlade","Letter Opener","Kunai","Regal Pillow","Tiny House","Happy Flower","Incense Burner","Omamori","Strawberry","Mercury Hourglass","Black Star","Red Mask","Calipers"],"potions_floor_usage":[19,19,24,27,29,30,39,39,39],"damage_taken":[{"damage":2,"enemies":"Jaw Worm","floor":1,"turns":5},{"damage":32,"enemies":"Lagavulin","floor":6,"turns":8},{"damage":25,"enemies":"Gremlin Nob","floor":8,"turns":4},{"damage":0,"enemies":"2 Louse","floor":13,"turns":2},{"damage":4,"enemies":"Small Slimes","floor":14,"turns":4},{"damage":26,"enemies":"Hexaghost","floor":16,"turns":11},{"damage":13,"enemies":"Shell Parasite","floor":18,"turns":7},{"damage":0,"enemies":"3 Byrds","floor":19,"turns":4},{"damage":21,"enemies":"Snake Plant","floor":21,"turns":7},{"damage":15,"enemies":"Sentry and Sphere","floor":22,"turns":5},{"damage":43,"enemies":"Book of Stabbing","floor":24,"turns":6},{"damage":39,"enemies":"Slavers","floor":27,"turns":6},{"damage":3,"enemies":"Centurion and Healer","floor":29,"turns":6},{"damage":24,"enemies":"Snake Plant","floor":30,"turns":4},{"damage":31,"enemies":"Automaton","floor":33,"turns":11},{"damage":6,"enemies":"Orb Walker","floor":35,"turns":2},{"damage":8,"enemies":"Mind Bloom Boss Battle","floor":37,"turns":8},{"damage":52,"enemies":"3 Darklings","floor":38,"turns":9},{"damage":25,"enemies":"2 Orb Walkers","floor":39,"turns":3}],"seed_played":"-3392749940718156288","potions_obtained":[{"floor":6,"key":"Energy Potion"},{"floor":8,"key":"Strength Potion"},{"floor":14,"key":"Ancient Potion"},{"floor":17,"key":"LiquidBronze"},{"floor":21,"key":"Dexterity Potion"},{"floor":27,"key":"AttackPotion"},{"floor":29,"key":"Fire Potion"},{"floor":30,"key":"Ancient Potion"}],"is_trial":false,"path_per_floor":["M","?","?","?","$","E","R","E","T","$","R","?","M","M","R","B",null,"M","M","?","M","M","R","E","R","T","E","?","M","M","$","R","B",null,"M","?","?","M"],"character_chosen":"THE_SILENT","items_purchased":["Infinite Blades","Infinite Blades","Infinite Blades","Mercury Hourglass","Swift Strike"],"campfire_rested":6,"item_purchase_floors":[5,10,31,31,31],"current_hp_per_floor":[61,61,54,54,54,22,43,18,18,18,54,43,43,39,70,44,69,56,56,56,35,20,57,14,51,51,19,19,26,10,10,42,29,50,50,50,48,12,0],"gold":10,"neow_bonus":"BOSS_RELIC","is_prod":false,"is_daily":false,"chose_seed":false,"campfire_upgraded":0,"win_rate":0,"timestamp":1540225149,"path_taken":["M","?","?","?","?","E","R","E","T","$","R","?","M","M","R","BOSS","M","?","?","?","M","R","E","R","T","E","?","M","?","$","R","BOSS","M","?","?","?","?"],"build_version":"2018-10-18","purchased_purges":0,"victory":false,"max_hp_per_floor":[70,70,70,70,70,70,70,70,70,70,70,70,70,70,70,70,75,75,75,75,75,75,75,75,75,75,82,57,57,57,57,57,57,57,57,57,57,57,57],"card_choices":[{"not_picked":["Dagger Spray","Noxious Fumes"],"picked":"Blade Dance","floor":1},{"not_picked":["Dagger Throw","Poisoned Stab"],"picked":"Outmaneuver","floor":6},{"not_picked":["Bouncing Flask","Slice"],"picked":"PiercingWail","floor":8},{"not_picked":["Caltrops","Finisher"],"picked":"After Image","floor":13},{"not_picked":["Deflect","Quick Slash"],"picked":"Cloak And Dagger","floor":14},{"not_picked":["Corpse Explosion","Unload"],"picked":"Malaise","floor":16},{"not_picked":["Quick Slash","Bane"],"picked":"Footwork","floor":17},{"not_picked":["Prepared","Bane"],"picked":"Backstab","floor":18},{"not_picked":["Sucker Punch","Deadly Poison"],"picked":"Backstab","floor":19},{"not_picked":["Acrobatics+1","Outmaneuver"],"picked":"Blade Dance","floor":21},{"not_picked":["Predator","Setup"],"picked":"Terror","floor":22},{"not_picked":["Flying Knee","Unload"],"picked":"Endless Agony","floor":24},{"not_picked":["Flying Knee","Choke"],"picked":"Prepared","floor":27},{"not_picked":["Masterful Stab","Flechettes"],"picked":"Blur","floor":29},{"not_picked":["Masterful Stab","Slice"],"picked":"Backflip","floor":30},{"not_picked":["Bullet Time","Corpse Explosion"],"picked":"Venomology","floor":33},{"not_picked":["Leg Sweep+1","Bane+1"],"picked":"Cloak And Dagger+1","floor":35},{"not_picked":["Bane+1","Slice+1"],"picked":"Blade Dance","floor":37},{"not_picked":["Expertise","Leg Sweep"],"picked":"Blade Dance","floor":38}],"player_experience":1100646,"relics_obtained":[{"floor":6,"key":"Letter Opener"},{"floor":8,"key":"Kunai"},{"floor":9,"key":"Regal Pillow"},{"floor":24,"key":"Incense Burner"},{"floor":26,"key":"Omamori"},{"floor":27,"key":"Strawberry"},{"floor":37,"key":"Calipers"}],"event_choices":[{"damage_healed":0,"gold_gain":0,"player_choice":"Leave","damage_taken":0,"max_hp_gain":0,"max_hp_loss":0,"event_name":"The Cleric","floor":2,"gold_loss":0},{"cards_removed":["Strike_G"],"damage_healed":0,"gold_gain":0,"player_choice":"Card Removal","damage_taken":7,"max_hp_gain":0,"max_hp_loss":0,"event_name":"Golden Wing","floor":3,"gold_loss":0},{"damage_healed":0,"gold_gain":0,"player_choice":"Grow","damage_taken":0,"max_hp_gain":0,"max_hp_loss":0,"event_name":"Living Wall","floor":4,"gold_loss":0,"cards_upgraded":["Blade Dance"]},{"damage_healed":0,"gold_gain":75,"player_choice":"Gather Gold","damage_taken":11,"max_hp_gain":0,"max_hp_loss":0,"event_name":"World of Goop","floor":12,"gold_loss":0},{"damage_healed":0,"gold_gain":0,"player_choice":"Obtained Relic","damage_taken":0,"relics_obtained":["Happy Flower"],"max_hp_gain":0,"max_hp_loss":0,"event_name":"Addict","floor":20,"gold_loss":85},{"damage_healed":0,"gold_gain":0,"player_choice":"Became a vampire","damage_taken":0,"max_hp_gain":0,"max_hp_loss":25,"event_name":"Vampires","floor":28,"gold_loss":0,"cards_obtained":["Bite","Bite","Bite","Bite","Bite"]},{"damage_healed":0,"gold_gain":0,"player_choice":"Paid","damage_taken":0,"relics_obtained":["Red Mask"],"max_hp_gain":0,"max_hp_loss":0,"event_name":"Tomb of Lord Red Mask","floor":36,"gold_loss":124},{"damage_healed":0,"gold_gain":0,"player_choice":"Fight","damage_taken":0,"max_hp_gain":0,"max_hp_loss":0,"event_name":"MindBloom","floor":37,"gold_loss":0},{"damage_healed":0,"gold_gain":0,"player_choice":"Fight","damage_taken":0,"max_hp_gain":0,"max_hp_loss":0,"event_name":"Mysterious Sphere","floor":39,"gold_loss":0}],"is_beta":false,"boss_relics":[{"not_picked":["Pandora\u0027s Box","Sozu"],"picked":"Tiny House"},{"not_picked":["Eternal Feather","Runic Dome"],"picked":"Black Star"}],"items_purged_floors":[],"is_endless":false,"potions_floor_spawned":[6,8,14,21,27,29,30,38],"killed_by":"2 Orb Walkers","ascension_level":10}