{"gold_per_floor":[115,290,307,111,131,131,163,163,163,198,198,198,183],"floor_reached":13,"playtime":607,"items_purged":[],"score":127,"play_id":"056be836-13f6-4596-abae-9a5dbbf78b3c","local_time":"20180818215718","is_ascension_mode":true,"campfire_choices":[{"data":"Apotheosis","floor":6.0,"key":"SMITH"},{"data":"Zap","floor":8.0,"key":"SMITH"}],"neow_cost":"","seed_source_timestamp":0,"circlet_count":0,"master_deck":["Strike_B","Strike_B","Strike_B","Strike_B","Defend_B","Defend_B","Defend_B","Defend_B+1","Zap+1","Dualcast+1","Go for the Eyes","Doubt","Chill","Apotheosis+1","Hologram","Darkness","Skim"],"special_seed":0,"relics":["Cracked Core","Ornamental Fan","Calipers","Omamori","Smiling Mask"],"potions_floor_usage":[],"damage_taken":[{"damage":0.0,"enemies":"2 Louse","floor":1.0,"turns":2.0},{"damage":4.0,"enemies":"Jaw Worm","floor":3.0,"turns":3.0},{"damage":0.0,"enemies":"Cultist","floor":5.0,"turns":3.0},{"damage":6.0,"enemies":"3 Sentries","floor":7.0,"turns":7.0},{"damage":23.0,"enemies":"Gremlin Nob","floor":10.0,"turns":4.0},{"damage":10,"enemies":"Exordium Thugs","floor":13,"turns":2}],"seed_played":"-3856209050697409841","potions_obtained":[{"floor":3.0,"key":"SkillPotion"},{"floor":5.0,"key":"LiquidBronze"}],"is_trial":false,"path_per_floor":["M","?","M","$","M","R","E","R","T","E","?","?"],"character_chosen":"DEFECT","items_purchased":["Apotheosis"],"campfire_rested":0,"item_purchase_floors":[4],"current_hp_per_floor":[68,68,64,64,64,64,58,58,58,35,35,20,10],"gold":183,"neow_bonus":"","is_prod":false,"is_daily":false,"chose_seed":false,"campfire_upgraded":2,"win_rate":0,"timestamp":1534622238,"path_taken":["M","?","?","?","?","R","E","R","T","E","?","?","M"],"build_version":"2018-08-16","purchased_purges":0,"victory":false,"max_hp_per_floor":[75,75,75,75,75,75,75,75,75,75,75,75,75],"card_choices":[{"not_picked":["Redo","Gash"],"picked":"Go for the Eyes","floor":1.0},{"not_picked":["Chaos","Barrage"],"picked":"Chill","floor":3.0},{"not_picked":["Coolheaded","Heatsinks"],"picked":"Hologram","floor":5.0},{"not_picked":["Redo","Heatsinks"],"picked":"Darkness","floor":7.0},{"not_picked":["Aggregate","Storm"],"picked":"Skim","floor":10}],"player_experience":894307,"relics_obtained":[{"floor":7.0,"key":"Ornamental Fan"},{"floor":9.0,"key":"Calipers"},{"floor":10,"key":"Omamori"}],"event_choices":[{"event_name":"Liars Game","player_choice":"agreed","floor":2.0,"damage_taken":0.0},{"event_name":"Big Fish","player_choice":"Box","floor":11,"damage_taken":0},{"event_name":"Shining Light","player_choice":"Entered Light","floor":12,"damage_taken":0}],"is_beta":false,"boss_relics":[],"items_purged_floors":[],"is_endless":false,"potions_floor_spawned":[3,5],"killed_by":"Exordium Thugs","ascension_level":8}