{"path_per_floor":["M","?","?","M","M","R","E","R","T","E","M","M","$","M","R"],"character_chosen":"IRONCLAD","items_purchased":["Toxic Egg 2"],"gold_per_floor":[113,113,113,127,143,143,182,182,229,263,277,300,49,74,74,74],"floor_reached":16,"campfire_rested":1,"playtime":584,"item_purchase_floors":[],"current_hp_per_floor":[83,61,58,62,70,70,44,71,71,64,66,59,59,64,64,12],"items_purged":[],"gold":74,"score":146,"play_id":"d00763a4-16bc-4f69-9954-f474c946271a","local_time":"20180528191004","is_prod":false,"is_daily":false,"chose_seed":false,"is_ascension_mode":true,"campfire_upgraded":2,"win_rate":0,"timestamp":1527527404,"campfire_choices":[{"data":"Bash","floor":6.0,"key":"SMITH"},{"floor":8.0,"key":"REST"},{"data":"Armaments","floor":15,"key":"SMITH"}],"path_taken":["M","?","?","M","M","R","E","R","T","E","?","M","?","?","R","BOSS"],"build_version":"2018-05-24","seed_source_timestamp":0,"purchased_purges":0,"victory":false,"master_deck":["Strike_R","Strike_R","Strike_R","Strike_R","Strike_R","Defend_R","Defend_R","Defend_R","Defend_R","Bash+1","Warcry","Cleave","Pommel Strike","Armaments+1","Wild Strike","Power Through+1"],"max_hp_per_floor":[88,88,88,88,90,90,90,90,90,90,92,92,92,92,92,92],"relics":["Burning Blood","Golden Idol","Singing Bowl","Bag of Preparation","Omamori","Toolbox","Toxic Egg 2"],"card_choices":[{"not_picked":["Corruption","True Grit"],"picked":"Warcry","floor":1.0},{"not_picked":["Anger","Armaments"],"picked":"Cleave","floor":4.0},{"not_picked":["Blood for Blood","Evolve","Heavy Blade"],"picked":"Singing Bowl","floor":5.0},{"not_picked":["Seeing Red","Second Wind"],"picked":"Pommel Strike","floor":7.0},{"not_picked":["Anger","Limit Break"],"picked":"Armaments","floor":10.0},{"not_picked":["Warcry","Corruption","Havoc"],"picked":"Singing Bowl","floor":11.0},{"not_picked":["Headbutt","Battle Trance"],"picked":"Wild Strike","floor":12.0},{"not_picked":["True Grit+1","Thunderclap"],"picked":"Power Through+1","floor":14}],"player_experience":525132,"potions_floor_usage":[],"damage_taken":[{"damage":3.0,"enemies":"2 Louse","floor":1.0,"turns":4.0},{"damage":2.0,"enemies":"Jaw Worm","floor":4.0,"turns":3.0},{"damage":0.0,"enemies":"Small Slimes","floor":5.0,"turns":3.0},{"damage":32.0,"enemies":"Gremlin Nob","floor":7.0,"turns":4.0},{"damage":13.0,"enemies":"3 Sentries","floor":10.0,"turns":6.0},{"damage":6.0,"enemies":"Looter","floor":11.0,"turns":4.0},{"damage":13.0,"enemies":"Blue Slaver","floor":12.0,"turns":3.0},{"damage":1,"enemies":"Red Slaver","floor":14,"turns":4},{"damage":52,"enemies":"Hexaghost","floor":16,"turns":9}],"relics_obtained":[{"floor":7.0,"key":"Bag of Preparation"},{"floor":9.0,"key":"Omamori"},{"floor":10.0,"key":"Toolbox"}],"event_choices":[{"event_name":"Golden Idol","player_choice":"Take Damage","floor":2.0,"damage_taken":0.0},{"event_name":"Scrap Ooze","player_choice":"success","floor":3.0,"damage_taken":3.0}],"boss_relics":[],"items_purged_floors":[],"potions_floor_spawned":[1,7,11],"seed_played":"-7358672723039706723","killed_by":"Hexaghost","ascension_level":6,"potions_obtained":[{"floor":1.0,"key":"PowerPotion"},{"floor":7.0,"key":"Energy Potion"},{"floor":11.0,"key":"Fire Potion"}],"is_trial":false}