{"gold_per_floor":[110,285,302,321,11,11,44,101,101,101,51,69,104,123,123,218,218,237,237,249,249,73,103,120,120],"floor_reached":25,"playtime":1479,"items_purged":["Doubt","Parasite"],"score":347,"play_id":"41cbe189-c5e7-4984-b14a-63900de08bac","local_time":"20181010175259","is_ascension_mode":true,"campfire_choices":[{"data":"Inflame","floor":6.0,"key":"SMITH"},{"data":"Rampage","floor":15,"key":"SMITH"}],"neow_cost":"NONE","seed_source_timestamp":0,"circlet_count":0,"master_deck":["Strike_R","Strike_R","Strike_R","Strike_R","Defend_R","Defend_R","Defend_R","Defend_R","Bash","AscendersBane","Blood for Blood","Shrug It Off","Armaments","Shockwave","Inflame+1","Metallicize","Ghostly Armor","Rampage+1","Hemokinesis","Flex","Feed","Metallicize+1","Feel No Pain","Metallicize+1","Pommel Strike"],"special_seed":0,"relics":["Burning Blood","Membership Card","Vajra","Ornamental Fan","Matryoshka","Boot","Busted Crown","Oddly Smooth Stone","DollysMirror","Bottled Flame"],"potions_floor_usage":[16,16,23,23,23,24],"damage_taken":[{"damage":8.0,"enemies":"2 Louse","floor":1.0,"turns":4.0},{"damage":9.0,"enemies":"Jaw Worm","floor":3.0,"turns":6.0},{"damage":12.0,"enemies":"Small Slimes","floor":4.0,"turns":5.0},{"damage":29.0,"enemies":"Lagavulin","floor":7.0,"turns":9.0},{"damage":25.0,"enemies":"Gremlin Nob","floor":8.0,"turns":6.0},{"damage":0,"enemies":"Blue Slaver","floor":12,"turns":6},{"damage":5,"enemies":"3 Sentries","floor":13,"turns":8},{"damage":7,"enemies":"Exordium Thugs","floor":14,"turns":6},{"damage":54,"enemies":"The Guardian","floor":16,"turns":12},{"damage":14,"enemies":"Shell Parasite","floor":18,"turns":6},{"damage":5,"enemies":"Chosen","floor":20,"turns":6},{"damage":8,"enemies":"Slavers","floor":23,"turns":6},{"damage":20,"enemies":"Sentry and Sphere","floor":24,"turns":8},{"damage":52,"enemies":"Book of Stabbing","floor":25,"turns":7}],"seed_played":"4292284281995336919","potions_obtained":[{"floor":3.0,"key":"Ancient Potion"},{"floor":8.0,"key":"FearPotion"},{"floor":13,"key":"Regen Potion"},{"floor":14,"key":"Regen Potion"},{"floor":16,"key":"AttackPotion"},{"floor":19,"key":"SteroidPotion"},{"floor":23,"key":"SteroidPotion"}],"is_trial":false,"path_per_floor":["M","?","M","M","$","R","E","?","T","?","$","M","E","M","R","B",null,"M","?","M","?","$","E","M"],"character_chosen":"IRONCLAD","items_purchased":["Inflame","Membership Card","Oddly Smooth Stone","DollysMirror"],"campfire_rested":0,"item_purchase_floors":[5,5,22,22],"current_hp_per_floor":[70,70,67,61,61,61,38,19,19,39,39,45,46,45,45,52,71,63,63,64,64,64,65,51,0],"gold":120,"neow_bonus":"TRANSFORM_CARD","is_prod":false,"is_daily":false,"chose_seed":false,"campfire_upgraded":2,"win_rate":0,"timestamp":1539186779,"path_taken":["M","?","?","M","$","R","E","?","T","?","$","?","E","M","R","BOSS","M","?","M","?","$","E","?","E"],"build_version":"2018-10-04v2","purchased_purges":2,"victory":false,"max_hp_per_floor":[80,80,80,80,80,80,80,80,80,80,77,77,77,77,77,77,77,77,77,77,77,77,80,80,80],"card_choices":[{"not_picked":["Body Slam","Flex"],"picked":"Shrug It Off","floor":1.0},{"not_picked":["Flex","Clash"],"picked":"Armaments","floor":3.0},{"not_picked":["Headbutt","Wild Strike"],"picked":"Shockwave","floor":4.0},{"not_picked":["Warcry","Clash"],"picked":"Metallicize","floor":7.0},{"not_picked":["Sword Boomerang","Anger"],"picked":"Ghostly Armor","floor":8.0},{"not_picked":["Fiend Fire","Power Through"],"picked":"Rampage","floor":12},{"not_picked":["Feel No Pain","Reckless Charge"],"picked":"Hemokinesis","floor":13},{"not_picked":["Armaments","True Grit"],"picked":"Flex","floor":14},{"not_picked":["Berserk","Immolate"],"picked":"Feed","floor":16},{"not_picked":[],"picked":"Metallicize+1","floor":18},{"not_picked":[],"picked":"Havoc","floor":20},{"not_picked":["Entrench"],"picked":"SKIP","floor":23},{"not_picked":[],"picked":"Pommel Strike","floor":24}],"player_experience":1071671,"relics_obtained":[{"floor":7.0,"key":"Vajra"},{"floor":9,"key":"Matryoshka"},{"floor":13,"key":"Boot"},{"floor":23,"key":"Bottled Flame"}],"event_choices":[{"event_name":"Liars Game","player_choice":"agreed","floor":2.0,"damage_taken":0.0},{"event_name":"Dead Adventurer","player_choice":"Searched \u00272\u0027 times","floor":8.0,"damage_taken":0.0},{"event_name":"Mushrooms","player_choice":"Healed and dodged fight","floor":10,"damage_taken":0},{"event_name":"The Lab","player_choice":"Got Potions","floor":19,"damage_taken":0},{"event_name":"Transmorgrifier","player_choice":"Transform","floor":21,"damage_taken":0}],"is_beta":false,"boss_relics":[{"not_picked":["Coffee Dripper","Black Blood"],"picked":"Busted Crown"}],"items_purged_floors":[5,11],"is_endless":false,"potions_floor_spawned":[3,8,13,14,16,23],"killed_by":"Book of Stabbing","ascension_level":10}