{"gold_per_floor":[219,233,57,57,57,57,80,80,104,145,145,220,253,266,266,356,356,370,384,8,21,21,21,59,59,107,107,131,56,100,15,15,15],"floor_reached":33,"playtime":1064,"items_purged":["Strike_B"],"score":757,"play_id":"c54a910d-a9ae-4dd5-b096-136f341b7bf7","local_time":"20190102230050","is_ascension_mode":true,"campfire_choices":[{"data":"Sunder","floor":6.0,"key":"SMITH"},{"data":"Defragment","floor":8.0,"key":"SMITH"},{"data":"Defragment","floor":11.0,"key":"SMITH"},{"data":"Zap","floor":15.0,"key":"SMITH"},{"data":"Biased Cognition","floor":23,"key":"SMITH"},{"data":"Biased Cognition","floor":27,"key":"SMITH"},{"floor":32,"key":"REST"}],"neow_cost":"NONE","seed_source_timestamp":147352435285530,"circlet_count":0,"master_deck":["AscendersBane","Strike_B","Strike_B","Strike_B","Defend_B","Defend_B","Defend_B","Defend_B","Zap+1","Dualcast","Glacier","Defragment+1","Defragment+1","Sunder+1","Doom and Gloom","Ball Lightning","Biased Cognition+1","Barrage+1","Genetic Algorithm+1","Hologram","Biased Cognition+1","Biased Cognition","Turbo"],"special_seed":0,"relics":["Cracked Core","Golden Idol","Art of War","Mango","Runic Dome","Bronze Scales","Lee\u0027s Waffle","Pen Nib","Potion Belt","Kunai","Centennial Puzzle"],"potions_floor_usage":[16,24,30,30],"damage_taken":[{"damage":7.0,"enemies":"Jaw Worm","floor":1.0,"turns":3.0},{"damage":0.0,"enemies":"Small Slimes","floor":2.0,"turns":2.0},{"damage":1.0,"enemies":"2 Louse","floor":7.0,"turns":2.0},{"damage":5.0,"enemies":"3 Sentries","floor":10.0,"turns":6.0},{"damage":0.0,"enemies":"Lagavulin","floor":13.0,"turns":7.0},{"damage":0.0,"enemies":"2 Fungi Beasts","floor":14.0,"turns":1.0},{"damage":0,"enemies":"Slime Boss","floor":16,"turns":8},{"damage":8,"enemies":"3 Byrds","floor":18,"turns":4},{"damage":34,"enemies":"2 Thieves","floor":19,"turns":4},{"damage":14,"enemies":"Snake Plant","floor":21,"turns":4},{"damage":21,"enemies":"Gremlin Leader","floor":24,"turns":5},{"damage":15,"enemies":"Chosen and Byrds","floor":28,"turns":5},{"damage":36,"enemies":"Slavers","floor":30,"turns":3},{"damage":41,"enemies":"Champ","floor":33,"turns":13}],"seed_played":"-2837338431548519417","potions_obtained":[{"floor":7.0,"key":"Strength Potion"},{"floor":10.0,"key":"Weak Potion"},{"floor":13.0,"key":"SmokeBomb"},{"floor":14.0,"key":"Swift Potion"},{"floor":19,"key":"Fire Potion"},{"floor":24,"key":"FairyPotion"},{"floor":28,"key":"Block Potion"}],"is_trial":false,"path_per_floor":["M","M","$","?","?","R","M","R","T","E","R","?","E","M","R","B",null,"M","M","$","M","?","R","E","?","T","R","M","$","E","?","R","B"],"character_chosen":"DEFECT","items_purchased":["Defragment","Sunder","Poison Potion","Bronze Scales","Lee\u0027s Waffle"],"campfire_rested":1,"item_purchase_floors":[3,3,3,20,20],"current_hp_per_floor":[57,57,57,62,62,62,61,61,61,56,56,45,59,59,59,59,77,69,35,90,76,76,76,55,55,55,55,40,40,4,4,31,0],"gold":15,"neow_bonus":"HUNDRED_GOLD","is_prod":false,"is_daily":false,"chose_seed":false,"campfire_upgraded":6,"win_rate":0,"timestamp":1546441250,"path_taken":["M","M","$","?","?","R","M","R","T","E","R","?","E","M","R","BOSS","M","M","$","M","?","R","E","?","T","R","?","$","E","?","R","BOSS"],"build_version":"2019-01-01","purchased_purges":1,"victory":false,"max_hp_per_floor":[71,71,71,76,69,69,69,69,69,69,69,69,83,83,83,83,83,83,83,90,90,90,90,90,90,90,90,90,90,90,90,90,90],"card_choices":[{"not_picked":["Steam","Double Energy"],"picked":"Glacier","floor":1.0},{"not_picked":["Leap","Streamline"],"picked":"Defragment","floor":2.0},{"not_picked":["Leap","Rebound"],"picked":"Doom and Gloom","floor":7.0},{"not_picked":["Skim","Sweeping Beam","Streamline"],"picked":"SKIP","floor":10.0},{"not_picked":["Compile Driver","Sweeping Beam"],"picked":"Ball Lightning","floor":13.0},{"not_picked":["Compile Driver","Gash","Tempest"],"picked":"SKIP","floor":14.0},{"not_picked":["Fission","All For One"],"picked":"Biased Cognition","floor":16},{"not_picked":["Ball Lightning","Compile Driver"],"picked":"Barrage+1","floor":18},{"not_picked":["Rebound","Sweeping Beam+1"],"picked":"Genetic Algorithm+1","floor":19},{"not_picked":["Go for the Eyes","White Noise"],"picked":"Hologram","floor":21},{"not_picked":["Skim","Aggregate","Conserve Battery"],"picked":"SKIP","floor":24},{"not_picked":["Static Discharge","Barrage"],"picked":"Biased Cognition","floor":28},{"not_picked":["Consume","Thunder Strike"],"picked":"Turbo","floor":30}],"player_experience":1296398,"relics_obtained":[{"floor":10.0,"key":"Art of War"},{"floor":13.0,"key":"Mango"},{"floor":24,"key":"Pen Nib"},{"floor":26,"key":"Potion Belt"},{"floor":30,"key":"Kunai"}],"event_choices":[{"damage_healed":0.0,"max_hp_gain":5.0,"max_hp_loss":0.0,"gold_gain":0.0,"event_name":"Big Fish","player_choice":"Donut","floor":4.0,"gold_loss":0.0,"damage_taken":0.0},{"damage_healed":0.0,"max_hp_gain":0.0,"max_hp_loss":7.0,"gold_gain":0.0,"event_name":"Golden Idol","player_choice":"Lose Max HP","floor":5.0,"gold_loss":0.0,"damage_taken":0.0,"relics_obtained":["Golden Idol"]},{"damage_healed":0.0,"max_hp_gain":0.0,"max_hp_loss":0.0,"gold_gain":75.0,"event_name":"World of Goop","player_choice":"Gather Gold","floor":12.0,"gold_loss":0.0,"damage_taken":11.0},{"damage_healed":0,"gold_gain":0,"player_choice":"Read","damage_taken":0,"max_hp_gain":0,"max_hp_loss":0,"event_name":"The Library","floor":22,"gold_loss":0,"cards_obtained":["Biased Cognition"]},{"damage_healed":0,"gold_gain":0,"player_choice":"Ignored","damage_taken":0,"max_hp_gain":0,"max_hp_loss":0,"event_name":"Beggar","floor":25,"gold_loss":0},{"damage_healed":0,"gold_gain":0,"player_choice":"Obtained Relic","damage_taken":0,"relics_obtained":["Centennial Puzzle"],"max_hp_gain":0,"max_hp_loss":0,"event_name":"Addict","floor":31,"gold_loss":85}],"is_beta":true,"boss_relics":[{"not_picked":["Ectoplasm","Black Star"],"picked":"Runic Dome"}],"items_purged_floors":[29],"is_endless":false,"potions_floor_spawned":[7,10,13,14,19,24,28],"killed_by":"Champ","ascension_level":20}