{"path_per_floor":["M","$","M","?","?","M","E","R","T","M","R","M","?","M","R","B",null,"M","M","$","M","M","E","M","E","T"],"character_chosen":"THE_SILENT","items_purchased":["The Specimen"],"gold_per_floor":[117,42,59,59,59,72,103,103,128,143,143,160,160,175,175,275,275,295,313,5,21,36,61,81,115,115,115],"floor_reached":27,"campfire_rested":1,"playtime":1011,"item_purchase_floors":[20],"current_hp_per_floor":[58,58,58,58,58,58,40,40,40,37,37,37,37,36,57,54,66,64,44,44,27,25,4,7,3,3,2],"items_purged":["Pain"],"gold":115,"score":399,"play_id":"d717971e-b016-495c-9275-c7d5a46b5302","local_time":"20180525125908","is_prod":false,"is_daily":false,"chose_seed":false,"is_ascension_mode":true,"campfire_upgraded":2,"win_rate":0,"timestamp":1527245948,"campfire_choices":[{"data":"Survivor","floor":8,"key":"SMITH"},{"data":"Terror","floor":11,"key":"SMITH"},{"floor":15,"key":"REST"}],"path_taken":["M","$","M","?","?","M","E","R","T","M","R","M","?","M","R","BOSS","M","M","$","M","M","E","M","E","T","M"],"build_version":"2018-05-24","seed_source_timestamp":95754733559890,"purchased_purges":1,"victory":false,"master_deck":["Defend_G","Defend_G","Defend_G","Defend_G","Defend_G","Strike_G","Strike_G","Strike_G","Strike_G","Strike_G","Survivor+1","Neutralize","Dagger Spray","Crippling Poison+1","Regret","Quick Slash","Cloak And Dagger","Terror+1","Sucker Punch","Underhanded Strike","Leg Sweep","Venomology","Bouncing Flask","Poisoned Stab+1","Well Laid Plans","Bane+1","Dodge and Roll","Backstab+1"],"max_hp_per_floor":[70,70,70,70,70,70,70,70,70,70,70,70,70,70,70,70,70,70,70,70,70,70,70,77,77,77,77],"relics":["Ring of the Snake","Torii","Anchor","Oddly Smooth Stone","Singing Bowl","Runic Dome","The Specimen","Sundial","Shovel","Centennial Puzzle"],"card_choices":[{"not_picked":["Malaise","Skewer"],"picked":"Dagger Spray","floor":1},{"not_picked":["Masterful Stab","PiercingWail"],"picked":"Crippling Poison","floor":3},{"not_picked":["Dagger Spray","Eviscerate"],"picked":"Quick Slash","floor":6},{"not_picked":["Concentrate","Dagger Spray"],"picked":"Cloak And Dagger","floor":7},{"not_picked":["Quick Slash","Predator"],"picked":"Terror","floor":10},{"not_picked":["Dagger Throw","Dagger Spray"],"picked":"Sucker Punch","floor":12},{"not_picked":["Dodge and Roll","Slice"],"picked":"Leg Sweep","floor":14},{"not_picked":["A Thousand Cuts","Doppelganger"],"picked":"Venomology","floor":16},{"not_picked":["Dodge and Roll","Well Laid Plans"],"picked":"Bouncing Flask","floor":18},{"not_picked":["Slice","Prepared"],"picked":"Poisoned Stab+1","floor":19},{"not_picked":["Bane","Cloak And Dagger"],"picked":"Well Laid Plans","floor":21},{"not_picked":["Corpse Explosion","Malaise"],"picked":"Bane+1","floor":22},{"not_picked":["All Out Attack","Well Laid Plans"],"picked":"Dodge and Roll","floor":23},{"not_picked":["Slice","Riddle With Holes","Sucker Punch"],"picked":"Singing Bowl","floor":24},{"not_picked":["Sucker Punch+1","Underhanded Strike+1"],"picked":"Backstab+1","floor":25}],"player_experience":517164,"potions_floor_usage":[7,16,16,18,19,21,21,23,24,24,25,27],"damage_taken":[{"damage":5,"enemies":"Small Slimes","floor":1,"turns":3},{"damage":0,"enemies":"Cultist","floor":3,"turns":4},{"damage":0,"enemies":"2 Louse","floor":6,"turns":2},{"damage":18,"enemies":"Gremlin Nob","floor":7,"turns":4},{"damage":3,"enemies":"Blue Slaver","floor":10,"turns":4},{"damage":0,"enemies":"3 Louse","floor":12,"turns":1},{"damage":1,"enemies":"Exordium Wildlife","floor":14,"turns":2},{"damage":3,"enemies":"Slime Boss","floor":16,"turns":7},{"damage":2,"enemies":"Shell Parasite","floor":18,"turns":4},{"damage":20,"enemies":"Spheric Guardian","floor":19,"turns":5},{"damage":17,"enemies":"Centurion and Healer","floor":21,"turns":5},{"damage":2,"enemies":"Snecko","floor":22,"turns":5},{"damage":21,"enemies":"Gremlin Leader","floor":23,"turns":4},{"damage":4,"enemies":"3 Cultists","floor":24,"turns":6},{"damage":4,"enemies":"Slavers","floor":25,"turns":4},{"damage":1,"enemies":"Centurion and Healer","floor":27,"turns":3}],"relics_obtained":[{"floor":7,"key":"Oddly Smooth Stone"},{"floor":9,"key":"Singing Bowl"},{"floor":23,"key":"Sundial"},{"floor":25,"key":"Shovel"},{"floor":26,"key":"Centennial Puzzle"}],"event_choices":[{"event_name":"Upgrade Shrine","player_choice":"Upgraded","floor":4,"damage_taken":0},{"event_name":"Big Fish","player_choice":"Box","floor":5,"damage_taken":0},{"event_name":"Match and Keep!","player_choice":"1 cards matched","floor":13,"damage_taken":0}],"boss_relics":[{"not_picked":["Sozu","Ectoplasm"],"picked":"Runic Dome"}],"items_purged_floors":[2],"potions_floor_spawned":[6,7,14,16,22,23],"seed_played":"-4424621644945448142","killed_by":"Centurion and Healer","ascension_level":6,"potions_obtained":[{"floor":6,"key":"AttackPotion"},{"floor":7,"key":"SteroidPotion"},{"floor":14,"key":"SteroidPotion"},{"floor":16,"key":"Explosive Potion"},{"floor":22,"key":"LiquidBronze"},{"floor":23,"key":"Fruit Juice"}],"is_trial":false}