{"path_per_floor":["M","M","M","?","M","E","$","R","T","M","M","M","E","M","R","B",null,"M","?","?","M","M","?","E","R","T","R","T","M"],"character_chosen":"IRONCLAD","items_purchased":["Mercury Hourglass"],"gold_per_floor":[115,127,146,221,234,266,21,21,21,39,59,73,106,126,126,231,231,250,250,250,237,257,257,288,288,288,288,336,354,354],"floor_reached":30,"campfire_rested":2,"playtime":1782,"item_purchase_floors":[7],"current_hp_per_floor":[71,70,68,57,49,48,48,48,48,54,60,66,40,45,45,38,70,64,64,56,43,51,51,18,34,34,50,50,45,21],"items_purged":[],"gold":354,"score":381,"play_id":"a808dc82-2256-4a4d-8b82-2ab583e3f836","local_time":"20180619003747","is_prod":false,"is_daily":false,"chose_seed":false,"is_ascension_mode":true,"campfire_upgraded":2,"win_rate":0,"timestamp":1529361467,"campfire_choices":[{"data":"Flame Barrier","floor":8,"key":"SMITH"},{"data":"Spot Weakness","floor":15,"key":"SMITH"},{"floor":25,"key":"REST"},{"floor":27,"key":"REST"}],"path_taken":["M","M","M","?","M","E","$","R","T","M","M","M","E","M","R","BOSS","M","?","?","M","M","?","E","R","T","R","?","?","E"],"build_version":"2018-06-14v2","seed_source_timestamp":455446186284448,"purchased_purges":0,"victory":false,"master_deck":["Defend_R","Defend_R","Defend_R","Defend_R","Bash+1","Dropkick","True Grit","Flame Barrier","Flame Barrier+1","Spot Weakness+1","Whirlwind","Pommel Strike","Twin Strike","Sword Boomerang","Fire Breathing","Limit Break","Armaments","Bite","Bite+1","Bite","Bite","Bite","Body Slam+1","Sword Boomerang","Thunderclap+1"],"max_hp_per_floor":[80,80,80,80,80,80,80,80,80,80,80,80,80,80,80,80,80,80,80,56,56,56,56,56,56,56,56,56,56,56],"special_seed":17700,"relics":["Burning Blood","Oddly Smooth Stone","Mercury Hourglass","Bottled Lightning","Calipers","White Beast Statue","Art of War","Centennial Puzzle","Whetstone"],"card_choices":[{"not_picked":["Searing Blow","Perfected Strike"],"picked":"Dropkick","floor":1},{"not_picked":["Shockwave","Searing Blow"],"picked":"True Grit","floor":2},{"not_picked":["Fire Breathing","Rampage"],"picked":"Flame Barrier","floor":3},{"not_picked":["Anger","Dual Wield"],"picked":"Flame Barrier","floor":5},{"not_picked":["Thunderclap","Battle Trance"],"picked":"Spot Weakness","floor":6},{"not_picked":["Hemokinesis","Seeing Red"],"picked":"Whirlwind","floor":10},{"not_picked":["Bloodletting","Shockwave"],"picked":"Pommel Strike","floor":11},{"not_picked":["Searing Blow","Clothesline"],"picked":"Twin Strike","floor":12},{"not_picked":["Feel No Pain","Blood for Blood"],"picked":"Sword Boomerang","floor":13},{"not_picked":["Combust","Clash"],"picked":"Fire Breathing","floor":14},{"not_picked":["Berserk","Brutality"],"picked":"Limit Break","floor":16},{"not_picked":["True Grit","Pommel Strike"],"picked":"Armaments","floor":18},{"not_picked":["Twin Strike","Wild Strike+1"],"picked":"Body Slam+1","floor":21},{"not_picked":["Clothesline","Cleave"],"picked":"Sword Boomerang","floor":22},{"not_picked":["Barricade","Combust"],"picked":"Thunderclap","floor":24},{"not_picked":["Heavy Blade","Entrench+1","Clash"],"picked":"SKIP","floor":29}],"player_experience":750366,"potions_floor_usage":[6,6,12,16,18,22,24,24,24,29,30],"damage_taken":[{"damage":7,"enemies":"Jaw Worm","floor":1,"turns":3},{"damage":7,"enemies":"Small Slimes","floor":2,"turns":3},{"damage":8,"enemies":"2 Louse","floor":3,"turns":3},{"damage":14,"enemies":"Blue Slaver","floor":5,"turns":5},{"damage":7,"enemies":"3 Sentries","floor":6,"turns":11},{"damage":0,"enemies":"Exordium Wildlife","floor":10,"turns":3},{"damage":0,"enemies":"Looter","floor":11,"turns":3},{"damage":0,"enemies":"Exordium Thugs","floor":12,"turns":3},{"damage":32,"enemies":"Gremlin Nob","floor":13,"turns":4},{"damage":1,"enemies":"Red Slaver","floor":14,"turns":4},{"damage":13,"enemies":"Slime Boss","floor":16,"turns":8},{"damage":12,"enemies":"3 Byrds","floor":18,"turns":4},{"damage":25,"enemies":"2 Thieves","floor":21,"turns":4},{"damage":6,"enemies":"Centurion and Healer","floor":22,"turns":5},{"damage":45,"enemies":"Gremlin Leader","floor":24,"turns":6},{"damage":17,"enemies":"Snecko","floor":29,"turns":5},{"damage":29,"enemies":"Book of Stabbing","floor":30,"turns":3}],"relics_obtained":[{"floor":6,"key":"Oddly Smooth Stone"},{"floor":9,"key":"Bottled Lightning"},{"floor":13,"key":"Calipers"},{"floor":24,"key":"Art of War"},{"floor":26,"key":"Centennial Puzzle"},{"floor":28,"key":"Whetstone"}],"event_choices":[{"event_name":"World of Goop","player_choice":"Gather Gold","floor":4,"damage_taken":0},{"event_name":"Ghosts","player_choice":"Ignored","floor":19,"damage_taken":0},{"event_name":"Vampires","player_choice":"Became a vampire","floor":20,"damage_taken":0},{"event_name":"The Lab","player_choice":"Got Potions","floor":23,"damage_taken":0}],"boss_relics":[{"not_picked":["Lizard Tail","Snecko Eye"],"picked":"White Beast Statue"}],"items_purged_floors":[],"is_endless":false,"potions_floor_spawned":[1,5,10,13,16,18,21,22,24,29],"seed_played":"-7937737757165316621","killed_by":"Book of Stabbing","ascension_level":7,"potions_obtained":[{"floor":1,"key":"PowerPotion"},{"floor":5,"key":"PowerPotion"},{"floor":10,"key":"Energy Potion"},{"floor":13,"key":"Strength Potion"},{"floor":16,"key":"Energy Potion"},{"floor":18,"key":"SpeedPotion"},{"floor":21,"key":"SpeedPotion"},{"floor":22,"key":"Dexterity Potion"},{"floor":23,"key":"Block Potion"},{"floor":24,"key":"SpeedPotion"},{"floor":29,"key":"Explosive Potion"}],"is_trial":false}