{"gold_per_floor":[118,118,135,410,427,462,478,478,502,559,559],"floor_reached":11,"playtime":377,"items_purged":[],"score":120,"play_id":"36eeb5ce-2f5b-4278-9dcf-d7c64123d5b0","local_time":"20180818194515","is_ascension_mode":true,"campfire_choices":[{"floor":8,"key":"REST"}],"neow_cost":"NONE","seed_source_timestamp":340851516868131,"circlet_count":0,"master_deck":["Defend_G","Defend_G","Defend_G","Defend_G","Defend_G","Strike_G","Strike_G","Strike_G","Strike_G","Survivor","Neutralize","Footwork","Setup","Dagger Throw","Regret","Noxious Fumes","Noxious Fumes","Catalyst","Bouncing Flask","Bane"],"relics":["Runic Dome","Dream Catcher","Bronze Scales","Tiny Chest"],"potions_floor_usage":[6,6,10],"damage_taken":[{"damage":3,"enemies":"Jaw Worm","floor":1,"turns":6},{"damage":0,"enemies":"Cultist","floor":3,"turns":5},{"damage":3,"enemies":"2 Louse","floor":5,"turns":4},{"damage":23,"enemies":"Lagavulin","floor":6,"turns":9},{"damage":8,"enemies":"Exordium Thugs","floor":7,"turns":5},{"damage":28,"enemies":"Gremlin Nob","floor":10,"turns":5},{"damage":19,"enemies":"Lots of Slimes","floor":11,"turns":2}],"seed_played":"2884576467324898893","potions_obtained":[{"floor":1,"key":"SteroidPotion"},{"floor":5,"key":"Swift Potion"},{"floor":7,"key":"Block Potion"}],"is_trial":false,"path_per_floor":["M","?","M","?","M","E","M","R","T","E"],"character_chosen":"THE_SILENT","items_purchased":[],"campfire_rested":1,"item_purchase_floors":[],"current_hp_per_floor":[60,60,60,60,57,34,26,47,47,19,0],"gold":559,"neow_bonus":"BOSS_RELIC","is_prod":false,"is_daily":false,"chose_seed":false,"campfire_upgraded":0,"win_rate":0,"timestamp":1534614315,"path_taken":["M","?","?","?","M","E","M","R","T","E","M"],"build_version":"2018-08-16","purchased_purges":0,"victory":false,"max_hp_per_floor":[70,70,70,70,70,70,70,70,70,70,70],"card_choices":[{"not_picked":["Bane","Heel Hook"],"picked":"Footwork","floor":1},{"not_picked":["Concentrate","Underhanded Strike"],"picked":"Dagger Throw","floor":3},{"not_picked":["All Out Attack","Dagger Spray"],"picked":"Noxious Fumes","floor":5},{"not_picked":["Slice","Heel Hook"],"picked":"Noxious Fumes","floor":6},{"not_picked":["Eviscerate","Well Laid Plans"],"picked":"Catalyst","floor":7},{"not_picked":["All Out Attack","Distraction"],"picked":"Bouncing Flask","floor":8},{"not_picked":["Slice","PiercingWail"],"picked":"Bane","floor":10}],"player_experience":893259,"relics_obtained":[{"floor":6,"key":"Dream Catcher"},{"floor":9,"key":"Bronze Scales"},{"floor":10,"key":"Tiny Chest"}],"event_choices":[{"event_name":"Transmorgrifier","player_choice":"Transform","floor":2,"damage_taken":0},{"event_name":"Golden Shrine","player_choice":"Desecrate","floor":4,"damage_taken":0}],"is_beta":false,"boss_relics":[],"items_purged_floors":[],"is_endless":false,"potions_floor_spawned":[1,5,7],"killed_by":"Lots of Slimes","ascension_level":9}