{"gold_per_floor":[112,130,148,168,183,183,213,213,213,213,213,239,253,287,287,363,363,363,363,363,363,266,266,266,266,266,266,266,266,266,266,266,266,266,266,266,266,186,186,186,186,186,186,186,186,186],"floor_reached":46,"playtime":2495,"items_purged":[],"score":1201,"play_id":"512ad902-6fcd-4514-9c2c-5b822315abaf","local_time":"20190214191728","is_ascension_mode":true,"campfire_choices":[{"data":"Endless Agony","floor":6.0,"key":"SMITH"},{"data":"Glass Knife","floor":8.0,"key":"SMITH"},{"data":"Neutralize","floor":11.0,"key":"SMITH"},{"data":"Bouncing Flask","floor":15.0,"key":"SMITH"},{"data":"Footwork","floor":23.0,"key":"SMITH"},{"floor":27.0,"key":"REST"},{"floor":32.0,"key":"REST"},{"floor":40.0,"key":"REST"},{"floor":45.0,"key":"REST"}],"neow_cost":"NONE","seed_source_timestamp":100728142478457,"circlet_count":0,"master_deck":["AscendersBane","Defend_G","Defend_G","Defend_G","Defend_G+1","Defend_G","Strike_G","Strike_G","Strike_G","Strike_G","Strike_G","Survivor+1","Neutralize+1","Endless Agony+1","Leg Sweep","Poisoned Stab","Leg Sweep","Quick Slash","Glass Knife+1","Bouncing Flask+1","Deadly Poison","Escape Plan","Adrenaline","Endless Agony+1","RitualDagger","Footwork+1","Well Laid Plans","Cloak And Dagger","Backflip","Calculated Gamble","Well Laid Plans","Backflip","Crippling Poison","Burst","PiercingWail","Cloak And Dagger+1","Noxious Fumes","PiercingWail","Acrobatics","Cloak And Dagger","Footwork"],"special_seed":0,"relics":["Ring of the Snake","War Paint","Matryoshka","Strawberry","Incense Burner","Ectoplasm","Ice Cream","Oddly Smooth Stone","Question Card","Sozu","WingedGreaves","Anchor","Mummified Hand","Dodecahedron","Shovel"],"potions_floor_usage":[],"damage_taken":[{"damage":1.0,"enemies":"Small Slimes","floor":1.0,"turns":5.0},{"damage":0.0,"enemies":"Cultist","floor":2.0,"turns":3.0},{"damage":2.0,"enemies":"Jaw Worm","floor":3.0,"turns":5.0},{"damage":1.0,"enemies":"2 Fungi Beasts","floor":4.0,"turns":5.0},{"damage":1.0,"enemies":"Looter","floor":5.0,"turns":4.0},{"damage":14.0,"enemies":"3 Sentries","floor":7.0,"turns":11.0},{"damage":0.0,"enemies":"Gremlin Nob","floor":12.0,"turns":3.0},{"damage":4.0,"enemies":"3 Louse","floor":13.0,"turns":6.0},{"damage":20.0,"enemies":"Lagavulin","floor":14.0,"turns":7.0},{"damage":10.0,"enemies":"The Guardian","floor":16.0,"turns":11.0},{"damage":6.0,"enemies":"Shell Parasite","floor":18.0,"turns":4.0},{"damage":0.0,"enemies":"Spheric Guardian","floor":21.0,"turns":3.0},{"damage":30.0,"enemies":"Book of Stabbing","floor":24.0,"turns":7.0},{"damage":1.0,"enemies":"Snake Plant","floor":25.0,"turns":5.0},{"damage":2.0,"enemies":"Cultist and Chosen","floor":29.0,"turns":6.0},{"damage":21.0,"enemies":"Slavers","floor":30.0,"turns":7.0},{"damage":0.0,"enemies":"Centurion and Healer","floor":31.0,"turns":5.0},{"damage":17.0,"enemies":"Automaton","floor":33.0,"turns":14.0},{"damage":2.0,"enemies":"3 Darklings","floor":35.0,"turns":9.0},{"damage":0.0,"enemies":"3 Shapes","floor":36.0,"turns":2.0},{"damage":25.0,"enemies":"2 Orb Walkers","floor":39.0,"turns":7.0},{"damage":13.0,"enemies":"Jaw Worm Horde","floor":41.0,"turns":6.0},{"damage":21.0,"enemies":"Giant Head","floor":42.0,"turns":10.0},{"damage":0.0,"enemies":"Nemesis","floor":44.0,"turns":7.0},{"damage":43,"enemies":"Reptomancer","floor":46,"turns":3}],"seed_played":"-4741717873604414561","potions_obtained":[{"floor":0.0,"key":"EntropicBrew"},{"floor":0.0,"key":"Energy Potion"},{"floor":1.0,"key":"Fire Potion"},{"floor":10.0,"key":"EntropicBrew"},{"floor":10.0,"key":"Weak Potion"},{"floor":12.0,"key":"Regen Potion"},{"floor":13.0,"key":"Ancient Potion"},{"floor":21.0,"key":"Fire Potion"},{"floor":29.0,"key":"Fire Potion"},{"floor":30.0,"key":"SpeedPotion"},{"floor":33.0,"key":"SpeedPotion"}],"is_trial":false,"path_per_floor":["M","M","M","M","M","R","E","R","T","?","R","E","M","E","R","B",null,"M","?","?","M","$","R","E","M","T","R","?","M","E","M","R","B",null,"M","M","?","$","?","R","M","E","T","E","R","E"],"character_chosen":"THE_SILENT","items_purchased":["Well Laid Plans","Cloak And Dagger","Noxious Fumes"],"campfire_rested":4,"item_purchase_floors":[22,22,38],"current_hp_per_floor":[58,58,56,55,54,54,40,40,40,40,40,47,58,38,38,28,62,56,50,50,50,50,50,20,19,19,40,40,38,17,17,38,21,60,58,58,58,58,33,54,41,20,20,20,41,0],"gold":186,"neow_bonus":"THREE_SMALL_POTIONS","is_prod":false,"is_daily":false,"chose_seed":false,"campfire_upgraded":5,"win_rate":0,"timestamp":1550189848,"path_taken":["M","M","M","M","M","R","E","R","T","?","R","E","M","E","R","BOSS","M","?","?","M","?","R","E","M","T","R","?","M","E","M","R","BOSS","M","M","?","$","?","R","M","E","T","E","R","E"],"build_version":"2019-01-23","purchased_purges":0,"victory":false,"max_hp_per_floor":[66,66,66,66,66,66,66,66,66,66,66,73,73,73,73,73,73,73,73,73,73,73,73,73,73,73,73,73,73,73,73,73,73,73,73,73,73,73,73,73,73,73,73,73,73,73],"card_choices":[{"not_picked":["Acrobatics","Flying Knee"],"picked":"Endless Agony","floor":1.0},{"not_picked":["Deadly Poison","Concentrate"],"picked":"Leg Sweep","floor":2.0},{"not_picked":["Calculated Gamble","PiercingWail"],"picked":"Poisoned Stab","floor":3.0},{"not_picked":["Backflip","Acrobatics"],"picked":"Leg Sweep","floor":4.0},{"not_picked":["Cloak And Dagger","Finisher"],"picked":"Quick Slash","floor":5.0},{"not_picked":["Leg Sweep","Phantasmal Killer"],"picked":"Glass Knife","floor":7.0},{"not_picked":["Blade Dance","Underhanded Strike"],"picked":"Bouncing Flask","floor":12.0},{"not_picked":["Sucker Punch","Endless Agony"],"picked":"Deadly Poison","floor":13.0},{"not_picked":["Riddle With Holes","Blade Dance"],"picked":"Escape Plan","floor":14.0},{"not_picked":["Night Terror","Burst"],"picked":"Adrenaline","floor":16.0},{"not_picked":["Backflip","Underhanded Strike"],"picked":"Endless Agony+1","floor":18.0},{"not_picked":["Dodge and Roll","Predator"],"picked":"Footwork","floor":21.0},{"not_picked":["Dodge and Roll","Concentrate"],"picked":"Backflip","floor":24.0},{"not_picked":["All Out Attack","Accuracy+1"],"picked":"Calculated Gamble","floor":25.0},{"not_picked":["Blade Dance+1","Underhanded Strike","Poisoned Stab"],"picked":"SKIP","floor":29.0},{"not_picked":["Flying Knee","Infinite Blades"],"picked":"Backflip","floor":30.0},{"not_picked":["Well Laid Plans","Masterful Stab","Heel Hook"],"picked":"Crippling Poison","floor":31.0},{"not_picked":["Doppelganger","Storm of Steel","Unload"],"picked":"Burst","floor":33.0},{"not_picked":["Terror","Deadly Poison+1","Flying Knee+1"],"picked":"PiercingWail","floor":35.0},{"not_picked":["Prepared","Dagger Throw","Endless Agony"],"picked":"Cloak And Dagger+1","floor":36.0},{"not_picked":["Dodge and Roll","Dagger Throw","Slice"],"picked":"PiercingWail","floor":39.0},{"not_picked":["Slice","Flying Knee","Dodge and Roll"],"picked":"Acrobatics","floor":41.0},{"not_picked":["Escape Plan","PiercingWail","Dash"],"picked":"Cloak And Dagger","floor":42.0},{"not_picked":["Flying Knee","Bouncing Flask+1","Slice+1"],"picked":"Footwork","floor":44.0}],"player_experience":1207942,"relics_obtained":[{"floor":7.0,"key":"War Paint"},{"floor":9.0,"key":"Matryoshka"},{"floor":12.0,"key":"Strawberry"},{"floor":14.0,"key":"Incense Burner"},{"floor":24.0,"key":"Ice Cream"},{"floor":26.0,"key":"Oddly Smooth Stone"},{"floor":30.0,"key":"Question Card"},{"floor":39.0,"key":"WingedGreaves"},{"floor":42.0,"key":"Anchor"},{"floor":43.0,"key":"Mummified Hand"},{"floor":43.0,"key":"Dodecahedron"},{"floor":44.0,"key":"Shovel"}],"event_choices":[{"damage_healed":0.0,"max_hp_gain":0.0,"max_hp_loss":0.0,"gold_gain":0.0,"event_name":"Lab","player_choice":"Got Potions","floor":10.0,"gold_loss":0.0,"damage_taken":0.0},{"damage_healed":0.0,"max_hp_gain":0.0,"max_hp_loss":0.0,"gold_gain":0.0,"event_name":"Nest","player_choice":"Joined the Cult","floor":19.0,"gold_loss":0.0,"damage_taken":6.0,"cards_obtained":["RitualDagger"]},{"damage_healed":0.0,"max_hp_gain":0.0,"max_hp_loss":0.0,"gold_gain":0.0,"event_name":"Vampires","player_choice":"Ignored","floor":20.0,"gold_loss":0.0,"damage_taken":0.0},{"damage_healed":0.0,"max_hp_gain":0.0,"max_hp_loss":0.0,"gold_gain":0.0,"event_name":"The Library","player_choice":"Read","floor":28.0,"gold_loss":0.0,"damage_taken":0.0,"cards_obtained":["Well Laid Plans"]},{"damage_healed":0.0,"max_hp_gain":0.0,"max_hp_loss":0.0,"gold_gain":0.0,"event_name":"Tomb of Lord Red Mask","player_choice":"Ignored","floor":37.0,"gold_loss":0.0,"damage_taken":0.0},{"damage_healed":0.0,"max_hp_gain":0.0,"max_hp_loss":0.0,"gold_gain":0.0,"event_name":"Mysterious Sphere","player_choice":"Fight","floor":39.0,"gold_loss":0.0,"damage_taken":0.0}],"is_beta":false,"boss_relics":[{"not_picked":["Eternal Feather","Philosopher\u0027s Stone"],"picked":"Ectoplasm"},{"not_picked":["Tiny House","HoveringKite"],"picked":"Sozu"}],"items_purged_floors":[],"is_endless":false,"potions_floor_spawned":[1,4,12,13,21,29,30,33,36,42],"killed_by":"Reptomancer","ascension_level":20}