{"gold_per_floor":[117,137,150,70,80,80,80,80,80,113,125,151,162,173,173,244,244,262,280,154,154,154,154,188,188,188,199,234,234,288,305,305,377,377,389,389,308,308,663,663,688,386,386,386,386,414,424,442,442,442,442,442,442,0,31,31],"floor_reached":56,"playtime":3526,"items_purged":["Strike_R","Anger+1","Strike_R+1"],"score":2181,"play_id":"2445f346-7d3e-4bee-8e70-dd8ff13a74de","local_time":"20190205011905","is_ascension_mode":true,"campfire_choices":[{"data":"Bash","floor":6.0,"key":"SMITH"},{"data":"Shockwave","floor":8.0,"key":"SMITH"},{"data":"Corruption","floor":15.0,"key":"SMITH"},{"floor":23.0,"key":"REST"},{"data":"Burning Pact","floor":25.0,"key":"SMITH"},{"data":"Uppercut","floor":29.0,"key":"SMITH"},{"data":"Disarm","floor":32.0,"key":"SMITH"},{"floor":40.0,"key":"RECALL"},{"data":"Demon Form","floor":44.0,"key":"SMITH"},{"data":"Feel No Pain","floor":49.0,"key":"SMITH"},{"data":"Shockwave","floor":53.0,"key":"SMITH"}],"neow_cost":"NONE","seed_source_timestamp":154963467701527,"circlet_count":0,"master_deck":["AscendersBane","Defend_R+1","Defend_R+1","Defend_R+1","Defend_R+1","Bash+1","Double Tap","Rampage","Shockwave+1","Shrug It Off","Burning Pact+1","Flame Barrier","Shrug It Off","Corruption+1","Sentinel","Immolate+1","Entrench","Shrug It Off","Entrench","Uppercut+1","Disarm+1","Iron Wave+1","Demon Form+1","Sentinel+1","Battle Trance+1","Feel No Pain+1","Offering","Shockwave+1","Shrug It Off+1","Flame Barrier","Disarm+1","Flame Barrier+1","Corruption","Clothesline","Feel No Pain"],"special_seed":0,"relics":["Burning Blood","Question Card","Bottled Lightning","Bronze Scales","Snecko Eye","Lantern","Gremlin Horn","Champion Belt","Omamori","Astrolabe","Old Coin","Whetstone","Bag of Preparation","Calipers","Bag of Marbles"],"potions_floor_usage":[56,56],"damage_taken":[{"damage":6.0,"enemies":"Cultist","floor":1.0,"turns":3.0},{"damage":12.0,"enemies":"Jaw Worm","floor":2.0,"turns":2.0},{"damage":9.0,"enemies":"2 Louse","floor":3.0,"turns":4.0},{"damage":14.0,"enemies":"Blue Slaver","floor":5.0,"turns":7.0},{"damage":15.0,"enemies":"Lagavulin","floor":10.0,"turns":5.0},{"damage":8.0,"enemies":"Large Slime","floor":11.0,"turns":5.0},{"damage":8.0,"enemies":"3 Sentries","floor":12.0,"turns":8.0},{"damage":3.0,"enemies":"Looter","floor":13.0,"turns":3.0},{"damage":0.0,"enemies":"2 Fungi Beasts","floor":14.0,"turns":3.0},{"damage":46.0,"enemies":"The Guardian","floor":16.0,"turns":9.0},{"damage":0.0,"enemies":"3 Byrds","floor":18.0,"turns":2.0},{"damage":16.0,"enemies":"Shell Parasite","floor":19.0,"turns":3.0},{"damage":0.0,"enemies":"Slavers","floor":24.0,"turns":1.0},{"damage":0.0,"enemies":"Snecko","floor":27.0,"turns":4.0},{"damage":0.0,"enemies":"Gremlin Leader","floor":28.0,"turns":4.0},{"damage":4.0,"enemies":"Snake Plant","floor":31.0,"turns":3.0},{"damage":46.0,"enemies":"Automaton","floor":33.0,"turns":10.0},{"damage":0.0,"enemies":"3 Darklings","floor":35.0,"turns":5.0},{"damage":20.0,"enemies":"2 Orb Walkers","floor":39.0,"turns":4.0},{"damage":6.0,"enemies":"Giant Head","floor":41.0,"turns":6.0},{"damage":11.0,"enemies":"Nemesis","floor":46.0,"turns":11.0},{"damage":3.0,"enemies":"Orb Walker","floor":47.0,"turns":4.0},{"damage":0.0,"enemies":"Writhing Mass","floor":48.0,"turns":7.0},{"damage":0.0,"enemies":"Time Eater","floor":50.0,"turns":12.0},{"damage":9.0,"enemies":"Donu and Deca","floor":51.0,"turns":9.0},{"damage":33.0,"enemies":"Shield and Spear","floor":55.0,"turns":8.0},{"damage":75,"enemies":"The Heart","floor":56,"turns":9}],"seed_played":"-5571882823411392601","potions_obtained":[{"floor":1.0,"key":"EssenceOfSteel"},{"floor":7.0,"key":"Fruit Juice"},{"floor":7.0,"key":"AttackPotion"},{"floor":12.0,"key":"SteroidPotion"},{"floor":13.0,"key":"Explosive Potion"},{"floor":18.0,"key":"FearPotion"},{"floor":24.0,"key":"Energy Potion"},{"floor":31.0,"key":"FairyPotion"},{"floor":46.0,"key":"EntropicBrew"},{"floor":55.0,"key":"Weak Potion"}],"is_trial":false,"path_per_floor":["M","M","M","$","M","R","?","R","T","E","M","E","M","M","R","B",null,"M","M","$","?","?","R","E","R","T","M","E","R","T","M","R","B",null,"M","?","$","?","?","R","E","$","T","R","?","E","M","M","R","B","B",null,"R","$","E","B"],"character_chosen":"IRONCLAD","items_purchased":["Burning Pact","Shrug It Off","Offering","Flame Barrier","Bag of Preparation","Corruption","FearPotion","Bag of Marbles","Clothesline"],"campfire_rested":1,"item_purchase_floors":[4,20,37,42,42,54,54,54,54],"current_hp_per_floor":[68,62,59,59,51,51,56,56,56,47,45,43,46,52,52,12,63,69,59,59,59,36,61,67,67,67,73,79,79,79,81,81,41,74,80,80,80,80,66,66,66,66,66,66,66,61,64,70,70,76,73,79,79,79,52,0],"gold":31,"neow_bonus":"ONE_RANDOM_RARE_CARD","is_prod":false,"is_daily":false,"chose_seed":false,"campfire_upgraded":9,"win_rate":0,"timestamp":1549347545,"path_taken":["M","M","M","$","M","R","?","R","T","E","?","E","M","M","R","BOSS","M","?","$","?","?","R","E","R","T","M","E","R","?","M","R","BOSS","M","?","$","?","?","R","E","$","T","R","?","E","?","M","R","BOSS","BOSS","R","$","E","BOSS"],"build_version":"2019-01-23","purchased_purges":3,"victory":false,"max_hp_per_floor":[75,75,75,75,75,75,80,80,80,80,80,80,80,80,80,80,80,80,80,80,80,85,85,85,85,85,85,85,85,85,85,85,85,85,85,81,81,81,81,81,81,81,81,81,81,81,81,81,81,81,81,81,81,81,81,81],"card_choices":[{"not_picked":["Iron Wave","Headbutt"],"picked":"Rampage","floor":1.0},{"not_picked":["Reckless Charge","Twin Strike"],"picked":"Shockwave","floor":2.0},{"not_picked":["Havoc","Anger"],"picked":"Shrug It Off","floor":3.0},{"not_picked":["Double Tap","Clash"],"picked":"Anger","floor":5.0},{"not_picked":["Shrug It Off","Sentinel","Dual Wield"],"picked":"Flame Barrier","floor":10.0},{"not_picked":["Anger","True Grit","Second Wind"],"picked":"Shrug It Off","floor":11.0},{"not_picked":["Power Through","Shrug It Off","Anger"],"picked":"Corruption","floor":12.0},{"not_picked":["Twin Strike","Searing Blow","Sword Boomerang","Carnage"],"picked":"SKIP","floor":13.0},{"not_picked":["Berserk","Havoc","Dual Wield"],"picked":"Sentinel","floor":14.0},{"not_picked":["Brutality","Double Tap","Berserk"],"picked":"Immolate","floor":16.0},{"not_picked":["Wild Strike","Armaments","Clothesline","Hemokinesis+1"],"picked":"SKIP","floor":18.0},{"not_picked":["Searing Blow","Flex","Dual Wield+1"],"picked":"Entrench","floor":19.0},{"not_picked":["Seeing Red","Sword Boomerang","True Grit"],"picked":"Entrench","floor":24.0},{"not_picked":["Seeing Red","Heavy Blade","Corruption"],"picked":"Uppercut","floor":27.0},{"not_picked":["Limit Break","Wild Strike","Flame Barrier"],"picked":"Disarm","floor":28.0},{"not_picked":["Twin Strike","Clash","Flex"],"picked":"Iron Wave","floor":31.0},{"not_picked":["Dark Embrace","Bludgeon","Feed"],"picked":"Demon Form","floor":33.0},{"not_picked":["Warcry","Cleave","Wild Strike"],"picked":"Feel No Pain","floor":35.0},{"not_picked":["Sword Boomerang+1","Pummel","Havoc"],"picked":"Shockwave","floor":39.0},{"not_picked":["Entrench","Fire Breathing+1","Infernal Blade"],"picked":"Shrug It Off+1","floor":41.0},{"not_picked":["Warcry","Clothesline","Iron Wave","Cleave"],"picked":"SKIP","floor":46.0},{"not_picked":["Second Wind","Iron Wave","Cleave","Clash+1"],"picked":"SKIP","floor":47.0},{"not_picked":["Armaments","Blood for Blood","Carnage"],"picked":"Flame Barrier+1","floor":48.0},{"not_picked":["Clash","Evolve","Burning Pact+1"],"picked":"Feel No Pain","floor":55.0}],"player_experience":1129650,"relics_obtained":[{"floor":9.0,"key":"Question Card"},{"floor":10.0,"key":"Bottled Lightning"},{"floor":12.0,"key":"Bronze Scales"},{"floor":24.0,"key":"Lantern"},{"floor":26.0,"key":"Gremlin Horn"},{"floor":28.0,"key":"Champion Belt"},{"floor":30.0,"key":"Omamori"},{"floor":39.0,"key":"Old Coin"},{"floor":41.0,"key":"Whetstone"},{"floor":46.0,"key":"Calipers"}],"event_choices":[{"damage_healed":0.0,"max_hp_gain":0.0,"max_hp_loss":0.0,"gold_gain":0.0,"event_name":"Lab","player_choice":"Got Potions","floor":7.0,"gold_loss":0.0,"damage_taken":0.0},{"damage_healed":0.0,"max_hp_gain":0.0,"max_hp_loss":0.0,"gold_gain":0.0,"event_name":"Back to Basics","player_choice":"Simplicity","floor":21.0,"gold_loss":0.0,"damage_taken":0.0,"cards_upgraded":["Strike_R","Strike_R","Strike_R","Strike_R","Defend_R","Defend_R","Defend_R","Defend_R"]},{"damage_healed":0.0,"max_hp_gain":5.0,"max_hp_loss":0.0,"gold_gain":0.0,"event_name":"Forgotten Altar","player_choice":"Shed Blood","floor":22.0,"gold_loss":0.0,"damage_taken":28.0},{"damage_healed":0.0,"max_hp_gain":0.0,"max_hp_loss":4.0,"gold_gain":0.0,"event_name":"Winding Halls","player_choice":"Max HP","floor":36.0,"gold_loss":0.0,"damage_taken":0.0},{"cards_removed":["Strike_R"],"damage_healed":0.0,"max_hp_gain":0.0,"max_hp_loss":0.0,"gold_gain":0.0,"event_name":"Falling","player_choice":"Removed Attack","floor":38.0,"gold_loss":0.0,"damage_taken":0.0},{"damage_healed":0.0,"max_hp_gain":0.0,"max_hp_loss":0.0,"gold_gain":0.0,"event_name":"Mysterious Sphere","player_choice":"Fight","floor":39.0,"gold_loss":0.0,"damage_taken":0.0},{"damage_healed":0.0,"max_hp_gain":0.0,"max_hp_loss":0.0,"gold_gain":0.0,"event_name":"Duplicator","player_choice":"Copied","floor":45.0,"gold_loss":0.0,"damage_taken":0.0,"cards_obtained":["Disarm"]}],"is_beta":false,"boss_relics":[{"not_picked":["Sozu","Coffee Dripper"],"picked":"Snecko Eye"},{"not_picked":["Calling Bell","Runic Pyramid"],"picked":"Astrolabe"}],"items_purged_floors":[20,42,54],"is_endless":false,"potions_floor_spawned":[1,12,13,18,24,31,33,41,46,47,55],"killed_by":"The Heart","ascension_level":20}