{"gold_per_floor":[112,112,130,142,160,160,193,193,193,219,231,258,293,310,310,387,387,287,287,287,287,287,287,109,109,109,109,109,109,109,109,109,109,109,109,109,109,109,109,109,109,109,109,0,0,0,0,0,0,0,0],"floor_reached":52,"playtime":2585,"items_purged":[],"score":1965,"play_id":"2789cd2a-df3a-4fef-aa4f-0f125df610e2","local_time":"20181029163355","is_ascension_mode":true,"campfire_choices":[{"data":"Streamline","floor":6.0,"key":"SMITH"},{"data":"Zap","floor":8.0,"key":"SMITH"},{"floor":15.0,"key":"REST"},{"floor":23.0,"key":"REST"},{"floor":27.0,"key":"REST"},{"floor":32,"key":"REST"},{"data":"Defragment","floor":41,"key":"SMITH"},{"floor":45,"key":"REST"},{"floor":49,"key":"REST"}],"neow_cost":"NONE","seed_source_timestamp":685415660032111,"circlet_count":0,"master_deck":["Strike_B+1","Strike_B+1","Strike_B+1","Strike_B+1","Defend_B+1","Defend_B+1","Defend_B+1","Defend_B+1","Zap+1","Dualcast","AscendersBane","Streamline+1","Auto Shields+1","BootSequence+1","Undo","Electrodynamics","Machine Learning","Ball Lightning","Barrage","Defragment+1","Recycle","Thunder Strike","Static Discharge+1","Ball Lightning","Glacier","Stack+1","Defragment","Ball Lightning","Coolheaded","Conserve Battery","Loop","Hologram+1","Glacier+1","Echo Form","Reprogram+1","Defragment","Capacitor+1","Coolheaded+1","Rainbow+1","Writhe","Skim+1"],"special_seed":0,"relics":["Cracked Core","NeowsBlessing","War Paint","The Courier","Cables","Odd Mushroom","Centennial Puzzle","Ectoplasm","Dodecahedron","Toxic Egg 2","Bird Faced Urn","Cursed Key","Ice Cream","Smiling Mask","DataDisk","Matryoshka","Red Mask"],"potions_floor_usage":[39,51,51],"damage_taken":[{"damage":0.0,"enemies":"Cultist","floor":1.0,"turns":1.0},{"damage":0.0,"enemies":"Jaw Worm","floor":3.0,"turns":1.0},{"damage":0.0,"enemies":"2 Louse","floor":4.0,"turns":1.0},{"damage":0.0,"enemies":"2 Fungi Beasts","floor":5.0,"turns":3.0},{"damage":10.0,"enemies":"Lagavulin","floor":7.0,"turns":7.0},{"damage":32.0,"enemies":"Gremlin Nob","floor":10.0,"turns":4.0},{"damage":0.0,"enemies":"Blue Slaver","floor":11.0,"turns":3.0},{"damage":0.0,"enemies":"The Mushroom Lair","floor":12.0,"turns":3.0},{"damage":10.0,"enemies":"3 Sentries","floor":13.0,"turns":3.0},{"damage":0.0,"enemies":"Exordium Wildlife","floor":14.0,"turns":3.0},{"damage":13.0,"enemies":"Hexaghost","floor":16.0,"turns":9.0},{"damage":18.0,"enemies":"2 Thieves","floor":18.0,"turns":4.0},{"damage":0.0,"enemies":"Spheric Guardian","floor":20.0,"turns":4.0},{"damage":5.0,"enemies":"Centurion and Healer","floor":21.0,"turns":5.0},{"damage":11.0,"enemies":"Snake Plant","floor":22.0,"turns":4.0},{"damage":26.0,"enemies":"Gremlin Leader","floor":25.0,"turns":3.0},{"damage":11.0,"enemies":"Book of Stabbing","floor":28.0,"turns":4.0},{"damage":0,"enemies":"Cultist and Chosen","floor":29,"turns":3},{"damage":57,"enemies":"Collector","floor":33,"turns":9},{"damage":20,"enemies":"3 Darklings","floor":35,"turns":6},{"damage":0,"enemies":"3 Shapes","floor":36,"turns":4},{"damage":35,"enemies":"Writhing Mass","floor":38,"turns":4},{"damage":0,"enemies":"Mind Bloom Boss Battle","floor":39,"turns":8},{"damage":46,"enemies":"Reptomancer","floor":40,"turns":7},{"damage":41,"enemies":"Nemesis","floor":42,"turns":7},{"damage":15,"enemies":"Maw","floor":46,"turns":8},{"damage":5,"enemies":"Time Eater","floor":50,"turns":13},{"damage":10,"enemies":"Donu and Deca","floor":51,"turns":7}],"seed_played":"1326227148234277663","potions_obtained":[{"floor":5.0,"key":"SteroidPotion"},{"floor":11.0,"key":"EssenceOfSteel"},{"floor":12.0,"key":"Weak Potion"},{"floor":14.0,"key":"PowerPotion"},{"floor":16.0,"key":"SteroidPotion"},{"floor":25.0,"key":"SkillPotion"},{"floor":28.0,"key":"Energy Potion"},{"floor":36,"key":"LiquidBronze"},{"floor":38,"key":"Regen Potion"},{"floor":39,"key":"FocusPotion"}],"is_trial":false,"path_per_floor":["M","$","M","M","M","R","E","R","T","E","M","?","E","M","R","B",null,"M","?","M","M","M","R","$","E","T","R","E","M","$","?","R","B",null,"M","M","?","M","?","E","R","E","T","?","R","M","$","?","R","B","B"],"character_chosen":"DEFECT","items_purchased":["Defragment","Ball Lightning","PowerPotion","Coolheaded"],"campfire_rested":6,"item_purchase_floors":[24,24,24,24],"current_hp_per_floor":[64,64,64,64,64,64,54,54,54,22,22,22,12,12,33,20,58,40,40,40,35,24,45,45,19,19,40,29,31,31,31,52,7,55,53,59,59,38,67,41,41,22,22,22,42,41,41,41,61,67,64],"gold":0,"neow_bonus":"THREE_ENEMY_KILL","is_prod":false,"is_daily":false,"chose_seed":false,"campfire_upgraded":3,"win_rate":0,"timestamp":1540845235,"path_taken":["M","$","?","?","M","R","E","R","T","E","M","?","E","M","R","BOSS","M","?","M","M","M","R","$","E","T","R","E","M","$","?","R","BOSS","M","M","?","M","?","E","R","E","T","?","R","M","?","?","R","BOSS","BOSS"],"build_version":"2018-10-25v2","purchased_purges":0,"victory":true,"max_hp_per_floor":[71,71,71,71,71,71,71,71,71,71,71,71,71,71,71,71,71,71,71,71,71,71,71,71,71,71,71,71,71,71,71,71,71,71,71,71,67,67,67,67,67,67,67,67,67,67,67,67,67,67,67],"card_choices":[{"not_picked":["Beam Cell","Undo"],"picked":"Streamline","floor":1.0},{"not_picked":["Loop","Stack"],"picked":"Auto Shields","floor":3.0},{"not_picked":["Lockon","Steam"],"picked":"BootSequence","floor":4.0},{"not_picked":["Force Field","Reprogram"],"picked":"Undo","floor":5.0},{"not_picked":["Ball Lightning","Beam Cell"],"picked":"Electrodynamics","floor":7.0},{"not_picked":["Compile Driver","All For One"],"picked":"Machine Learning","floor":10.0},{"not_picked":["Tempest","Beam Cell"],"picked":"Ball Lightning","floor":11.0},{"not_picked":["Melter","Rebound"],"picked":"Barrage","floor":12.0},{"not_picked":["Rip and Tear","Darkness"],"picked":"Defragment","floor":13.0},{"not_picked":["Steam","Sweeping Beam"],"picked":"Recycle","floor":14.0},{"not_picked":["Reboot","Hyperbeam"],"picked":"Thunder Strike","floor":16.0},{"not_picked":["Compile Driver","Redo"],"picked":"Static Discharge+1","floor":18.0},{"not_picked":["Compile Driver","Coolheaded"],"picked":"Ball Lightning","floor":20.0},{"not_picked":["Steam","Hyperbeam"],"picked":"Glacier","floor":21.0},{"not_picked":["Consume","Beam Cell"],"picked":"Stack+1","floor":22.0},{"not_picked":["Streamline","Reprogram"],"picked":"Conserve Battery","floor":25.0},{"not_picked":["White Noise+1","Undo+1"],"picked":"Loop","floor":28.0},{"not_picked":["Compile Driver","Gash"],"picked":"Hologram+1","floor":29},{"not_picked":["Amplify+1","Multi-Cast+1"],"picked":"Echo Form","floor":33},{"not_picked":["Ball Lightning","Rip and Tear"],"picked":"Reprogram+1","floor":35},{"not_picked":["Compile Driver","Sweeping Beam+1","Melter+1"],"picked":"SKIP","floor":36},{"not_picked":["Rebound","Redo+1"],"picked":"Defragment","floor":38},{"not_picked":["Compile Driver","Hologram+1"],"picked":"Capacitor+1","floor":39},{"not_picked":["Steam+1","Heatsinks"],"picked":"Coolheaded+1","floor":40},{"not_picked":["Hologram+1","Turbo+1"],"picked":"Rainbow+1","floor":42},{"not_picked":["Barrage","Darkness+1"],"picked":"Skim+1","floor":46}],"player_experience":1104138,"relics_obtained":[{"floor":7.0,"key":"War Paint"},{"floor":9.0,"key":"The Courier"},{"floor":10.0,"key":"Cables"},{"floor":12.0,"key":"Odd Mushroom"},{"floor":13.0,"key":"Centennial Puzzle"},{"floor":25.0,"key":"Dodecahedron"},{"floor":26.0,"key":"Toxic Egg 2"},{"floor":28.0,"key":"Bird Faced Urn"},{"floor":39,"key":"Ice Cream"},{"floor":40,"key":"Smiling Mask"},{"floor":42,"key":"DataDisk"},{"floor":43,"key":"Matryoshka"}],"event_choices":[{"damage_healed":0.0,"max_hp_gain":0.0,"max_hp_loss":0.0,"gold_gain":0.0,"event_name":"Mushrooms","player_choice":"Fought Mushrooms","floor":12.0,"gold_loss":0.0,"damage_taken":0.0},{"damage_healed":0.0,"max_hp_gain":0.0,"max_hp_loss":0.0,"gold_gain":0.0,"event_name":"Back to Basics","player_choice":"Simplicity","floor":19.0,"gold_loss":0.0,"damage_taken":0.0,"cards_upgraded":["Strike_B","Strike_B","Strike_B","Strike_B","Defend_B","Defend_B","Defend_B","Defend_B"]},{"damage_healed":0,"gold_gain":0,"player_choice":"Read","damage_taken":0,"max_hp_gain":0,"max_hp_loss":0,"event_name":"The Library","floor":31,"gold_loss":0,"cards_obtained":["Glacier"]},{"damage_healed":0,"gold_gain":0,"player_choice":"Max HP","damage_taken":0,"max_hp_gain":0,"max_hp_loss":4,"event_name":"Winding Halls","floor":37,"gold_loss":0},{"damage_healed":0,"gold_gain":0,"player_choice":"Fight","damage_taken":0,"max_hp_gain":0,"max_hp_loss":0,"event_name":"MindBloom","floor":39,"gold_loss":0},{"damage_healed":0,"gold_gain":0,"player_choice":"Paid","damage_taken":0,"relics_obtained":["Red Mask"],"max_hp_gain":0,"max_hp_loss":0,"event_name":"Tomb of Lord Red Mask","floor":44,"gold_loss":109},{"damage_healed":0,"gold_gain":0,"player_choice":"Got Potions","damage_taken":0,"max_hp_gain":0,"max_hp_loss":0,"event_name":"The Lab","floor":48,"gold_loss":0}],"is_beta":false,"boss_relics":[{"not_picked":["White Beast Statue","Calling Bell"],"picked":"Ectoplasm"},{"not_picked":["Runic Dome","Snecko Eye"],"picked":"Cursed Key"}],"items_purged_floors":[],"is_endless":false,"potions_floor_spawned":[5,11,12,13,14,16,18,20,25,28,36,38,39,46],"ascension_level":20}