{"gold_per_floor":[115,190,201,217,233,233,266,266,266,294,294,312,312,347,347,424,424,434,434,445,463,166,192,192,204,204,204,231,131,131,74,74,74],"floor_reached":33,"playtime":1507,"items_purged":["Parasite","Strike_B"],"score":656,"play_id":"8a29ad7b-8956-4ffb-af26-443bbba6d3db","local_time":"20181205153044","is_ascension_mode":true,"campfire_choices":[{"data":"Zap","floor":6,"key":"SMITH"},{"floor":11,"key":"REST"},{"data":"Buffer","floor":13,"key":"SMITH"},{"data":"Hologram","floor":15,"key":"SMITH"},{"data":"Biased Cognition","floor":24,"key":"SMITH"},{"floor":27,"key":"REST"},{"data":"Consume","floor":30,"key":"SMITH"},{"data":"Coolheaded","floor":32,"key":"SMITH"}],"neow_cost":"NONE","seed_source_timestamp":186909832140019,"circlet_count":0,"master_deck":["AscendersBane","Strike_B","Strike_B","Strike_B","Defend_B","Defend_B","Defend_B","Defend_B","Zap+1","Dualcast","Ball Lightning","FTL","Glacier","Hologram+1","Go for the Eyes","Compile Driver","Buffer+1","Glacier","Biased Cognition+1","Loop+1","Glacier","Cold Snap","Consume+1","Coolheaded+1"],"relics":["Cracked Core","NeowsBlessing","Letter Opener","Dodecahedron","Sundial","Sozu","Incense Burner","Lee\u0027s Waffle","WingedGreaves","Kunai","Gremlin Horn"],"potions_floor_usage":[10,14,28],"damage_taken":[{"damage":0,"enemies":"2 Louse","floor":1,"turns":1},{"damage":0,"enemies":"Small Slimes","floor":3,"turns":1},{"damage":0,"enemies":"Jaw Worm","floor":4,"turns":1},{"damage":3,"enemies":"Gremlin Gang","floor":5,"turns":7},{"damage":32,"enemies":"Lagavulin","floor":7,"turns":8},{"damage":18,"enemies":"Gremlin Nob","floor":10,"turns":4},{"damage":0,"enemies":"Red Slaver","floor":12,"turns":3},{"damage":0,"enemies":"Lagavulin","floor":14,"turns":6},{"damage":5,"enemies":"Slime Boss","floor":16,"turns":10},{"damage":0,"enemies":"Chosen","floor":18,"turns":6},{"damage":13,"enemies":"3 Byrds","floor":20,"turns":6},{"damage":17,"enemies":"Snake Plant","floor":21,"turns":5},{"damage":26,"enemies":"Gremlin Leader","floor":23,"turns":12},{"damage":26,"enemies":"Shelled Parasite and Fungi","floor":25,"turns":6},{"damage":11,"enemies":"Book of Stabbing","floor":28,"turns":8},{"damage":49,"enemies":"Collector","floor":33,"turns":9}],"seed_played":"5056290569648674500","potions_obtained":[{"floor":3,"key":"PowerPotion"},{"floor":7,"key":"EssenceOfSteel"},{"floor":10,"key":"Poison Potion"},{"floor":16,"key":"Fire Potion"}],"is_trial":false,"path_per_floor":["M","?","M","M","M","R","E","?","T","E","R","M","R","E","R","B",null,"M","?","M","M","$","E","R","M","T","R","E","$","R","$","R","B"],"character_chosen":"DEFECT","items_purchased":["Lee\u0027s Waffle","Coolheaded"],"campfire_rested":2,"item_purchase_floors":[22,31],"current_hp_per_floor":[64,53,53,53,50,50,18,35,35,17,38,38,38,38,38,33,62,62,62,49,32,75,49,49,23,23,45,34,34,34,34,34,0],"gold":74,"neow_bonus":"THREE_ENEMY_KILL","is_prod":false,"is_daily":false,"chose_seed":false,"campfire_upgraded":6,"win_rate":0,"timestamp":1544041844,"path_taken":["M","?","M","M","M","R","E","?","T","E","R","M","R","E","R","BOSS","M","?","M","M","$","E","R","?","T","R","E","$","R","?","R","BOSS"],"build_version":"2018-12-05","purchased_purges":2,"victory":false,"max_hp_per_floor":[71,71,71,71,71,71,71,71,71,71,71,71,71,71,71,71,71,71,71,71,71,75,75,75,75,75,75,75,75,75,75,75,75],"card_choices":[{"not_picked":["Leap","Redo"],"picked":"Ball Lightning","floor":1},{"not_picked":["Beam Cell","Streamline"],"picked":"FTL","floor":3},{"not_picked":["Compile Driver","BootSequence"],"picked":"Glacier","floor":4},{"not_picked":["Reprogram","Rebound"],"picked":"Hologram","floor":5},{"not_picked":["Melter","Heatsinks"],"picked":"Go for the Eyes","floor":7},{"not_picked":["Leap","Hologram"],"picked":"Compile Driver","floor":10},{"not_picked":["Redo","Hologram"],"picked":"Buffer","floor":12},{"not_picked":["Redo","Gash"],"picked":"Glacier","floor":14},{"not_picked":["Meteor Strike","Thunder Strike"],"picked":"Biased Cognition","floor":16},{"not_picked":["Leap","Redo"],"picked":"Loop+1","floor":18},{"not_picked":["White Noise","Auto Shields"],"picked":"Glacier","floor":20},{"not_picked":["Heatsinks","Ball Lightning"],"picked":"Cold Snap","floor":21},{"not_picked":["Sweeping Beam","Steam Power"],"picked":"Consume","floor":23},{"not_picked":["Beam Cell","Leap","Turbo"],"picked":"SKIP","floor":25},{"not_picked":["Hello World","Streamline","Aggregate"],"picked":"SKIP","floor":28}],"player_experience":1180593,"relics_obtained":[{"floor":7,"key":"Letter Opener"},{"floor":10,"key":"Dodecahedron"},{"floor":14,"key":"Sundial"},{"floor":23,"key":"WingedGreaves"},{"floor":26,"key":"Kunai"},{"floor":28,"key":"Gremlin Horn"}],"event_choices":[{"damage_healed":0,"gold_gain":75,"player_choice":"Gather Gold","damage_taken":11,"max_hp_gain":0,"max_hp_loss":0,"event_name":"World of Goop","floor":2,"gold_loss":0},{"damage_healed":17,"gold_gain":0,"player_choice":"Healed and dodged fight","damage_taken":0,"max_hp_gain":0,"max_hp_loss":0,"event_name":"Mushrooms","floor":8,"gold_loss":0,"cards_obtained":["Parasite"]},{"damage_healed":0,"gold_gain":0,"player_choice":"Gave Potion","damage_taken":0,"relics_obtained":["Incense Burner"],"max_hp_gain":0,"max_hp_loss":0,"event_name":"WeMeetAgain","floor":19,"gold_loss":0}],"is_beta":true,"boss_relics":[{"not_picked":["Calling Bell","FrozenCore"],"picked":"Sozu"}],"items_purged_floors":[22,29],"is_endless":false,"potions_floor_spawned":[3,7,10,16,20,21,25],"killed_by":"Collector","ascension_level":20}