{"path_per_floor":["M","M","$","?","M","M","E","?","T","M","E","T","M","M","R","B",null,"M","M","$","?","?","R","M","?","T","M","E","M","E","M","R"],"character_chosen":"IRONCLAD","items_purchased":["Mummified Hand","Feel No Pain","Toxic Egg 2"],"gold_per_floor":[363,377,47,47,62,82,114,144,169,187,214,241,253,264,264,363,363,335,347,17,17,17,17,34,34,60,72,106,126,158,175,175,175],"floor_reached":33,"campfire_rested":2,"playtime":3636,"item_purchase_floors":[3,20,20],"current_hp_per_floor":[78,78,78,78,73,75,85,82,82,80,64,64,70,76,76,56,79,64,71,71,71,55,81,78,78,78,59,33,38,25,15,41,2],"items_purged":["Clumsy"],"gold":175,"score":424,"play_id":"881b51de-72fb-4585-b933-2ed78e80739e","local_time":"20180612234554","is_prod":false,"is_daily":false,"chose_seed":false,"is_ascension_mode":true,"campfire_upgraded":1,"win_rate":0,"timestamp":1528839954,"campfire_choices":[{"data":"Metallicize","floor":15,"key":"SMITH"},{"floor":23,"key":"REST"},{"floor":32,"key":"REST"}],"path_taken":["M","M","$","?","?","M","E","?","T","M","E","?","M","M","R","BOSS","M","M","$","?","?","R","M","?","T","M","E","M","E","M","R","BOSS"],"build_version":"2018-06-07v3","seed_source_timestamp":135309610797194,"purchased_purges":1,"victory":false,"master_deck":["Strike_R","Strike_R","Strike_R","Strike_R+1","Strike_R","Defend_R","Defend_R","Defend_R","Defend_R","Bash+1","Blood for Blood","Pommel Strike","Carnage","Ghostly Armor","Metallicize+1","Flame Barrier","Shrug It Off","Iron Wave","Dark Embrace","Juggernaut","Pommel Strike","Metallicize+1","Feel No Pain","Inflame","Twin Strike+1","Evolve+1","Evolve","Dark Embrace","Perfected Strike+1"],"max_hp_per_floor":[80,80,80,80,80,80,87,87,87,87,87,87,87,87,87,87,87,87,87,87,87,87,87,87,87,87,87,87,87,87,87,87,87],"relics":["Black Blood","Mummified Hand","Strawberry","Tiny Chest","Omamori","Thread and Needle","Whetstone","Toxic Egg 2","Enchiridion","Art of War","Oddly Smooth Stone","Shovel"],"card_choices":[{"not_picked":["Heavy Blade","Intimidate"],"picked":"Blood for Blood","floor":1},{"not_picked":["Fire Breathing","Burning Pact"],"picked":"Pommel Strike","floor":2},{"not_picked":["Heavy Blade","Twin Strike"],"picked":"Carnage","floor":5},{"not_picked":["Rampage","Perfected Strike"],"picked":"Ghostly Armor","floor":6},{"not_picked":["Sentinel","Perfected Strike"],"picked":"Metallicize","floor":7},{"not_picked":["Uppercut","Wild Strike"],"picked":"Flame Barrier","floor":10},{"not_picked":["Heavy Blade","Sentinel"],"picked":"Shrug It Off","floor":11},{"not_picked":["Wild Strike","Infernal Blade"],"picked":"Iron Wave","floor":13},{"not_picked":["Body Slam","Infernal Blade"],"picked":"Dark Embrace","floor":14},{"not_picked":["Bludgeon","Reaper"],"picked":"Juggernaut","floor":16},{"not_picked":["Burning Pact","Havoc"],"picked":"Pommel Strike","floor":18},{"not_picked":["True Grit","Cleave"],"picked":"Metallicize+1","floor":19},{"not_picked":["True Grit+1","Intimidate+1"],"picked":"Inflame","floor":24},{"not_picked":["Reckless Charge","Sentinel+1"],"picked":"Twin Strike+1","floor":27},{"not_picked":["Rampage","Infernal Blade+1"],"picked":"Evolve+1","floor":28},{"not_picked":["Perfected Strike","Entrench+1"],"picked":"Evolve","floor":29},{"not_picked":["Thunderclap+1","Heavy Blade+1"],"picked":"Dark Embrace","floor":30},{"not_picked":["Iron Wave+1","Shrug It Off+1"],"picked":"Perfected Strike+1","floor":31}],"player_experience":666600,"potions_floor_usage":[7,7,11,16,18,30,31,31],"damage_taken":[{"damage":0,"enemies":"Small Slimes","floor":1,"turns":3},{"damage":6,"enemies":"Cultist","floor":2,"turns":3},{"damage":11,"enemies":"2 Louse","floor":5,"turns":3},{"damage":4,"enemies":"Large Slime","floor":6,"turns":6},{"damage":3,"enemies":"Gremlin Nob","floor":7,"turns":3},{"damage":8,"enemies":"Looter","floor":10,"turns":3},{"damage":22,"enemies":"3 Sentries","floor":11,"turns":8},{"damage":0,"enemies":"2 Fungi Beasts","floor":13,"turns":5},{"damage":0,"enemies":"3 Louse","floor":14,"turns":3},{"damage":26,"enemies":"The Guardian","floor":16,"turns":13},{"damage":25,"enemies":"2 Thieves","floor":18,"turns":5},{"damage":3,"enemies":"Spheric Guardian","floor":19,"turns":6},{"damage":13,"enemies":"Centurion and Healer","floor":24,"turns":6},{"damage":29,"enemies":"Cultist and Chosen","floor":27,"turns":8},{"damage":36,"enemies":"Gremlin Leader","floor":28,"turns":6},{"damage":5,"enemies":"3 Cultists","floor":29,"turns":4},{"damage":23,"enemies":"Book of Stabbing","floor":30,"turns":7},{"damage":20,"enemies":"Snake Plant","floor":31,"turns":4},{"damage":39,"enemies":"Collector","floor":33,"turns":6}],"relics_obtained":[{"floor":7,"key":"Strawberry"},{"floor":9,"key":"Omamori"},{"floor":11,"key":"Thread and Needle"},{"floor":12,"key":"Whetstone"},{"floor":22,"key":"Enchiridion"},{"floor":26,"key":"Art of War"},{"floor":28,"key":"Oddly Smooth Stone"},{"floor":30,"key":"Shovel"}],"event_choices":[{"event_name":"The Lab","player_choice":"Got Potions","floor":4,"damage_taken":0},{"event_name":"Scrap Ooze","player_choice":"success","floor":8,"damage_taken":3},{"event_name":"Beggar","player_choice":"Ignored","floor":21,"damage_taken":0},{"event_name":"Cursed Tome","player_choice":"Obtained Book","floor":22,"damage_taken":0},{"event_name":"Addict","player_choice":"Ignored","floor":25,"damage_taken":0}],"boss_relics":[{"not_picked":["White Beast Statue","Snecko Eye"],"picked":"Black Blood"}],"items_purged_floors":[3],"potions_floor_spawned":[2,5,7,14,16,18,28,30],"seed_played":"-4945221069808790889","killed_by":"Collector","ascension_level":6,"potions_obtained":[{"floor":2,"key":"Explosive Potion"},{"floor":4,"key":"PowerPotion"},{"floor":4,"key":"PowerPotion"},{"floor":7,"key":"GamblersBrew"},{"floor":14,"key":"SkillPotion"},{"floor":16,"key":"Energy Potion"},{"floor":18,"key":"SteroidPotion"},{"floor":28,"key":"Swift Potion"},{"floor":30,"key":"Poison Potion"}],"is_trial":false}