{"gold_per_floor":[114,128,32,32,46,46,77,77,107,142,55,69,69,86,86,183,183,197,212,212,212,212,212,241,241,241,257,267,267,117,128,128,231,231,242,253,253,271,351,351,367,367,392,8,22,57,157,170,170,170],"floor_reached":50,"playtime":6244,"items_purged":["Strike_R"],"score":552,"play_id":"0ca0a429-542f-4660-a507-eaf1f6913fd2","local_time":"20180717230018","is_ascension_mode":true,"campfire_choices":[{"data":"Demon Form","floor":6,"key":"SMITH"},{"data":"Disarm","floor":8,"key":"SMITH"},{"data":"True Grit","floor":13,"key":"SMITH"},{"floor":15,"key":"REST"},{"floor":23,"key":"REST"},{"floor":25,"key":"REST"},{"floor":29,"key":"REST"},{"data":"Ghostly Armor","floor":32,"key":"SMITH"},{"data":"Brutality","floor":40,"key":"SMITH"},{"floor":42,"key":"REST"},{"floor":49,"key":"REST"}],"neow_cost":"TEN_PERCENT_HP_LOSS","seed_source_timestamp":290092535622882,"circlet_count":0,"master_deck":["Strike_R","Strike_R","Strike_R","Defend_R","Defend_R","Defend_R","Defend_R","Demon Form+1","Sword Boomerang","Disarm+1","Swift Strike","Ghostly Armor+1","Heavy Blade","Evolve","True Grit+1","Inflame","Feel No Pain","Flex","Battle Trance","Double Tap","Shrug It Off+1","Shrug It Off","Necronomicurse","Seeing Red","Sword Boomerang+1","Clothesline+1","Whirlwind+1","Heavy Blade+1","Brutality+1","Heavy Blade+1","Anger+1","Madness","Madness","Pummel+1","Armaments+1","Whirlwind+1","Bloodletting+1","Metallicize","Infernal Blade+1","Whirlwind+1","Warcry+1"],"relics":["Burning Blood","Ornamental Fan","Tiny Chest","Dream Catcher","Runic Cube","Necronomicon","Molten Egg 2","Shuriken","Mark of Pain","Toxic Egg 2","Lantern","Lee\u0027s Waffle","Du-Vu Doll"],"potions_floor_usage":[16,16,27,27,36,46,46,50],"damage_taken":[{"damage":22,"enemies":"Cultist","floor":1,"turns":8},{"damage":0,"enemies":"Small Slimes","floor":2,"turns":5},{"damage":9,"enemies":"Jaw Worm","floor":5,"turns":4},{"damage":7,"enemies":"Lagavulin","floor":7,"turns":7},{"damage":22,"enemies":"3 Sentries","floor":10,"turns":5},{"damage":16,"enemies":"Exordium Thugs","floor":12,"turns":7},{"damage":11,"enemies":"3 Louse","floor":14,"turns":4},{"damage":41,"enemies":"The Guardian","floor":16,"turns":8},{"damage":33,"enemies":"2 Thieves","floor":18,"turns":5},{"damage":12,"enemies":"Shell Parasite","floor":19,"turns":6},{"damage":33,"enemies":"Gremlin Leader","floor":24,"turns":6},{"damage":3,"enemies":"Sentry and Sphere","floor":27,"turns":4},{"damage":19,"enemies":"Snecko","floor":28,"turns":6},{"damage":0,"enemies":"3 Cultists","floor":31,"turns":3},{"damage":19,"enemies":"Champ","floor":33,"turns":8},{"damage":0,"enemies":"3 Shapes","floor":35,"turns":2},{"damage":10,"enemies":"Flame Bruiser 1 Orb","floor":36,"turns":3},{"damage":32,"enemies":"4 Shapes","floor":38,"turns":4},{"damage":27,"enemies":"Transient","floor":41,"turns":5},{"damage":66,"enemies":"Flame Bruiser 2 Orb","floor":45,"turns":4},{"damage":21,"enemies":"Nemesis","floor":46,"turns":5},{"damage":13,"enemies":"Sphere and 2 Shapes","floor":48,"turns":3},{"damage":38,"enemies":"Awakened One","floor":50,"turns":7}],"seed_played":"6669468249815953914","potions_obtained":[{"floor":2,"key":"PowerPotion"},{"floor":5,"key":"AttackPotion"},{"floor":12,"key":"AttackPotion"},{"floor":16,"key":"Strength Potion"},{"floor":18,"key":"Strength Potion"},{"floor":27,"key":"Ancient Potion"},{"floor":31,"key":"Regen Potion"},{"floor":48,"key":"Dexterity Potion"}],"is_trial":false,"path_per_floor":["M","M","$","?","M","R","E","R","T","E","$","M","R","M","R","B",null,"M","M","?","?","?","R","E","R","T","M","M","R","$","M","R","B",null,"M","M","?","M","T","R","M","R","T","$","M","E","?","M","R"],"character_chosen":"IRONCLAD","items_purchased":["Sword Boomerang","Disarm","True Grit","Inflame","Whirlwind+1","Whirlwind+1","Bloodletting+1","Lee\u0027s Waffle","Metallicize"],"campfire_rested":6,"item_purchase_floors":[3,3,11,11,30,44,44,44,44],"current_hp_per_floor":[56,62,62,62,59,59,58,58,58,42,42,32,32,27,48,13,72,45,39,23,23,23,44,17,38,38,41,28,49,49,55,55,42,72,72,68,59,33,33,33,12,33,33,79,19,18,18,11,34,0],"gold":170,"neow_bonus":"REMOVE_TWO","is_prod":false,"is_daily":false,"chose_seed":false,"campfire_upgraded":5,"win_rate":0,"timestamp":1531836018,"path_taken":["M","?","$","?","M","R","E","R","T","E","?","M","R","M","R","BOSS","M","M","?","?","?","R","E","R","T","M","M","R","$","?","R","BOSS","M","M","?","M","?","R","M","R","T","$","M","E","?","M","R","BOSS"],"build_version":"2018-07-12","purchased_purges":1,"victory":false,"max_hp_per_floor":[72,72,72,72,72,72,72,72,72,72,72,72,72,72,72,72,72,72,72,72,72,72,72,72,72,72,72,72,72,72,72,72,72,72,72,72,72,72,72,72,72,72,72,79,79,79,79,79,79,79],"card_choices":[{"not_picked":["Wild Strike","Sever Soul","Clash"],"picked":"SKIP","floor":1},{"not_picked":["Pommel Strike","Perfected Strike"],"picked":"Demon Form","floor":2},{"not_picked":["Rage","Headbutt"],"picked":"Evolve","floor":5},{"not_picked":["Bludgeon","Body Slam","Thunderclap"],"picked":"SKIP","floor":7},{"not_picked":["Headbutt","Clash","Iron Wave"],"picked":"SKIP","floor":10},{"not_picked":["Headbutt","Perfected Strike"],"picked":"Feel No Pain","floor":12},{"not_picked":["Carnage","Wild Strike"],"picked":"Flex","floor":14},{"not_picked":["Burning Pact","Warcry"],"picked":"Battle Trance","floor":15},{"not_picked":["Immolate","Feed"],"picked":"Double Tap","floor":16},{"not_picked":["Wild Strike","True Grit"],"picked":"Shrug It Off+1","floor":18},{"not_picked":["Flame Barrier","Thunderclap+1"],"picked":"Shrug It Off","floor":19},{"not_picked":["Dual Wield","Iron Wave+1"],"picked":"Seeing Red","floor":23},{"not_picked":["Flex","Fiend Fire","Spot Weakness"],"picked":"SKIP","floor":24},{"not_picked":["Seeing Red","Whirlwind+1"],"picked":"Sword Boomerang+1","floor":27},{"not_picked":["Dual Wield","Second Wind","Headbutt+1"],"picked":"SKIP","floor":28},{"not_picked":["Rage","Seeing Red"],"picked":"Clothesline+1","floor":29},{"not_picked":["Infernal Blade+1","Wild Strike+1"],"picked":"Heavy Blade+1","floor":31},{"not_picked":["Feed+1","Demon Form"],"picked":"Brutality","floor":33},{"not_picked":["Body Slam+1","Perfected Strike+1"],"picked":"Heavy Blade+1","floor":35},{"not_picked":["Metallicize+1","Pommel Strike+1"],"picked":"Anger+1","floor":36},{"not_picked":["Pommel Strike+1","Evolve+1"],"picked":"Pummel+1","floor":38},{"not_picked":["Spot Weakness+1","Shrug It Off+1"],"picked":"Armaments+1","floor":41},{"not_picked":["Sword Boomerang+1","Spot Weakness+1"],"picked":"Infernal Blade+1","floor":45},{"not_picked":["Wild Strike+1","Searing Blow+1","Clash+1"],"picked":"SKIP","floor":46},{"not_picked":["Fire Breathing","Uppercut+1"],"picked":"Whirlwind+1","floor":48},{"not_picked":["Anger+1","Armaments+1"],"picked":"Warcry+1","floor":49}],"player_experience":101635,"relics_obtained":[{"floor":7,"key":"Ornamental Fan"},{"floor":9,"key":"Tiny Chest"},{"floor":10,"key":"Dream Catcher"},{"floor":20,"key":"Necronomicon"},{"floor":24,"key":"Molten Egg 2"},{"floor":26,"key":"Shuriken"},{"floor":39,"key":"Toxic Egg 2"},{"floor":43,"key":"Lantern"},{"floor":46,"key":"Du-Vu Doll"}],"event_choices":[{"event_name":"Match and Keep!","player_choice":"3 cards matched","floor":4,"damage_taken":0},{"event_name":"Cursed Tome","player_choice":"Obtained Book","floor":20,"damage_taken":0},{"event_name":"Ghosts","player_choice":"Ignored","floor":21,"damage_taken":0},{"event_name":"The Mausoleum","player_choice":"No","floor":22,"damage_taken":0},{"event_name":"Winding Halls","player_choice":"Embrace Madness","floor":37,"damage_taken":0},{"event_name":"Golden Shrine","player_choice":"Pray","floor":47,"damage_taken":0}],"boss_relics":[{"not_picked":["Empty Cage","Runic Dome"],"picked":"Runic Cube"},{"not_picked":["Black Star","Calling Bell"],"picked":"Mark of Pain"}],"items_purged_floors":[30],"is_endless":false,"potions_floor_spawned":[2,5,12,16,18,27,31,35,48],"killed_by":"Awakened One","ascension_level":1}