{"gold_per_floor":[114,39,39,54,54,19,194,214,238,46,46,80,93,121,121,216,216,229,229,209,222,222],"floor_reached":22,"playtime":569,"items_purged":["Doubt","Doubt"],"score":326,"play_id":"6a8312f8-6b80-4d43-8038-8cae3c774984","local_time":"20190109194524","is_ascension_mode":true,"campfire_choices":[{"data":"Madness","floor":11.0,"key":"SMITH"},{"data":"1","floor":15.0,"key":"LIFT"}],"neow_cost":"CURSE","seed_source_timestamp":0,"circlet_count":0,"master_deck":["AscendersBane","Strike_R+1","Strike_R+1","Strike_R","Strike_R+1","Strike_R","Defend_R","Defend_R","Defend_R","Defend_R","Bash+1","Immolate","Rampage","Shrug It Off","Inflame","Madness+1","Fiend Fire","Armaments","Battle Trance","Double Tap","True Grit+1","Ghostly","Ghostly","Ghostly","Ghostly","Ghostly","Heavy Blade+1","Pommel Strike"],"special_seed":0,"relics":["Burning Blood","Dream Catcher","Anchor","Whetstone","Girya","Eternal Feather"],"potions_floor_usage":[],"damage_taken":[{"damage":3.0,"enemies":"Small Slimes","floor":1.0,"turns":2.0},{"damage":4.0,"enemies":"Jaw Worm","floor":4.0,"turns":4.0},{"damage":0.0,"enemies":"2 Louse","floor":8.0,"turns":2.0},{"damage":5.0,"enemies":"3 Sentries","floor":12.0,"turns":4.0},{"damage":1.0,"enemies":"Red Slaver","floor":13.0,"turns":4.0},{"damage":32.0,"enemies":"Gremlin Nob","floor":14.0,"turns":4.0},{"damage":38.0,"enemies":"The Guardian","floor":16.0,"turns":10.0},{"damage":17.0,"enemies":"3 Byrds","floor":18.0,"turns":4.0},{"damage":0.0,"enemies":"2 Thieves","floor":20.0,"turns":4.0},{"damage":6.0,"enemies":"Snake Plant","floor":21.0,"turns":4.0}],"seed_played":"3265171426799767924","potions_obtained":[{"floor":4.0,"key":"SpeedPotion"},{"floor":13.0,"key":"Weak Potion"},{"floor":20.0,"key":"AttackPotion"},{"floor":21.0,"key":"Energy Potion"}],"is_trial":false,"path_per_floor":["M","$","?","M","?","?","?","M","T","$","R","E","M","E","R","B",null,"M","?","M","M","?"],"character_chosen":"IRONCLAD","items_purchased":["Madness"],"campfire_rested":0,"item_purchase_floors":[10],"current_hp_per_floor":[75,75,59,61,58,78,78,80,80,80,80,80,80,54,54,22,66,55,40,40,40,40],"gold":222,"neow_bonus":"THREE_RARE_CARDS","is_prod":false,"is_daily":false,"chose_seed":false,"campfire_upgraded":1,"win_rate":0,"timestamp":1547059524,"path_taken":["M","$","?","M","?","?","?","M","T","$","R","E","M","E","R","BOSS","M","?","M","M","?"],"build_version":"2019-01-03v4","purchased_purges":2,"victory":false,"max_hp_per_floor":[80,80,80,80,80,80,80,80,80,80,80,80,80,80,80,80,80,80,40,40,40,40],"card_choices":[{"not_picked":["Double Tap","Juggernaut"],"picked":"Immolate","floor":0.0},{"not_picked":["Havoc","Dual Wield"],"picked":"Rampage","floor":1.0},{"not_picked":["Metallicize","Wild Strike"],"picked":"Shrug It Off","floor":4.0},{"not_picked":["Clash","Second Wind"],"picked":"Inflame","floor":8.0},{"not_picked":["Exhume","Combust"],"picked":"Fiend Fire","floor":12.0},{"not_picked":["Warcry","Sword Boomerang"],"picked":"Armaments","floor":13.0},{"not_picked":["Sword Boomerang","Reckless Charge"],"picked":"Battle Trance","floor":14.0},{"not_picked":["Immolate","Barricade"],"picked":"Double Tap","floor":16.0},{"not_picked":["Armaments+1","Dropkick"],"picked":"True Grit+1","floor":18.0},{"not_picked":["Iron Wave","Searing Blow"],"picked":"Heavy Blade+1","floor":20.0},{"not_picked":["Armaments","Shrug It Off"],"picked":"Pommel Strike","floor":21.0}],"player_experience":1930114,"relics_obtained":[{"floor":9.0,"key":"Anchor"},{"floor":12.0,"key":"Whetstone"},{"floor":14.0,"key":"Girya"}],"event_choices":[{"damage_healed":0.0,"max_hp_gain":0.0,"max_hp_loss":0.0,"gold_gain":0.0,"event_name":"Shining Light","player_choice":"Entered Light","floor":3.0,"gold_loss":0.0,"damage_taken":16.0,"cards_upgraded":["Strike_R","Strike_R"]},{"damage_healed":0.0,"max_hp_gain":0.0,"max_hp_loss":0.0,"gold_gain":0.0,"event_name":"Scrap Ooze","player_choice":"Success","floor":5.0,"gold_loss":0.0,"damage_taken":3.0,"relics_obtained":["Dream Catcher"]},{"damage_healed":20.0,"max_hp_gain":0.0,"max_hp_loss":0.0,"gold_gain":0.0,"event_name":"The Cleric","player_choice":"Healed","floor":6.0,"gold_loss":35.0,"damage_taken":0.0},{"damage_healed":0.0,"max_hp_gain":0.0,"max_hp_loss":0.0,"gold_gain":175.0,"event_name":"Liars Game","player_choice":"AGREE","floor":7.0,"gold_loss":0.0,"damage_taken":0.0,"cards_obtained":["Doubt"]},{"damage_healed":0.0,"max_hp_gain":0.0,"max_hp_loss":40.0,"gold_gain":0.0,"event_name":"Ghosts","player_choice":"Became a Ghost","floor":19.0,"gold_loss":0.0,"damage_taken":0.0,"cards_obtained":["Ghostly","Ghostly","Ghostly","Ghostly","Ghostly"]}],"is_beta":false,"boss_relics":[{"not_picked":["Astrolabe","Coffee Dripper"],"picked":"Eternal Feather"}],"items_purged_floors":[2,10],"is_endless":false,"potions_floor_spawned":[4,13,20,21],"ascension_level":11}