{"gold_per_floor":[112,112,112,74,87,87,99,131,131,151,101,120,120,134,134,134],"floor_reached":16,"playtime":1272,"items_purged":[],"score":168,"play_id":"d0ba350f-1493-49eb-816e-3702d4c0ba8f","local_time":"20190125125203","is_ascension_mode":true,"campfire_choices":[{"data":"Dark Embrace","floor":6,"key":"SMITH"},{"data":"True Grit","floor":15,"key":"SMITH"}],"neow_cost":"PERCENT_DAMAGE","seed_source_timestamp":13105869544999443,"circlet_count":0,"master_deck":["AscendersBane","Strike_R","Strike_R","Strike_R","Defend_R+1","Defend_R","Bash+1","Battle Trance","Dark Embrace+1","Sentinel","Metallicize","Inflame","Limit Break","Warcry","Parasite","True Grit+1"],"relics":["Burning Blood","Sundial","Question Card"],"potions_floor_usage":[7,10,16],"damage_taken":[{"damage":5,"enemies":"2 Louse","floor":1,"turns":4},{"damage":0,"enemies":"Jaw Worm","floor":5,"turns":3},{"damage":7,"enemies":"Small Slimes","floor":7,"turns":5},{"damage":24,"enemies":"3 Sentries","floor":8,"turns":12},{"damage":0,"enemies":"2 Fungi Beasts","floor":10,"turns":5},{"damage":7,"enemies":"Exordium Thugs","floor":12,"turns":7},{"damage":15,"enemies":"Blue Slaver","floor":14,"turns":5},{"damage":62,"enemies":"Slime Boss","floor":16,"turns":12}],"seed_played":"1562459310764105040","potions_obtained":[{"floor":1,"key":"Ancient Potion"},{"floor":5,"key":"Regen Potion"},{"floor":8,"key":"Ancient Potion"},{"floor":14,"key":"Block Potion"}],"is_trial":false,"path_per_floor":["M","?","?","$","M","R","M","E","T","M","?","M","?","M","R","B"],"character_chosen":"IRONCLAD","items_purchased":["Sentinel"],"campfire_rested":0,"item_purchase_floors":[4],"current_hp_per_floor":[52,52,36,36,42,42,53,35,35,41,41,40,60,51,51,0],"gold":134,"neow_bonus":"REMOVE_TWO","is_prod":false,"is_daily":false,"chose_seed":false,"campfire_upgraded":2,"win_rate":0,"timestamp":1548417123,"path_taken":["M","?","?","$","M","R","M","E","T","M","?","M","?","M","R","BOSS"],"build_version":"2019-01-23","purchased_purges":0,"victory":false,"max_hp_per_floor":[80,80,80,80,80,80,80,80,80,80,80,80,80,80,80,80],"card_choices":[{"not_picked":["Searing Blow","Headbutt"],"picked":"Battle Trance","floor":1},{"not_picked":["Heavy Blade","Pommel Strike"],"picked":"Metallicize","floor":5},{"not_picked":["Twin Strike","Hemokinesis"],"picked":"Inflame","floor":7},{"not_picked":["Clothesline","Wild Strike"],"picked":"Limit Break","floor":8},{"not_picked":["Ghostly Armor","Armaments","Perfected Strike","Heavy Blade"],"picked":"SKIP","floor":10},{"not_picked":["Wild Strike","Sword Boomerang","Cleave"],"picked":"Warcry","floor":12},{"not_picked":["Pummel","Clothesline","Cleave"],"picked":"True Grit","floor":14}],"player_experience":316315,"relics_obtained":[{"floor":8,"key":"Sundial"},{"floor":9,"key":"Question Card"}],"event_choices":[{"damage_healed":0,"gold_gain":0,"cards_transformed":["Strike_R"],"player_choice":"Change","damage_taken":0,"max_hp_gain":0,"max_hp_loss":0,"event_name":"Living Wall","floor":2,"gold_loss":0,"cards_obtained":["Dark Embrace"]},{"damage_healed":0,"gold_gain":0,"player_choice":"Entered Light","damage_taken":16,"max_hp_gain":0,"max_hp_loss":0,"event_name":"Shining Light","floor":3,"gold_loss":0,"cards_upgraded":["Bash","Defend_R"]},{"cards_removed":["Defend_R"],"damage_healed":0,"gold_gain":0,"player_choice":"Card Removal","damage_taken":0,"max_hp_gain":0,"max_hp_loss":0,"event_name":"The Cleric","floor":11,"gold_loss":50},{"damage_healed":20,"gold_gain":0,"player_choice":"Healed and dodged fight","damage_taken":0,"max_hp_gain":0,"max_hp_loss":0,"event_name":"Mushrooms","floor":13,"gold_loss":0,"cards_obtained":["Parasite"]}],"is_beta":false,"boss_relics":[],"items_purged_floors":[],"is_endless":false,"potions_floor_spawned":[1,5,8,14],"killed_by":"Slime Boss","ascension_level":13}