{"gold_per_floor":[210,229,304,324,324,359,359,392,392,362,381,381,10,10,10,10],"floor_reached":16,"playtime":1734,"items_purged":["Strike_R"],"score":133,"play_id":"756e20f4-8dcf-46fc-bc10-ce731f80cd44","local_time":"20190220081646","is_ascension_mode":false,"campfire_choices":[{"data":"Bash","floor":7,"key":"SMITH"},{"data":"Feed","floor":12,"key":"SMITH"},{"data":"Metallicize","floor":15,"key":"SMITH"}],"neow_cost":"NONE","seed_source_timestamp":50533252533474,"circlet_count":0,"master_deck":["Strike_R","Strike_R","Strike_R","Defend_R","Defend_R","Defend_R","Defend_R","Bash+1","Battle Trance","Shrug It Off","Shrug It Off","Feed+1","Metallicize+1","Burning Pact","Body Slam","Offering"],"relics":["Burning Blood","Mango","Ornamental Fan","Matryoshka","Orichalcum"],"potions_floor_usage":[8,16,16],"damage_taken":[{"damage":11,"enemies":"Jaw Worm","floor":1,"turns":2},{"damage":6,"enemies":"2 Louse","floor":2,"turns":4},{"damage":0,"enemies":"Small Slimes","floor":4,"turns":3},{"damage":30,"enemies":"Gremlin Nob","floor":6,"turns":5},{"damage":26,"enemies":"3 Sentries","floor":8,"turns":14},{"damage":0,"enemies":"Looter","floor":10,"turns":4},{"damage":0,"enemies":"Exordium Wildlife","floor":11,"turns":5},{"damage":46,"enemies":"Hexaghost","floor":16,"turns":16}],"seed_played":"4989808439801865905","potions_obtained":[{"floor":6,"key":"Energy Potion"},{"floor":8,"key":"Fire Potion"},{"floor":11,"key":"Block Potion"}],"is_trial":false,"path_per_floor":["M","M","?","M","?","E","R","E","T","M","M","R","$","?","R","B"],"character_chosen":"IRONCLAD","items_purchased":["Offering","Orichalcum"],"campfire_rested":0,"item_purchase_floors":[13,13],"current_hp_per_floor":[75,75,64,70,70,60,60,43,43,49,55,55,55,55,55,9],"gold":10,"neow_bonus":"HUNDRED_GOLD","is_prod":false,"is_daily":false,"chose_seed":false,"campfire_upgraded":3,"win_rate":0.0,"timestamp":1550675806,"path_taken":["M","M","?","M","?","E","R","E","T","M","M","R","?","?","R","BOSS"],"build_version":"2019-01-23","purchased_purges":1,"victory":false,"max_hp_per_floor":[80,80,80,80,80,94,94,97,97,97,97,97,97,97,97,97],"card_choices":[{"not_picked":["Armaments","Headbutt"],"picked":"Battle Trance","floor":1},{"not_picked":["Hemokinesis","Flex"],"picked":"Shrug It Off","floor":2},{"not_picked":["Warcry","Combust"],"picked":"Shrug It Off","floor":4},{"not_picked":["Perfected Strike","Headbutt"],"picked":"Feed","floor":6},{"not_picked":["Intimidate","Sword Boomerang"],"picked":"Metallicize","floor":8},{"not_picked":["Reckless Charge","Bloodletting"],"picked":"Burning Pact","floor":10},{"not_picked":["Burning Pact","Iron Wave"],"picked":"Body Slam","floor":11}],"player_experience":20732,"relics_obtained":[{"floor":6,"key":"Mango"},{"floor":8,"key":"Ornamental Fan"},{"floor":9,"key":"Matryoshka"}],"event_choices":[{"damage_healed":0,"gold_gain":75,"player_choice":"Gather Gold","damage_taken":11,"max_hp_gain":0,"max_hp_loss":0,"event_name":"World of Goop","floor":3,"gold_loss":0},{"damage_healed":0,"gold_gain":0,"player_choice":"Ignored","damage_taken":0,"max_hp_gain":0,"max_hp_loss":0,"event_name":"Liars Game","floor":5,"gold_loss":0},{"cards_removed":["Strike_R"],"damage_healed":0,"gold_gain":0,"player_choice":"Forget","damage_taken":0,"max_hp_gain":0,"max_hp_loss":0,"event_name":"Living Wall","floor":14,"gold_loss":0}],"is_beta":false,"boss_relics":[],"items_purged_floors":[13],"is_endless":false,"potions_floor_spawned":[6,8,11],"killed_by":"Hexaghost","ascension_level":0}