{"gold_per_floor":[219,10,21,21,96,124,124,124,173,32,32,32,50,65,65,191,191,212,122,140,140,164,207,16,16,16,41,41,41,41,76,76,76],"floor_reached":33,"playtime":1073,"items_purged":[],"score":306,"play_id":"293a56f4-fd3e-4eba-9219-75e8f0a77720","local_time":"20181031150844","is_ascension_mode":false,"campfire_choices":[{"data":"Skewer","floor":7,"key":"SMITH"},{"floor":15,"key":"REST"},{"floor":25,"key":"REST"},{"floor":28,"key":"RECALL"},{"data":"Discovery","floor":30,"key":"SMITH"},{"floor":32,"key":"REST"}],"neow_cost":"NONE","seed_source_timestamp":42232101724323,"circlet_count":0,"master_deck":["Defend_G","Defend_G","Defend_G","Defend_G","Defend_G","Strike_G","Strike_G","Strike_G","Strike_G","Survivor","Neutralize+1","Infinite Blades","Caltrops+1","Skewer+1","Cloak And Dagger","Well Laid Plans","Discovery+1","Cloak And Dagger","Blur","Dash","Corpse Explosion","Poisoned Stab+1","Cloak And Dagger","Night Terror","Adrenaline","Noxious Fumes","Cloak And Dagger+1","Leg Sweep"],"relics":["Ring of the Snake","Bottled Flame","Vajra","Golden Idol","Snecko Eye","Lantern","Strawberry","Happy Flower"],"potions_floor_usage":[23,31,31,31,33],"damage_taken":[{"damage":0,"enemies":"Small Slimes","floor":1,"turns":5},{"damage":3,"enemies":"Jaw Worm","floor":3,"turns":4},{"damage":32,"enemies":"3 Sentries","floor":6,"turns":11},{"damage":0,"enemies":"2 Louse","floor":13,"turns":2},{"damage":9,"enemies":"Exordium Wildlife","floor":14,"turns":4},{"damage":17,"enemies":"Slime Boss","floor":16,"turns":9},{"damage":16,"enemies":"Shell Parasite","floor":18,"turns":5},{"damage":7,"enemies":"Spheric Guardian","floor":20,"turns":4},{"damage":15,"enemies":"Snake Plant","floor":22,"turns":3},{"damage":13,"enemies":"Slavers","floor":23,"turns":2},{"damage":7,"enemies":"3 Cultists","floor":27,"turns":4},{"damage":24,"enemies":"Book of Stabbing","floor":31,"turns":4},{"damage":26,"enemies":"Collector","floor":33,"turns":5}],"seed_played":"-84945272593554686","potions_obtained":[{"floor":6,"key":"Ancient Potion"},{"floor":13,"key":"SmokeBomb"},{"floor":18,"key":"Poison Potion"},{"floor":22,"key":"PowerPotion"},{"floor":23,"key":"EssenceOfSteel"},{"floor":31,"key":"AttackPotion"}],"is_trial":false,"path_per_floor":["M","$","M","?","?","E","R","?","T","$","?","$","M","M","R","B",null,"M","?","M","$","M","E","$","R","T","M","R","?","R","E","R","B"],"character_chosen":"THE_SILENT","items_purchased":["Caltrops","Skewer","FearPotion","Discovery","Cloak And Dagger","Noxious Fumes","Strawberry"],"campfire_rested":3,"item_purchase_floors":[2,2,2,10,10,24,24],"current_hp_per_floor":[70,70,67,67,56,24,24,24,24,24,24,24,24,15,34,17,65,49,49,42,42,27,14,21,42,42,35,35,35,35,11,32,6],"gold":76,"neow_bonus":"HUNDRED_GOLD","is_prod":false,"is_daily":false,"chose_seed":false,"campfire_upgraded":2,"win_rate":0,"timestamp":1541012924,"path_taken":["M","$","M","?","?","E","R","?","T","?","?","$","M","?","R","BOSS","M","?","M","$","?","E","$","R","T","M","R","?","R","E","R","BOSS"],"build_version":"2018-10-30","purchased_purges":0,"victory":false,"max_hp_per_floor":[70,70,70,70,70,70,70,70,70,70,65,65,65,65,65,65,65,65,65,65,65,65,65,72,72,72,72,72,72,72,72,72,72],"card_choices":[{"not_picked":["Dodge and Roll","Sucker Punch"],"picked":"Infinite Blades","floor":1},{"not_picked":["Expertise","Dagger Throw"],"picked":"Cloak And Dagger","floor":3},{"not_picked":["Underhanded Strike","Bane"],"picked":"Well Laid Plans","floor":6},{"not_picked":["Flying Knee","Eviscerate"],"picked":"Blur","floor":13},{"not_picked":["Eviscerate","Dagger Spray"],"picked":"Dash","floor":14},{"not_picked":["Storm of Steel","Bullet Time"],"picked":"Corpse Explosion","floor":16},{"not_picked":["PiercingWail+1","Dodge and Roll+1"],"picked":"Poisoned Stab+1","floor":18},{"not_picked":["Outmaneuver","Flying Knee"],"picked":"Cloak And Dagger","floor":20},{"not_picked":["Dagger Spray","Outmaneuver+1"],"picked":"Night Terror","floor":22},{"not_picked":["All Out Attack","Concentrate+1"],"picked":"Adrenaline","floor":23},{"not_picked":["Choke","Leg Sweep"],"picked":"Cloak And Dagger+1","floor":27},{"not_picked":["Slice","Outmaneuver"],"picked":"Leg Sweep","floor":31}],"player_experience":1125055,"relics_obtained":[{"floor":6,"key":"Bottled Flame"},{"floor":9,"key":"Vajra"},{"floor":23,"key":"Lantern"},{"floor":31,"key":"Happy Flower"}],"event_choices":[{"damage_healed":0,"gold_gain":0,"player_choice":"Leave","damage_taken":0,"max_hp_gain":0,"max_hp_loss":0,"event_name":"The Cleric","floor":4,"gold_loss":0},{"damage_healed":0,"gold_gain":75,"player_choice":"Gather Gold","damage_taken":11,"max_hp_gain":0,"max_hp_loss":0,"event_name":"World of Goop","floor":5,"gold_loss":0},{"damage_healed":0,"gold_gain":0,"player_choice":"Grow","damage_taken":0,"max_hp_gain":0,"max_hp_loss":0,"event_name":"Living Wall","floor":8,"gold_loss":0,"cards_upgraded":["Caltrops"]},{"damage_healed":0,"gold_gain":0,"player_choice":"Lose Max HP","damage_taken":0,"relics_obtained":["Golden Idol"],"max_hp_gain":0,"max_hp_loss":5,"event_name":"Golden Idol","floor":11,"gold_loss":0},{"cards_removed":["Strike_G"],"damage_healed":0,"gold_gain":0,"player_choice":"Upgrade and Remove","damage_taken":0,"max_hp_gain":0,"max_hp_loss":0,"event_name":"Designer","floor":19,"gold_loss":90,"cards_upgraded":["Neutralize"]},{"damage_healed":0,"gold_gain":0,"player_choice":"Ignored","damage_taken":0,"max_hp_gain":0,"max_hp_loss":0,"event_name":"Vampires","floor":29,"gold_loss":0}],"is_beta":true,"boss_relics":[{"not_picked":["Coffee Dripper","Tiny House"],"picked":"Snecko Eye"}],"items_purged_floors":[],"is_endless":false,"potions_floor_spawned":[6,13,14,18,22,23,31],"killed_by":"Collector","ascension_level":0}