{"gold_per_floor":[117,19,29,29,29,29,44,69,118,130,167,192,204,5,5,103,103,118,118,132,149,24,24],"floor_reached":23,"playtime":2820,"items_purged":["Strike_B","Doubt","Defend_B"],"score":219,"play_id":"22d99a35-e789-4b78-bfe3-c712738e45a0","local_time":"20180722001409","is_ascension_mode":true,"campfire_choices":[{"data":"Machine Learning","floor":6,"key":"SMITH"},{"data":"Recycle","floor":10,"key":"SMITH"},{"data":"Zap","floor":13,"key":"SMITH"},{"floor":15,"key":"REST"}],"neow_cost":"NONE","seed_source_timestamp":184722794533476,"circlet_count":0,"master_deck":["Strike_B","Strike_B","Strike_B","Defend_B","Defend_B","Defend_B","Zap+1","Dualcast","Recycle+1","Beam Cell","Conserve Battery","Machine Learning+1","BootSequence","Conserve Battery","Steam Power","Capacitor","FTL","Core Surge","Fusion+1","Ball Lightning"],"relics":["Cracked Core","Ancient Tea Set","Pen Nib","Incense Burner","MawBank","Anchor","Sozu"],"potions_floor_usage":[],"damage_taken":[{"damage":0,"enemies":"Small Slimes","floor":1,"turns":3},{"damage":0,"enemies":"Cultist","floor":3,"turns":3},{"damage":2,"enemies":"Jaw Worm","floor":7,"turns":4},{"damage":24,"enemies":"3 Sentries","floor":8,"turns":9},{"damage":24,"enemies":"Gremlin Nob","floor":11,"turns":5},{"damage":0,"enemies":"2 Fungi Beasts","floor":12,"turns":5},{"damage":28,"enemies":"Hexaghost","floor":16,"turns":12},{"damage":0,"enemies":"Spheric Guardian","floor":18,"turns":4},{"damage":17,"enemies":"Shell Parasite","floor":20,"turns":10},{"damage":15,"enemies":"Centurion and Healer","floor":21,"turns":8},{"damage":30,"enemies":"Book of Stabbing","floor":23,"turns":4}],"seed_played":"-8814495303396339846","potions_obtained":[{"floor":1,"key":"Ancient Potion"},{"floor":7,"key":"Strength Potion"},{"floor":16,"key":"Fire Potion"}],"is_trial":false,"path_per_floor":["M","$","M","?","?","R","M","E","T","R","E","M","R","$","R","B",null,"M","?","M","M","$"],"character_chosen":"DEFECT","items_purchased":["Beam Cell","Capacitor","FTL"],"campfire_rested":1,"item_purchase_floors":[2,14,14],"current_hp_per_floor":[75,75,75,75,72,72,70,46,46,46,22,22,22,22,44,16,75,75,61,44,29,29,0],"gold":24,"neow_bonus":"RANDOM_COMMON_RELIC","is_prod":false,"is_daily":false,"chose_seed":false,"campfire_upgraded":3,"win_rate":0,"timestamp":1532186049,"path_taken":["M","$","M","?","?","R","M","E","T","R","E","M","R","?","R","BOSS","M","?","M","M","?","E"],"build_version":"2018-07-19v2","purchased_purges":3,"victory":false,"max_hp_per_floor":[75,75,75,75,75,75,75,75,75,75,75,75,75,75,75,75,75,75,80,80,80,80,80],"card_choices":[{"not_picked":["Hologram","Rebound"],"picked":"Recycle","floor":1},{"not_picked":["Barrage","Sweeping Beam"],"picked":"Conserve Battery","floor":3},{"not_picked":["Rip and Tear","Ball Lightning"],"picked":"BootSequence","floor":7},{"not_picked":["Go for the Eyes","Genetic Algorithm"],"picked":"Conserve Battery","floor":8},{"not_picked":["Multi-Cast","Streamline"],"picked":"Steam Power","floor":11},{"not_picked":["Hello World","Cold Snap","Reprogram"],"picked":"SKIP","floor":12},{"not_picked":["Biased Cognition","Meteor Strike"],"picked":"Core Surge","floor":16},{"not_picked":["Compile Driver","Redo+1"],"picked":"Fusion+1","floor":18},{"not_picked":["Hello World+1","Leap","Turbo"],"picked":"SKIP","floor":20},{"not_picked":["Stack","Sweeping Beam"],"picked":"Ball Lightning","floor":21}],"player_experience":145177,"relics_obtained":[{"floor":8,"key":"Incense Burner"},{"floor":9,"key":"MawBank"},{"floor":11,"key":"Anchor"}],"event_choices":[{"event_name":"Match and Keep!","player_choice":"2 cards matched","floor":4,"damage_taken":0},{"event_name":"Scrap Ooze","player_choice":"success","floor":5,"damage_taken":3},{"event_name":"Forgotten Altar","player_choice":"Shed Blood","floor":19,"damage_taken":0}],"is_beta":false,"boss_relics":[{"not_picked":["Black Star","Lizard Tail"],"picked":"Sozu"}],"items_purged_floors":[2,14,22],"is_endless":false,"potions_floor_spawned":[1,7,16,20],"killed_by":"Book of Stabbing","ascension_level":2}