{"gold_per_floor":[117,135,152,165,176,186,186,186,186,63,87,87,87,127,127,253,253,271,294,9,22,22,22,63,63,109,109],"floor_reached":27,"playtime":1104,"items_purged":[],"score":416,"play_id":"adfeece4-3fcb-4dc2-ade8-998be383eb4e","local_time":"20190203122344","is_ascension_mode":true,"campfire_choices":[{"floor":7,"key":"REST"},{"floor":13,"key":"REST"},{"data":"Consume","floor":15,"key":"SMITH"},{"data":"Glacier","floor":23,"key":"SMITH"},{"floor":25,"key":"REST"}],"neow_cost":"TEN_PERCENT_HP_LOSS","seed_source_timestamp":688259429750296,"circlet_count":0,"master_deck":["AscendersBane","Strike_B","Strike_B","Defend_B","Defend_B","Defend_B","Zap+1","Dualcast","Ball Lightning","Seek","Ball Lightning","Echo Form","Consume+1","Glacier+1","FTL","Skim+1","FTL","Conserve Battery","Stack","Auto Shields","Core Surge","Leap","Parasite","Machine Learning","Buffer","Ball Lightning+1","Coolheaded+1","Streamline+1","Hologram","Conserve Battery","Conserve Battery","Loop","White Noise+1","Cold Snap"],"relics":["Cracked Core","Prayer Wheel","Golden Idol","War Paint","Bronze Scales","Astrolabe","Runic Capacitor","Smiling Mask","Juzu Bracelet"],"potions_floor_usage":[4,5,11,16,21,24],"damage_taken":[{"damage":1,"enemies":"Cultist","floor":1,"turns":3},{"damage":15,"enemies":"2 Louse","floor":2,"turns":2},{"damage":12,"enemies":"Jaw Worm","floor":3,"turns":3},{"damage":0,"enemies":"Looter","floor":4,"turns":2},{"damage":10,"enemies":"Gremlin Gang","floor":5,"turns":3},{"damage":20,"enemies":"Large Slime","floor":6,"turns":4},{"damage":15,"enemies":"3 Louse","floor":11,"turns":4},{"damage":0,"enemies":"Lagavulin","floor":14,"turns":6},{"damage":28,"enemies":"Slime Boss","floor":16,"turns":9},{"damage":11,"enemies":"Spheric Guardian","floor":18,"turns":3},{"damage":1,"enemies":"3 Byrds","floor":19,"turns":3},{"damage":32,"enemies":"Snake Plant","floor":21,"turns":5},{"damage":37,"enemies":"Slavers","floor":24,"turns":5},{"damage":43,"enemies":"Gremlin Leader","floor":27,"turns":4}],"seed_played":"-7694010420836771207","potions_obtained":[{"floor":3,"key":"SkillPotion"},{"floor":4,"key":"Strength Potion"},{"floor":6,"key":"Swift Potion"},{"floor":16,"key":"EssenceOfSteel"}],"is_trial":false,"path_per_floor":["M","M","M","M","M","M","R","?","T","$","M","?","R","E","R","B",null,"M","M","$","M","?","R","E","R","T","E"],"character_chosen":"DEFECT","items_purchased":["Auto Shields","Block Potion","Loop","Runic Capacitor","Fire Potion"],"campfire_rested":3,"item_purchase_floors":[10,10,20,20,20],"current_hp_per_floor":[67,52,40,40,30,10,30,30,30,30,15,30,48,48,48,20,52,41,40,40,8,73,73,36,57,57,14],"gold":109,"neow_bonus":"ONE_RARE_RELIC","is_prod":false,"is_daily":false,"chose_seed":false,"campfire_upgraded":2,"win_rate":0,"timestamp":1549193024,"path_taken":["M","M","M","M","?","M","R","?","T","$","M","?","R","E","R","BOSS","M","M","$","M","?","R","E","R","T","E"],"build_version":"2019-01-23","purchased_purges":0,"victory":false,"max_hp_per_floor":[68,68,68,68,68,68,68,63,63,63,63,63,63,63,63,63,63,63,63,63,63,73,73,73,73,73,73],"card_choices":[{"not_picked":["Turbo","Steam"],"picked":"Ball Lightning","floor":1},{"not_picked":["Streamline","Rip and Tear"],"picked":"Seek","floor":1},{"not_picked":["Turbo","Beam Cell"],"picked":"Ball Lightning","floor":2},{"not_picked":["Stack","Coolheaded"],"picked":"Echo Form","floor":2},{"not_picked":["Sunder","Barrage"],"picked":"Consume","floor":3},{"not_picked":["Lockon","Redo","Streamline"],"picked":"SKIP","floor":3},{"not_picked":["Cold Snap","Static Discharge"],"picked":"Glacier","floor":4},{"not_picked":["Leap","Cold Snap"],"picked":"FTL","floor":4},{"not_picked":["Storm","Steam"],"picked":"Skim","floor":5},{"not_picked":["Turbo","Stack"],"picked":"FTL","floor":5},{"not_picked":["Static Discharge","Leap"],"picked":"Conserve Battery","floor":6},{"not_picked":["Chaos","Compile Driver"],"picked":"Stack","floor":6},{"not_picked":["Turbo","Barrage"],"picked":"Core Surge","floor":11},{"not_picked":["Sweeping Beam","Machine Learning"],"picked":"Leap","floor":11},{"not_picked":["Genetic Algorithm","Melter"],"picked":"Machine Learning","floor":14},{"not_picked":["Meteor Strike","Reboot"],"picked":"Buffer","floor":16},{"not_picked":["Barrage+1","Rip and Tear"],"picked":"Hologram","floor":18},{"not_picked":["Melter","Beam Cell"],"picked":"Conserve Battery","floor":18},{"not_picked":["Streamline","Hologram"],"picked":"Conserve Battery","floor":19},{"not_picked":["Consume","Melter","Aggregate"],"picked":"SKIP","floor":19},{"not_picked":["Streamline","Compile Driver"],"picked":"Reboot","floor":21},{"not_picked":["Rebound","Loop"],"picked":"White Noise+1","floor":21},{"not_picked":["Lockon+1","Darkness"],"picked":"Cold Snap","floor":24}],"player_experience":2126045,"relics_obtained":[{"floor":9,"key":"War Paint"},{"floor":14,"key":"Bronze Scales"},{"floor":24,"key":"Smiling Mask"},{"floor":26,"key":"Juzu Bracelet"}],"event_choices":[{"damage_healed":0,"gold_gain":0,"player_choice":"Lose Max HP","damage_taken":0,"relics_obtained":["Golden Idol"],"max_hp_gain":0,"max_hp_loss":5,"event_name":"Golden Idol","floor":8,"gold_loss":0},{"damage_healed":15,"gold_gain":0,"player_choice":"Healed and dodged fight","damage_taken":0,"max_hp_gain":0,"max_hp_loss":0,"event_name":"Mushrooms","floor":12,"gold_loss":0,"cards_obtained":["Parasite"]},{"cards_removed":["Reboot"],"damage_healed":55,"gold_gain":0,"player_choice":"Offered Rare","damage_taken":0,"max_hp_gain":10,"max_hp_loss":0,"event_name":"Bonfire Elementals","floor":22,"gold_loss":0}],"is_beta":false,"boss_relics":[{"not_picked":["Cursed Key","Sozu"],"picked":"Astrolabe"}],"items_purged_floors":[],"is_endless":false,"potions_floor_spawned":[3,4,6,16],"killed_by":"Gremlin Leader","ascension_level":12}