{"gold_per_floor":[115,40,40,58,77,77,77,112,135,164,176,189,205,223,223,320,320,307,98,115,85,105,137,137,156,156,156,0,0,20,45,45,146,146,162,162,162,27,40,72,72,72,72,72,72,103,130,54,54,54],"floor_reached":51,"playtime":2241,"items_purged":["Injury"],"score":1163,"play_id":"70c02591-bc07-4a21-8b12-55b6d84ae402","local_time":"20181007160645","is_ascension_mode":true,"campfire_choices":[{"data":"1","floor":6.0,"key":"LIFT"},{"floor":15,"key":"REST"},{"data":"2","floor":24,"key":"LIFT"},{"data":"3","floor":27,"key":"LIFT"},{"floor":29,"key":"REST"},{"floor":32,"key":"REST"},{"floor":41,"key":"REST"},{"floor":42,"key":"REST"},{"data":"Creative AI","floor":45,"key":"SMITH"},{"floor":49,"key":"REST"}],"neow_cost":"CURSE","seed_source_timestamp":96666863015338,"circlet_count":0,"master_deck":["Strike_B","Strike_B","Strike_B","Strike_B","Defend_B","Defend_B","Defend_B","Defend_B","Zap+1","Dualcast","Reinforced Body","Chill+1","Rebound","Doom and Gloom","Stack","Buffer","Leap","Steam","Coolheaded+1","Cold Snap","Echo Form","Conserve Battery","White Noise","Ball Lightning+1","Conserve Battery","Loop","Redo+1","Ball Lightning","Electrodynamics","Creative AI+1","Barrage+1","Flash of Steel","FTL","Defragment+1","Rebound+1","White Noise+1","Madness","Madness","Fusion+1"],"special_seed":0,"relics":["FrozenCore","Girya","DataDisk","Dream Catcher","Question Card","Busted Crown","Runic Capacitor","Ornamental Fan","Shuriken","War Paint","Du-Vu Doll","Ice Cream","WingedGreaves","Singing Bowl","Mango","Gremlin Horn"],"potions_floor_usage":[16,16,20,22,23,23,31,31,36,36,40,40,50,50,50],"damage_taken":[{"damage":0.0,"enemies":"Small Slimes","floor":1.0,"turns":3.0},{"damage":0.0,"enemies":"Cultist","floor":4.0,"turns":3.0},{"damage":0.0,"enemies":"2 Louse","floor":5.0,"turns":2.0},{"damage":13.0,"enemies":"3 Sentries","floor":8.0,"turns":6.0},{"damage":28.0,"enemies":"Gremlin Nob","floor":10.0,"turns":4.0},{"damage":4.0,"enemies":"Large Slime","floor":11.0,"turns":3.0},{"damage":0.0,"enemies":"Lots of Slimes","floor":12.0,"turns":2.0},{"damage":0.0,"enemies":"Red Slaver","floor":13.0,"turns":3.0},{"damage":13,"enemies":"3 Louse","floor":14,"turns":3},{"damage":12,"enemies":"Slime Boss","floor":16,"turns":15},{"damage":0,"enemies":"2 Thieves","floor":18,"turns":4},{"damage":0,"enemies":"3 Byrds","floor":20,"turns":4},{"damage":12,"enemies":"Snake Plant","floor":22,"turns":5},{"damage":7,"enemies":"Slavers","floor":23,"turns":5},{"damage":1,"enemies":"Cultist and Chosen","floor":25,"turns":6},{"damage":11,"enemies":"Shelled Parasite and Fungi","floor":30,"turns":8},{"damage":12,"enemies":"Gremlin Leader","floor":31,"turns":6},{"damage":55,"enemies":"Automaton","floor":33,"turns":10},{"damage":0,"enemies":"3 Darklings","floor":35,"turns":4},{"damage":4,"enemies":"Mind Bloom Boss Battle","floor":36,"turns":9},{"damage":6,"enemies":"Orb Walker","floor":39,"turns":5},{"damage":23,"enemies":"Nemesis","floor":40,"turns":7},{"damage":4,"enemies":"Giant Head","floor":46,"turns":8},{"damage":17,"enemies":"2 Orb Walkers","floor":47,"turns":5},{"damage":9,"enemies":"Donu and Deca","floor":50,"turns":8}],"seed_played":"7495637700315907401","potions_obtained":[{"floor":1.0,"key":"Weak Potion"},{"floor":3.0,"key":"LiquidBronze"},{"floor":3.0,"key":"Dexterity Potion"},{"floor":10.0,"key":"Swift Potion"},{"floor":13.0,"key":"Swift Potion"},{"floor":14,"key":"LiquidBronze"},{"floor":20,"key":"Explosive Potion"},{"floor":21,"key":"Swift Potion"},{"floor":21,"key":"Weak Potion"},{"floor":23,"key":"Swift Potion"},{"floor":30,"key":"Explosive Potion"},{"floor":33,"key":"Energy Potion"},{"floor":35,"key":"Block Potion"},{"floor":39,"key":"Dexterity Potion"},{"floor":47,"key":"Block Potion"}],"is_trial":false,"path_per_floor":["M","$","?","M","M","R","?","E","T","E","M","M","M","M","R","B",null,"M","$","M","?","M","E","R","M","T","R","$","R","M","E","R","B",null,"M","?","?","$","M","E","R","R","T","?","R","E","E","$","R","B"],"character_chosen":"DEFECT","items_purchased":["Runic Capacitor","War Paint","FTL","Strength Potion","Dexterity Potion","Regen Potion"],"campfire_rested":6,"item_purchase_floors":[19,28,38,38,38,48],"current_hp_per_floor":[68,68,68,68,68,68,68,55,55,27,23,23,23,10,32,20,61,61,61,61,61,49,42,42,41,41,41,41,63,52,40,62,7,58,58,54,54,54,48,25,47,69,69,60,60,70,55,55,84,90],"gold":54,"neow_bonus":"ONE_RARE_RELIC","is_prod":false,"is_daily":false,"chose_seed":false,"campfire_upgraded":1,"win_rate":0,"timestamp":1538921205,"path_taken":["M","$","?","?","?","R","?","E","T","E","M","M","M","M","R","BOSS","M","$","M","?","M","E","R","M","T","R","$","R","M","E","R","BOSS","M","?","?","$","M","E","R","R","T","?","R","E","E","$","R","BOSS"],"build_version":"2018-10-04v2","purchased_purges":1,"victory":true,"max_hp_per_floor":[75,75,75,75,75,75,75,75,75,75,75,75,75,75,75,75,75,75,75,75,75,75,75,75,75,75,75,75,75,75,75,75,75,75,75,75,75,75,75,75,75,75,75,75,75,89,91,91,93,93],"card_choices":[{"not_picked":["Genetic Algorithm","Coolheaded"],"picked":"Reinforced Body","floor":1.0},{"not_picked":["Redo","Cold Snap"],"picked":"Chill","floor":4.0},{"not_picked":["Compile Driver","Genetic Algorithm"],"picked":"Rebound","floor":5.0},{"not_picked":["Scrape","Hello World"],"picked":"Doom and Gloom","floor":8.0},{"not_picked":["Hologram","Double Energy"],"picked":"Stack","floor":10.0},{"not_picked":["Chaos","Compile Driver","Rebound"],"picked":"Buffer","floor":11.0},{"not_picked":["Fusion","Coolheaded","Skim"],"picked":"Leap","floor":12.0},{"not_picked":["Heatsinks","Genetic Algorithm","Sweeping Beam"],"picked":"Steam","floor":13.0},{"not_picked":["Redo","Hologram","Sweeping Beam"],"picked":"Coolheaded","floor":14},{"not_picked":["Heatsinks","Self Repair","Coolheaded"],"picked":"Cold Snap","floor":15},{"not_picked":["Electrodynamics","Creative AI","Biased Cognition"],"picked":"Echo Form","floor":16},{"not_picked":["Genetic Algorithm"],"picked":"Conserve Battery","floor":18},{"not_picked":["Lockon"],"picked":"White Noise","floor":20},{"not_picked":["Coolheaded+1"],"picked":"Ball Lightning+1","floor":22},{"not_picked":["Recycle"],"picked":"Conserve Battery","floor":23},{"not_picked":["Storm","Beam Cell"],"picked":"SKIP","floor":25},{"not_picked":["Redo"],"picked":"Loop","floor":29},{"not_picked":["Gash"],"picked":"Redo+1","floor":30},{"not_picked":["Beam Cell"],"picked":"Ball Lightning","floor":31},{"not_picked":["Sweeping Beam"],"picked":"Electrodynamics","floor":32},{"not_picked":["Echo Form"],"picked":"Creative AI","floor":33},{"not_picked":["Redo","Lockon+1"],"picked":"SKIP","floor":35},{"not_picked":["Go for the Eyes+1"],"picked":"Barrage+1","floor":36},{"not_picked":["Enlightenment"],"picked":"Flash of Steel","floor":37},{"not_picked":["Genetic Algorithm"],"picked":"Defragment+1","floor":39},{"not_picked":["Scrape+1"],"picked":"Rebound+1","floor":40},{"not_picked":["Coolheaded"],"picked":"White Noise+1","floor":42},{"not_picked":["FTL+1"],"picked":"Fusion+1","floor":46},{"not_picked":["Storm+1","Rebound+1"],"picked":"Singing Bowl","floor":47},{"not_picked":["Auto Shields","Genetic Algorithm+1"],"picked":"Singing Bowl","floor":49}],"player_experience":1061535,"relics_obtained":[{"floor":8.0,"key":"DataDisk"},{"floor":9.0,"key":"Dream Catcher"},{"floor":10.0,"key":"Question Card"},{"floor":23,"key":"Ornamental Fan"},{"floor":26,"key":"Shuriken"},{"floor":31,"key":"Du-Vu Doll"},{"floor":36,"key":"Ice Cream"},{"floor":40,"key":"WingedGreaves"},{"floor":43,"key":"Singing Bowl"},{"floor":46,"key":"Mango"},{"floor":47,"key":"Gremlin Horn"}],"event_choices":[{"event_name":"The Lab","player_choice":"Got Potions","floor":3.0,"damage_taken":0.0},{"event_name":"Upgrade Shrine","player_choice":"Upgraded","floor":7.0,"damage_taken":0.0},{"event_name":"The Woman in Blue","player_choice":"Bought 2 Potions","floor":21,"damage_taken":0},{"event_name":"MindBloom","player_choice":"Fight","floor":36,"damage_taken":0},{"event_name":"SensoryStone","player_choice":"Memory 1","floor":37,"damage_taken":0},{"event_name":"Winding Halls","player_choice":"Embrace Madness","floor":44,"damage_taken":0}],"is_beta":false,"boss_relics":[{"not_picked":["Empty Cage","Ectoplasm"],"picked":"Busted Crown"},{"not_picked":["Tiny House","Snecko Eye"],"picked":"FrozenCore"}],"items_purged_floors":[2],"is_endless":false,"potions_floor_spawned":[1,5,10,13,14,20,23,30,33,35,39,47],"ascension_level":9}