{"gold_per_floor":[115,115,115,3,153,153,186,7,7,7,32,43,43,54,54,54],"floor_reached":16,"playtime":373,"items_purged":[],"score":312,"play_id":"713d44e3-89f3-4cf6-bda2-c9794708c913","local_time":"20181211213309","is_ascension_mode":true,"campfire_choices":[{"data":"Footwork","floor":6,"key":"SMITH"},{"data":"Skewer","floor":13,"key":"SMITH"},{"data":"Blade Dance","floor":15,"key":"SMITH"}],"neow_cost":"NONE","seed_source_timestamp":350729428865678,"circlet_count":0,"master_deck":["AscendersBane","Defend_G","Defend_G","Defend_G+1","Defend_G","Defend_G","Strike_G+1","Strike_G","Strike_G","Strike_G","Strike_G","Survivor","Neutralize+1","Deflect","Footwork+1","Flying Knee","Doubt","Quick Slash","Backstab","Well Laid Plans","Backflip","Footwork","Skewer+1","Blade Dance+1"],"relics":["Ring of the Snake","NeowsBlessing","Kunai","Orichalcum"],"potions_floor_usage":[16],"damage_taken":[{"damage":0,"enemies":"Jaw Worm","floor":1,"turns":1},{"damage":0,"enemies":"Gremlin Nob","floor":7,"turns":1},{"damage":0,"enemies":"3 Sentries","floor":11,"turns":1},{"damage":0,"enemies":"Small Slimes","floor":12,"turns":3},{"damage":0,"enemies":"2 Louse","floor":14,"turns":2},{"damage":40,"enemies":"Slime Boss","floor":16,"turns":14}],"seed_played":"-574312941480511266","potions_obtained":[{"floor":11,"key":"Ancient Potion"},{"floor":12,"key":"Fire Potion"}],"is_trial":false,"path_per_floor":["M","?","?","$","?","R","E","$","T","$","E","M","R","M","R","B"],"character_chosen":"THE_SILENT","items_purchased":["Footwork","Flying Knee","Backstab","Well Laid Plans","Backflip"],"campfire_rested":0,"item_purchase_floors":[4,4,8,8,8],"current_hp_per_floor":[59,59,39,39,39,39,39,39,39,39,39,39,39,39,39,0],"gold":54,"neow_bonus":"THREE_ENEMY_KILL","is_prod":false,"is_daily":false,"chose_seed":false,"campfire_upgraded":3,"win_rate":0,"timestamp":1544581989,"path_taken":["M","?","?","?","?","R","E","$","T","?","E","M","R","M","R","BOSS"],"build_version":"2018-12-10","purchased_purges":0,"victory":false,"max_hp_per_floor":[66,66,66,66,66,66,66,66,66,66,66,66,66,66,66,66],"card_choices":[{"not_picked":["Prepared","Acrobatics"],"picked":"Deflect","floor":1},{"not_picked":["Outmaneuver","Dagger Throw"],"picked":"Quick Slash","floor":7},{"not_picked":["Dagger Throw","Reflex"],"picked":"Footwork","floor":11},{"not_picked":["Flying Knee","Expertise"],"picked":"Skewer","floor":12},{"not_picked":["Well Laid Plans","Prepared"],"picked":"Blade Dance","floor":14}],"player_experience":1210227,"relics_obtained":[{"floor":7,"key":"Kunai"},{"floor":11,"key":"Orichalcum"}],"event_choices":[{"damage_healed":0,"gold_gain":0,"player_choice":"Grow","damage_taken":0,"max_hp_gain":0,"max_hp_loss":0,"event_name":"Living Wall","floor":2,"gold_loss":0,"cards_upgraded":["Neutralize"]},{"damage_healed":0,"gold_gain":0,"player_choice":"Entered Light","damage_taken":20,"max_hp_gain":0,"max_hp_loss":0,"event_name":"Shining Light","floor":3,"gold_loss":0,"cards_upgraded":["Defend_G","Strike_G"]},{"damage_healed":0,"gold_gain":150,"player_choice":"AGREE","damage_taken":0,"max_hp_gain":0,"max_hp_loss":0,"event_name":"Liars Game","floor":5,"gold_loss":0,"cards_obtained":["Doubt"]}],"is_beta":true,"boss_relics":[],"items_purged_floors":[],"is_endless":false,"potions_floor_spawned":[11,12],"killed_by":"Slime Boss","ascension_level":20}