{"gold_per_floor":[118,138,22,37,54,54,68,68,68,87,106,106,119,119,119,222,222,234,244,39,39,39,39,39],"floor_reached":24,"playtime":3618,"items_purged":["Bash"],"score":269,"play_id":"607e3067-cbf7-4740-91da-514d87b4ea5a","local_time":"20181228151019","is_ascension_mode":true,"campfire_choices":[{"data":"Entrench","floor":6,"key":"SMITH"},{"data":"True Grit","floor":8,"key":"SMITH"},{"data":"Armaments","floor":12,"key":"SMITH"},{"data":"Entrench","floor":15,"key":"SMITH"},{"data":"Body Slam","floor":23,"key":"SMITH"}],"neow_cost":"NONE","seed_source_timestamp":0,"circlet_count":0,"master_deck":["Strike_R","Strike_R","Strike_R","Strike_R","Strike_R","Defend_R","Defend_R","Defend_R","Defend_R","Entrench+1","Disarm","Body Slam","Entrench+1","True Grit+1","Armaments+1","Body Slam+1","Pain","Barricade","Metallicize"],"special_seed":0,"relics":["Burning Blood","Dream Catcher","WarpedTongs","Eternal Feather","ClockworkSouvenir","Smiling Mask"],"potions_floor_usage":[5,11,11,16],"damage_taken":[{"damage":10.0,"enemies":"Small Slimes","floor":1.0,"turns":4.0},{"damage":6,"enemies":"Cultist","floor":2,"turns":3},{"damage":0,"enemies":"Jaw Worm","floor":4,"turns":7},{"damage":7,"enemies":"Looter","floor":5,"turns":5},{"damage":4,"enemies":"Red Slaver","floor":7,"turns":6},{"damage":17,"enemies":"Exordium Thugs","floor":10,"turns":9},{"damage":2,"enemies":"Looter","floor":11,"turns":5},{"damage":0,"enemies":"2 Fungi Beasts","floor":13,"turns":5},{"damage":31,"enemies":"The Guardian","floor":16,"turns":12},{"damage":32,"enemies":"Spheric Guardian","floor":18,"turns":11},{"damage":27,"enemies":"3 Byrds","floor":19,"turns":11},{"damage":50,"enemies":"Colosseum Slavers","floor":24,"turns":6}],"seed_played":"-6466937578861605873","potions_obtained":[{"floor":2,"key":"FearPotion"},{"floor":4,"key":"AttackPotion"},{"floor":5,"key":"GamblersBrew"},{"floor":11,"key":"SpeedPotion"}],"is_trial":false,"path_per_floor":["M","M","$","M","M","R","M","R","T","M","M","R","M","?","R","B",null,"M","M","$","T","$","R","?"],"character_chosen":"IRONCLAD","items_purchased":["Disarm","ClockworkSouvenir"],"campfire_rested":0,"item_purchase_floors":[3,20],"current_hp_per_floor":[84,84,84,88,87,87,88,88,88,77,81,81,87,87,87,62,82,56,35,35,35,35,44,0],"gold":39,"neow_bonus":"TEN_PERCENT_HP_BONUS","is_prod":false,"is_daily":false,"chose_seed":false,"campfire_upgraded":5,"win_rate":0,"timestamp":1545977419,"path_taken":["M","M","$","M","M","R","M","R","T","M","M","R","M","?","R","BOSS","M","?","$","?","$","R","?"],"build_version":"2018-12-20","purchased_purges":1,"victory":false,"max_hp_per_floor":[88,88,88,88,88,88,88,88,88,88,88,88,88,88,88,88,88,88,88,88,88,88,88,88],"card_choices":[{"not_picked":["Body Slam","Iron Wave"],"picked":"Entrench","floor":1.0},{"not_picked":["Dual Wield","Wild Strike","Perfected Strike"],"picked":"SKIP","floor":2},{"not_picked":["Anger","Ghostly Armor"],"picked":"Body Slam","floor":4},{"not_picked":["Iron Wave","Evolve"],"picked":"Entrench","floor":5},{"not_picked":["Disarm","Havoc"],"picked":"True Grit","floor":7},{"not_picked":["Twin Strike","Combust","Headbutt"],"picked":"SKIP","floor":10},{"not_picked":["Ghostly Armor","Clash"],"picked":"Armaments","floor":11},{"not_picked":["Havoc","Sever Soul"],"picked":"Body Slam","floor":13},{"not_picked":["Berserk","Feed"],"picked":"Barricade","floor":16},{"not_picked":["Spot Weakness","Wild Strike"],"picked":"Metallicize","floor":18},{"not_picked":["Second Wind","Uppercut","Bloodletting+1"],"picked":"SKIP","floor":19}],"player_experience":217901,"relics_obtained":[{"floor":9,"key":"Dream Catcher"},{"floor":21,"key":"Smiling Mask"}],"event_choices":[{"damage_healed":0,"gold_gain":0,"player_choice":"Rummage","damage_taken":0,"relics_obtained":["WarpedTongs"],"max_hp_gain":0,"max_hp_loss":0,"event_name":"Accursed Blacksmith","floor":14,"gold_loss":0,"cards_obtained":["Pain"]},{"damage_healed":0,"gold_gain":0,"player_choice":"Fight","damage_taken":0,"max_hp_gain":0,"max_hp_loss":0,"event_name":"Colosseum","floor":24,"gold_loss":0}],"is_beta":false,"boss_relics":[{"not_picked":["Orrery","Coffee Dripper"],"picked":"Eternal Feather"}],"items_purged_floors":[3],"is_endless":false,"potions_floor_spawned":[2,4,5,11],"killed_by":"Colosseum Slavers","ascension_level":5}