{"gold_per_floor":[110,110,125,72,87,116,191,191,191,191,219,238,250,29,29,103,103,115,115,115,115,134,148,148,182,182,182,17,50,62,82,82,155,155,166,166,166,221,235,235,260,260,260,150,177,188,9,25,25,25,25,25,25,25,57,57],"floor_reached":56,"playtime":2710,"items_purged":["Strike_B"],"score":2141,"play_id":"49a456ab-cd1f-49e6-93ae-979f533cf734","local_time":"20181106000910","is_ascension_mode":true,"campfire_choices":[{"floor":8.0,"key":"REST"},{"data":"Buffer","floor":10.0,"key":"SMITH"},{"data":"Loop","floor":15.0,"key":"SMITH"},{"floor":24.0,"key":"REST"},{"floor":27.0,"key":"REST"},{"floor":32.0,"key":"REST"},{"floor":40.0,"key":"REST"},{"floor":42.0,"key":"REST"},{"floor":49.0,"key":"RECALL"},{"floor":53.0,"key":"REST"}],"neow_cost":"NONE","seed_source_timestamp":223814572617717,"circlet_count":0,"master_deck":["AscendersBane","Strike_B","Defend_B","Defend_B","Defend_B","Defend_B","Zap+1","Dualcast","Capacitor","Ball Lightning","Loop+1","Buffer+1","Doom and Gloom","Leap","Sweeping Beam","Thunder Strike","Cold Snap","RitualDagger","Defragment+1","Chaos+1","Ball Lightning+1","Defragment","Ball Lightning","Go for the Eyes","Stack+1","FTL","Barrage+1","Biased Cognition","Conserve Battery+1","Master of Strategy","Apotheosis","Thinking Ahead","Consume","Coolheaded","Static Discharge","Defragment","Conserve Battery+1","Buffer"],"special_seed":0,"relics":["FrozenCore","NeowsBlessing","Sundial","Smiling Mask","Bronze Scales","DataDisk","Fusion Hammer","FossilizedHelix","Art of War","Mango","Oddly Smooth Stone","Singing Bowl","Vajra","Potion Belt"],"potions_floor_usage":[56,56],"damage_taken":[{"damage":0.0,"enemies":"Small Slimes","floor":1.0,"turns":1.0},{"damage":0.0,"enemies":"Cultist","floor":3.0,"turns":1.0},{"damage":0.0,"enemies":"2 Louse","floor":5.0,"turns":1.0},{"damage":35.0,"enemies":"3 Sentries","floor":6.0,"turns":6.0},{"damage":0.0,"enemies":"Lagavulin","floor":11.0,"turns":6.0},{"damage":1.0,"enemies":"2 Fungi Beasts","floor":12.0,"turns":3.0},{"damage":8.0,"enemies":"Blue Slaver","floor":13.0,"turns":5.0},{"damage":17.0,"enemies":"Hexaghost","floor":16.0,"turns":8.0},{"damage":14.0,"enemies":"Shell Parasite","floor":18.0,"turns":3.0},{"damage":6.0,"enemies":"Spheric Guardian","floor":22.0,"turns":4.0},{"damage":0.0,"enemies":"Cultist and Chosen","floor":23.0,"turns":5.0},{"damage":49.0,"enemies":"Book of Stabbing","floor":25.0,"turns":4.0},{"damage":14.0,"enemies":"Gremlin Leader","floor":29.0,"turns":5.0},{"damage":0.0,"enemies":"Centurion and Healer","floor":30.0,"turns":6.0},{"damage":0.0,"enemies":"Snake Plant","floor":31.0,"turns":4.0},{"damage":0.0,"enemies":"Champ","floor":33.0,"turns":11.0},{"damage":0.0,"enemies":"Orb Walker","floor":35.0,"turns":3.0},{"damage":10.0,"enemies":"2 Orb Walkers","floor":38.0,"turns":6.0},{"damage":0.0,"enemies":"3 Darklings","floor":39.0,"turns":6.0},{"damage":52.0,"enemies":"Reptomancer","floor":41.0,"turns":10.0},{"damage":6.0,"enemies":"Nemesis","floor":45.0,"turns":9.0},{"damage":0.0,"enemies":"Spire Growth","floor":46.0,"turns":7.0},{"damage":0.0,"enemies":"Writhing Mass","floor":48.0,"turns":7.0},{"damage":28.0,"enemies":"Awakened One","floor":50.0,"turns":14.0},{"damage":16.0,"enemies":"Time Eater","floor":51.0,"turns":20.0},{"damage":59.0,"enemies":"Shield and Spear","floor":55.0,"turns":8.0},{"damage":32,"enemies":"The Heart","floor":56,"turns":5}],"seed_played":"4251799412906361874","potions_obtained":[{"floor":1.0,"key":"Weak Potion"},{"floor":6.0,"key":"Poison Potion"},{"floor":11.0,"key":"SneckoOil"},{"floor":12.0,"key":"Regen Potion"},{"floor":16.0,"key":"Strength Potion"},{"floor":18.0,"key":"Explosive Potion"},{"floor":29.0,"key":"Block Potion"},{"floor":33.0,"key":"Explosive Potion"},{"floor":41.0,"key":"Block Potion"},{"floor":45.0,"key":"LiquidBronze"},{"floor":46.0,"key":"Strength Potion"},{"floor":55.0,"key":"Strength Potion"}],"is_trial":false,"path_per_floor":["M","?","M","$","M","E","?","R","T","R","E","M","M","$","R","B",null,"M","?","?","?","M","M","R","E","T","R","$","E","M","M","R","B",null,"M","?","?","?","M","R","E","R","T","?","E","M","$","M","R","B","B",null,"R","$","E","B"],"character_chosen":"DEFECT","items_purchased":["Explosive Potion","DataDisk","Strength Potion","Defragment","Ball Lightning","Go for the Eyes","Defragment","FocusPotion"],"campfire_rested":7,"item_purchase_floors":[4,14,14,28,28,28,47,47],"current_hp_per_floor":[64,64,64,64,64,29,18,39,39,39,39,38,42,42,42,25,60,46,40,40,40,34,34,55,6,6,27,27,13,13,13,34,34,62,62,52,52,56,56,81,29,54,54,54,50,52,52,52,52,24,8,69,89,89,30,0],"gold":57,"neow_bonus":"THREE_ENEMY_KILL","is_prod":false,"is_daily":false,"chose_seed":false,"campfire_upgraded":2,"win_rate":0,"timestamp":1541480950,"path_taken":["M","?","M","?","?","E","?","R","T","R","E","M","M","$","R","BOSS","M","?","?","?","M","M","R","E","T","R","?","E","?","M","R","BOSS","M","?","?","?","M","R","E","R","T","?","E","M","$","M","R","BOSS","BOSS","R","$","E","BOSS"],"build_version":"2018-11-02","purchased_purges":1,"victory":false,"max_hp_per_floor":[71,71,71,71,71,71,71,71,71,71,71,71,71,71,71,71,71,71,71,71,71,71,71,71,71,71,71,71,71,71,71,71,71,71,71,71,71,85,85,85,85,85,85,85,87,89,89,89,89,89,89,89,89,89,89,89],"card_choices":[{"not_picked":["Skim","Undo"],"picked":"Capacitor","floor":1.0},{"not_picked":["White Noise","Sweeping Beam"],"picked":"Ball Lightning","floor":3.0},{"not_picked":["Double Energy","Skim"],"picked":"Loop","floor":5.0},{"not_picked":["Reprogram","Steam"],"picked":"Buffer","floor":6.0},{"not_picked":["Compile Driver","Meteor Strike"],"picked":"Doom and Gloom","floor":11.0},{"not_picked":["Undo","Barrage"],"picked":"Leap","floor":12.0},{"not_picked":["Rebound","Hologram"],"picked":"Sweeping Beam","floor":13.0},{"not_picked":["Reboot","Buffer"],"picked":"Thunder Strike","floor":16.0},{"not_picked":["Stack+1","Conserve Battery"],"picked":"Cold Snap","floor":18.0},{"not_picked":["Fusion","Streamline"],"picked":"Defragment+1","floor":22.0},{"not_picked":["Turbo","Reprogram"],"picked":"Chaos+1","floor":23.0},{"not_picked":["Hello World","Compile Driver"],"picked":"Ball Lightning+1","floor":25.0},{"not_picked":["Gash","Turbo"],"picked":"Stack+1","floor":29.0},{"not_picked":["Rebound","Cold Snap"],"picked":"FTL","floor":30.0},{"not_picked":["Double Energy","Capacitor"],"picked":"Barrage+1","floor":31.0},{"not_picked":["Reboot","Thunder Strike"],"picked":"Biased Cognition","floor":33.0},{"not_picked":["Heatsinks+1","Turbo"],"picked":"Conserve Battery+1","floor":35.0},{"not_picked":["Forethought","Purity"],"picked":"Master of Strategy","floor":36.0},{"not_picked":["Madness","Thinking Ahead"],"picked":"Apotheosis","floor":36.0},{"not_picked":["Blind","Magnetism"],"picked":"Thinking Ahead","floor":36.0},{"not_picked":["Ball Lightning","Chaos"],"picked":"Consume","floor":38.0},{"not_picked":["Conserve Battery","Reprogram"],"picked":"Coolheaded","floor":39.0},{"not_picked":["Rebound","Conserve Battery+1"],"picked":"Static Discharge","floor":41.0},{"not_picked":["Compile Driver+1","Lockon","Self Repair"],"picked":"Singing Bowl","floor":45.0},{"not_picked":["Steam","Reinforced Body","Conserve Battery"],"picked":"Singing Bowl","floor":46.0},{"not_picked":["Streamline+1","Force Field"],"picked":"Conserve Battery+1","floor":48.0},{"not_picked":["Force Field+1","Genetic Algorithm"],"picked":"Buffer","floor":55.0}],"player_experience":1163951,"relics_obtained":[{"floor":6.0,"key":"Sundial"},{"floor":9.0,"key":"Smiling Mask"},{"floor":11.0,"key":"Bronze Scales"},{"floor":25.0,"key":"FossilizedHelix"},{"floor":29.0,"key":"Art of War"},{"floor":38.0,"key":"Mango"},{"floor":41.0,"key":"Oddly Smooth Stone"},{"floor":43.0,"key":"Singing Bowl"},{"floor":45.0,"key":"Vajra"},{"floor":55.0,"key":"Potion Belt"}],"event_choices":[{"cards_removed":["Strike_B"],"damage_healed":0.0,"max_hp_gain":0.0,"max_hp_loss":0.0,"gold_gain":0.0,"event_name":"Bonfire Elementals","player_choice":"Offered Basic","floor":2.0,"gold_loss":0.0,"damage_taken":0.0},{"damage_healed":0.0,"max_hp_gain":0.0,"max_hp_loss":0.0,"gold_gain":75.0,"event_name":"World of Goop","player_choice":"Gather Gold","floor":7.0,"gold_loss":0.0,"damage_taken":11.0},{"damage_healed":0.0,"max_hp_gain":0.0,"max_hp_loss":0.0,"gold_gain":0.0,"event_name":"Nest","player_choice":"Joined the Cult","floor":19.0,"gold_loss":0.0,"damage_taken":6.0,"cards_obtained":["RitualDagger"]},{"damage_healed":0.0,"max_hp_gain":0.0,"max_hp_loss":0.0,"gold_gain":0.0,"event_name":"Vampires","player_choice":"Ignored","floor":20.0,"gold_loss":0.0,"damage_taken":0.0},{"damage_healed":0.0,"max_hp_gain":0.0,"max_hp_loss":0.0,"gold_gain":0.0,"event_name":"Beggar","player_choice":"Ignored","floor":21.0,"gold_loss":0.0,"damage_taken":0.0},{"damage_healed":0.0,"max_hp_gain":0.0,"max_hp_loss":0.0,"gold_gain":0.0,"event_name":"SensoryStone","player_choice":"Memory 3","floor":36.0,"gold_loss":0.0,"damage_taken":10.0},{"damage_healed":0.0,"max_hp_gain":0.0,"max_hp_loss":0.0,"gold_gain":0.0,"event_name":"Tomb of Lord Red Mask","player_choice":"Ignored","floor":37.0,"gold_loss":0.0,"damage_taken":0.0},{"damage_healed":0.0,"max_hp_gain":0.0,"max_hp_loss":0.0,"gold_gain":0.0,"event_name":"Mysterious Sphere","player_choice":"Fight","floor":38.0,"gold_loss":0.0,"damage_taken":0.0},{"cards_removed":["Strike_B"],"damage_healed":0.0,"max_hp_gain":0.0,"max_hp_loss":0.0,"gold_gain":0.0,"event_name":"Designer","player_choice":"Upgrade and Remove","floor":44.0,"gold_loss":110.0,"damage_taken":0.0,"cards_upgraded":["Zap"]}],"is_beta":true,"boss_relics":[{"not_picked":["Busted Crown","Runic Dome"],"picked":"Fusion Hammer"},{"not_picked":["Runic Pyramid","Cursed Key"],"picked":"FrozenCore"}],"items_purged_floors":[47],"is_endless":false,"potions_floor_spawned":[1,6,11,12,16,18,25,29,33,41,45,46,55],"killed_by":"The Heart","ascension_level":20}