{"gold_per_floor":[114,114,124,124,124,124,153,167,247,247,263,278,24,41,41,41],"floor_reached":16,"playtime":417,"items_purged":["Strike_G"],"score":254,"play_id":"9dfad8a9-68eb-431d-a2ef-4d923cde9443","local_time":"20190102231021","is_ascension_mode":true,"campfire_choices":[{"data":"Well Laid Plans","floor":6.0,"key":"SMITH"},{"data":"Endless Agony","floor":10.0,"key":"SMITH"},{"data":"Dagger Spray","floor":15.0,"key":"SMITH"}],"neow_cost":"NONE","seed_source_timestamp":148532937412625,"circlet_count":0,"master_deck":["AscendersBane","Defend_G","Defend_G","Defend_G","Defend_G","Defend_G","Strike_G","Strike_G","Strike_G","Strike_G","Survivor","Neutralize+1","Well Laid Plans+1","Endless Agony+1","Dagger Throw","Deflect","Dagger Spray+1","Footwork","Quick Slash"],"special_seed":0,"relics":["Ring of the Snake","NeowsBlessing","Blood Vial","Unceasing Top","Membership Card"],"potions_floor_usage":[],"damage_taken":[{"damage":0.0,"enemies":"Jaw Worm","floor":1.0,"turns":1.0},{"damage":0.0,"enemies":"2 Louse","floor":3.0,"turns":1.0},{"damage":0.0,"enemies":"Lagavulin","floor":7.0,"turns":1.0},{"damage":0.0,"enemies":"Small Slimes","floor":8.0,"turns":3.0},{"damage":4.0,"enemies":"Exordium Thugs","floor":11.0,"turns":5.0},{"damage":6.0,"enemies":"Red Slaver","floor":12.0,"turns":4.0},{"damage":6.0,"enemies":"Looter","floor":14.0,"turns":3.0},{"damage":54,"enemies":"Slime Boss","floor":16,"turns":10}],"seed_played":"7651655218825043812","potions_obtained":[{"floor":3.0,"key":"FearPotion"},{"floor":8.0,"key":"EntropicBrew"}],"is_trial":false,"path_per_floor":["M","?","M","?","?","R","E","M","T","R","M","M","$","M","R","B"],"character_chosen":"THE_SILENT","items_purchased":["Membership Card"],"campfire_rested":0,"item_purchase_floors":[13],"current_hp_per_floor":[59,48,50,55,55,55,57,59,59,59,57,53,53,49,49,0],"gold":41,"neow_bonus":"THREE_ENEMY_KILL","is_prod":false,"is_daily":false,"chose_seed":false,"campfire_upgraded":3,"win_rate":0,"timestamp":1546441821,"path_taken":["M","?","M","?","?","R","E","M","T","R","?","M","?","M","R","BOSS"],"build_version":"2019-01-01","purchased_purges":1,"victory":false,"max_hp_per_floor":[66,66,66,71,71,71,71,71,71,71,71,71,71,71,71,71],"card_choices":[{"not_picked":["Prepared","Sucker Punch"],"picked":"Well Laid Plans","floor":1.0},{"not_picked":["Blur","Accuracy"],"picked":"Endless Agony","floor":3.0},{"not_picked":["Bane","Outmaneuver"],"picked":"Dagger Throw","floor":7.0},{"not_picked":["Outmaneuver","Slice"],"picked":"Deflect","floor":8.0},{"not_picked":["Prepared","Quick Slash"],"picked":"Dagger Spray","floor":11.0},{"not_picked":["Distraction","Acrobatics"],"picked":"Footwork","floor":12.0},{"not_picked":["Acrobatics","Underhanded Strike"],"picked":"Quick Slash","floor":14.0}],"player_experience":1297462,"relics_obtained":[{"floor":7.0,"key":"Unceasing Top"}],"event_choices":[{"damage_healed":0.0,"max_hp_gain":0.0,"max_hp_loss":0.0,"gold_gain":0.0,"event_name":"Scrap Ooze","player_choice":"Success","floor":2.0,"gold_loss":0.0,"damage_taken":11.0,"relics_obtained":["Blood Vial"]},{"damage_healed":0.0,"max_hp_gain":5.0,"max_hp_loss":0.0,"gold_gain":0.0,"event_name":"Big Fish","player_choice":"Donut","floor":4.0,"gold_loss":0.0,"damage_taken":0.0},{"damage_healed":0.0,"max_hp_gain":0.0,"max_hp_loss":0.0,"gold_gain":0.0,"event_name":"Living Wall","player_choice":"Grow","floor":5.0,"gold_loss":0.0,"damage_taken":0.0,"cards_upgraded":["Neutralize"]}],"is_beta":true,"boss_relics":[],"items_purged_floors":[13],"is_endless":false,"potions_floor_spawned":[3,8],"killed_by":"Slime Boss","ascension_level":20}