{"gold_per_floor":[114,124,137,153,153,153,78,78,125,125,135,154,169,188,188,288,288,288,288,288,288,288,288,288,288,288,288,288,288,288,288,288,288,288,288,288,288,288,288,288,288,288,288,288,288,288,108,108,108,108],"floor_reached":51,"playtime":5444,"items_purged":["Strike_R","Strike_R+1"],"score":1170,"play_id":"67b3907c-0625-4d06-9238-8054b02d07e5","local_time":"20190131235638","is_ascension_mode":true,"campfire_choices":[{"data":"Shrug It Off","floor":6.0,"key":"SMITH"},{"data":"Anger","floor":8.0,"key":"SMITH"},{"data":"Cleave","floor":10.0,"key":"SMITH"},{"data":"Armaments","floor":15.0,"key":"SMITH"},{"data":"True Grit","floor":23.0,"key":"SMITH"},{"data":"Demon Form","floor":25.0,"key":"SMITH"},{"data":"Uppercut","floor":28.0,"key":"SMITH"},{"floor":32.0,"key":"REST"},{"floor":40.0,"key":"REST"},{"data":"Juggernaut","floor":44,"key":"SMITH"},{"data":"Metallicize","floor":49,"key":"SMITH"}],"neow_cost":"NONE","seed_source_timestamp":1539080062626208,"circlet_count":0,"master_deck":["AscendersBane","Strike_R+1","Strike_R+1","Strike_R+1","Defend_R+1","Defend_R+1","Defend_R+1","Defend_R+1","Bash","Exhume","Shrug It Off+1","Cleave+1","Anger+1","Feel No Pain","Armaments+1","Offering","True Grit+1","Feed","Havoc+1","Demon Form+1","Uppercut+1","Shrug It Off","Shockwave+1","Offering","Rage+1","Sword Boomerang","Pain","Juggernaut+1","Entrench","Warcry+1","Metallicize+1"],"special_seed":0,"relics":["Burning Blood","Bronze Scales","Ectoplasm","Blue Candle","Strawberry","Oddly Smooth Stone","Centennial Puzzle","Philosopher\u0027s Stone","WarpedTongs","FossilizedHelix","Pocketwatch","Dodecahedron","Lantern","NlothsMask"],"potions_floor_usage":[50,50],"damage_taken":[{"damage":13.0,"enemies":"Small Slimes","floor":1.0,"turns":5.0},{"damage":8.0,"enemies":"2 Louse","floor":2.0,"turns":3.0},{"damage":7.0,"enemies":"Jaw Worm","floor":3.0,"turns":4.0},{"damage":2.0,"enemies":"Gremlin Gang","floor":4.0,"turns":4.0},{"damage":1.0,"enemies":"Looter","floor":11.0,"turns":4.0},{"damage":9.0,"enemies":"Exordium Wildlife","floor":12.0,"turns":4.0},{"damage":5.0,"enemies":"Red Slaver","floor":13.0,"turns":3.0},{"damage":6.0,"enemies":"Large Slime","floor":14.0,"turns":6.0},{"damage":44.0,"enemies":"The Guardian","floor":16.0,"turns":10.0},{"damage":7.0,"enemies":"Spheric Guardian","floor":18.0,"turns":5.0},{"damage":16.0,"enemies":"Shell Parasite","floor":20.0,"turns":5.0},{"damage":6.0,"enemies":"3 Cultists","floor":21.0,"turns":6.0},{"damage":16.0,"enemies":"Slavers","floor":24.0,"turns":5.0},{"damage":25.0,"enemies":"Gremlin Leader","floor":27.0,"turns":7.0},{"damage":11.0,"enemies":"Snake Plant","floor":29.0,"turns":3.0},{"damage":13.0,"enemies":"Chosen and Byrds","floor":30.0,"turns":5.0},{"damage":48.0,"enemies":"Automaton","floor":33.0,"turns":10.0},{"damage":9.0,"enemies":"3 Darklings","floor":35.0,"turns":4.0},{"damage":6.0,"enemies":"Orb Walker","floor":36.0,"turns":3.0},{"damage":28.0,"enemies":"4 Shapes","floor":38.0,"turns":7.0},{"damage":13.0,"enemies":"Mind Bloom Boss Battle","floor":39.0,"turns":6.0},{"damage":25.0,"enemies":"Giant Head","floor":41.0,"turns":7.0},{"damage":2,"enemies":"Jaw Worm Horde","floor":42,"turns":4},{"damage":49,"enemies":"Reptomancer","floor":45,"turns":7},{"damage":7,"enemies":"Awakened One","floor":50,"turns":8}],"seed_played":"5354968770913357054","potions_obtained":[{"floor":3.0,"key":"SkillPotion"},{"floor":12.0,"key":"SpeedPotion"},{"floor":14.0,"key":"Poison Potion"},{"floor":20.0,"key":"EntropicBrew"},{"floor":27.0,"key":"Block Potion"},{"floor":30.0,"key":"PowerPotion"},{"floor":41.0,"key":"PowerPotion"}],"is_trial":false,"path_per_floor":["M","M","M","M","?","R","$","R","T","R","M","M","M","M","R","B",null,"M","?","M","M","T","R","E","R","T","E","R","M","M","?","R","B",null,"M","M","?","M","?","R","E","M","T","R","E","?","$","?","R","B",null],"character_chosen":"IRONCLAD","items_purchased":["Metallicize"],"campfire_rested":2,"item_purchase_floors":[47],"current_hp_per_floor":[65,63,62,66,71,71,71,71,71,71,76,73,74,74,74,36,73,72,72,65,65,65,65,65,65,65,46,46,45,38,72,102,60,92,89,89,89,73,66,98,79,91,91,91,52,105,105,105,105,107],"gold":108,"neow_bonus":"ONE_RANDOM_RARE_CARD","is_prod":false,"is_daily":false,"chose_seed":false,"campfire_upgraded":9,"win_rate":0,"timestamp":1548946598,"path_taken":["M","M","M","M","?","R","$","R","T","R","M","M","M","M","R","BOSS","M","?","M","M","?","R","E","R","T","E","R","M","?","?","R","BOSS","M","M","?","?","?","R","E","M","T","R","E","?","$","?","R","BOSS"],"build_version":"2019-01-23","purchased_purges":2,"victory":true,"max_hp_per_floor":[80,80,80,80,85,85,85,85,85,85,85,85,85,85,85,85,85,85,85,88,88,88,88,98,98,98,98,98,102,102,102,102,102,102,102,102,102,108,108,108,108,116,116,116,120,105,105,105,105,108],"card_choices":[{"not_picked":["Dual Wield","Havoc"],"picked":"Shrug It Off","floor":1.0},{"not_picked":["Thunderclap","Seeing Red"],"picked":"Cleave","floor":2.0},{"not_picked":["Burning Pact","Headbutt"],"picked":"Anger","floor":3.0},{"not_picked":["Wild Strike","Anger"],"picked":"Feel No Pain","floor":4.0},{"not_picked":["Twin Strike","Wild Strike","Anger"],"picked":"SKIP","floor":11.0},{"not_picked":["Rupture","Thunderclap"],"picked":"Armaments","floor":12.0},{"not_picked":["Heavy Blade","Twin Strike"],"picked":"Offering","floor":13.0},{"not_picked":["Infernal Blade","Clothesline"],"picked":"True Grit","floor":14.0},{"not_picked":["Fiend Fire","Double Tap"],"picked":"Feed","floor":16.0},{"not_picked":["Thunderclap","Anger","Armaments"],"picked":"SKIP","floor":18.0},{"not_picked":["Heavy Blade","Thunderclap+1"],"picked":"Havoc+1","floor":20.0},{"not_picked":["Thunderclap","Corruption","Wild Strike"],"picked":"SKIP","floor":21.0},{"not_picked":["Thunderclap","Corruption","Wild Strike"],"picked":"SKIP","floor":21.0},{"not_picked":["Evolve","Pommel Strike"],"picked":"Demon Form","floor":24.0},{"not_picked":["True Grit","Immolate"],"picked":"Uppercut","floor":27.0},{"not_picked":["Twin Strike","Clothesline"],"picked":"Shrug It Off","floor":29.0},{"not_picked":["Bloodletting","Flex+1"],"picked":"Shockwave+1","floor":30.0},{"not_picked":["Dark Embrace","Double Tap"],"picked":"Offering","floor":33.0},{"not_picked":["Anger+1","Clothesline"],"picked":"Rage+1","floor":35.0},{"not_picked":["Ghostly Armor+1","Seeing Red+1"],"picked":"Sword Boomerang","floor":36.0},{"not_picked":["Heavy Blade","Combust+1","Thunderclap+1"],"picked":"SKIP","floor":38.0},{"not_picked":["Sword Boomerang","Inflame"],"picked":"Juggernaut","floor":39.0},{"not_picked":["Headbutt","Anger"],"picked":"Entrench","floor":41.0},{"not_picked":["Uppercut","Pummel","Perfected Strike+1"],"picked":"SKIP","floor":42},{"not_picked":["Armaments+1","Infernal Blade+1"],"picked":"Warcry+1","floor":45}],"player_experience":488141,"relics_obtained":[{"floor":9.0,"key":"Bronze Scales"},{"floor":22.0,"key":"Blue Candle"},{"floor":24.0,"key":"Strawberry"},{"floor":26.0,"key":"Oddly Smooth Stone"},{"floor":27.0,"key":"Centennial Puzzle"},{"floor":39.0,"key":"FossilizedHelix"},{"floor":41.0,"key":"Pocketwatch"},{"floor":43,"key":"Dodecahedron"},{"floor":45,"key":"Lantern"}],"event_choices":[{"damage_healed":0.0,"max_hp_gain":5.0,"max_hp_loss":0.0,"gold_gain":0.0,"event_name":"Big Fish","player_choice":"Donut","floor":5.0,"gold_loss":0.0,"damage_taken":0.0},{"damage_healed":0.0,"max_hp_gain":0.0,"max_hp_loss":0.0,"gold_gain":0.0,"event_name":"Back to Basics","player_choice":"Simplicity","floor":19.0,"gold_loss":0.0,"damage_taken":0.0,"cards_upgraded":["Strike_R","Strike_R","Strike_R","Strike_R","Defend_R","Defend_R","Defend_R","Defend_R"]},{"damage_healed":34.0,"max_hp_gain":0.0,"max_hp_loss":0.0,"gold_gain":0.0,"event_name":"The Library","player_choice":"Heal","floor":31.0,"gold_loss":0.0,"damage_taken":0.0},{"damage_healed":0.0,"max_hp_gain":0.0,"max_hp_loss":0.0,"gold_gain":0.0,"event_name":"Accursed Blacksmith","player_choice":"Rummage","floor":37.0,"gold_loss":0.0,"damage_taken":0.0,"relics_obtained":["WarpedTongs"],"cards_obtained":["Pain"]},{"damage_healed":0.0,"max_hp_gain":0.0,"max_hp_loss":0.0,"gold_gain":0.0,"event_name":"MindBloom","player_choice":"Fight","floor":39.0,"gold_loss":0.0,"damage_taken":0.0},{"damage_healed":105,"gold_gain":0,"player_choice":"Heal","damage_taken":0,"max_hp_gain":0,"max_hp_loss":15,"event_name":"The Moai Head","floor":46,"gold_loss":0},{"damage_healed":0,"gold_gain":0,"player_choice":"Trade","damage_taken":0,"relics_obtained":["NlothsMask"],"max_hp_gain":0,"max_hp_loss":0,"event_name":"FaceTrader","floor":48,"gold_loss":0}],"is_beta":false,"boss_relics":[{"not_picked":["Busted Crown","Empty Cage"],"picked":"Ectoplasm"},{"not_picked":["Eternal Feather","Pandora\u0027s Box"],"picked":"Philosopher\u0027s Stone"}],"items_purged_floors":[7,47],"is_endless":false,"potions_floor_spawned":[3,12,14,20,27,30,41,42],"ascension_level":11}