{"gold_per_floor":[360,325,339,53,53,53,79,79,128,50,79,79,92,112,112,183,183,196,196,111,36,36,36,65,77,389,416,444,60,76,104,104,104],"floor_reached":33,"playtime":1571,"items_purged":["Writhe","Strike_R"],"score":607,"play_id":"5b43e531-f3d2-42a8-a6cd-cbc0ec4331f0","local_time":"20190103222354","is_ascension_mode":true,"campfire_choices":[{"data":"Inflame","floor":6.0,"key":"SMITH"},{"data":"Combust","floor":8.0,"key":"SMITH"},{"data":"Disarm","floor":15.0,"key":"SMITH"},{"floor":23.0,"key":"REST"},{"floor":25.0,"key":"REST"},{"data":"Rupture","floor":32.0,"key":"SMITH"}],"neow_cost":"PERCENT_DAMAGE","seed_source_timestamp":177999903267111,"circlet_count":0,"master_deck":["AscendersBane","Strike_R","Strike_R","Strike_R","Strike_R","Defend_R","Defend_R","Defend_R","Defend_R","Bash+1","Combust+1","Thunderclap","Inflame+1","Rampage","Disarm+1","Uppercut","Reaper","Dropkick","True Grit","Rupture+1","Dropkick","Dropkick","Shrug It Off"],"special_seed":0,"relics":["Burning Blood","Bronze Scales","Boot","Bag of Preparation","Kunai","Black Star","Torii","Mercury Hourglass","MawBank","Anchor","Old Coin","DollysMirror","Mummified Hand","WingedGreaves"],"potions_floor_usage":[],"damage_taken":[{"damage":12.0,"enemies":"Jaw Worm","floor":1.0,"turns":3.0},{"damage":10.0,"enemies":"Small Slimes","floor":3.0,"turns":3.0},{"damage":8.0,"enemies":"Gremlin Nob","floor":7.0,"turns":3.0},{"damage":31.0,"enemies":"Lagavulin","floor":11.0,"turns":6.0},{"damage":1.0,"enemies":"Cultist","floor":13.0,"turns":3.0},{"damage":5.0,"enemies":"Looter","floor":14.0,"turns":3.0},{"damage":34.0,"enemies":"The Guardian","floor":16.0,"turns":11.0},{"damage":37.0,"enemies":"Chosen","floor":18.0,"turns":5.0},{"damage":29.0,"enemies":"Book of Stabbing","floor":24.0,"turns":5.0},{"damage":21.0,"enemies":"Shell Parasite","floor":27.0,"turns":4.0},{"damage":13.0,"enemies":"Centurion and Healer","floor":28.0,"turns":7.0},{"damage":11.0,"enemies":"Snake Plant","floor":30.0,"turns":4.0},{"damage":25.0,"enemies":"Slavers","floor":31.0,"turns":5.0},{"damage":81,"enemies":"Champ","floor":33,"turns":9}],"seed_played":"-6929415924626284172","potions_obtained":[{"floor":1.0,"key":"Explosive Potion"},{"floor":3.0,"key":"Strength Potion"},{"floor":11.0,"key":"SkillPotion"},{"floor":14.0,"key":"LiquidBronze"},{"floor":18.0,"key":"PowerPotion"},{"floor":28.0,"key":"LiquidBronze"}],"is_trial":false,"path_per_floor":["M","?","M","$","?","R","E","R","T","$","E","?","M","M","R","B",null,"M","?","?","$","$","R","E","R","T","M","M","$","M","E","R","B"],"character_chosen":"IRONCLAD","items_purchased":["Bronze Scales","Inflame","Rampage","Uppercut","Dropkick","DollysMirror"],"campfire_rested":2,"item_purchase_floors":[4,4,4,10,29,29],"current_hp_per_floor":[44,62,58,58,58,58,56,56,56,56,31,31,36,37,37,9,59,28,28,28,28,28,50,37,59,59,44,47,47,42,40,40,0],"gold":104,"neow_bonus":"TWO_FIFTY_GOLD","is_prod":false,"is_daily":false,"chose_seed":false,"campfire_upgraded":4,"win_rate":0,"timestamp":1546525434,"path_taken":["M","?","M","$","?","R","E","R","T","$","E","?","M","M","R","BOSS","M","?","?","?","$","R","E","R","T","M","M","$","?","E","R","BOSS"],"build_version":"2019-01-02","purchased_purges":2,"victory":false,"max_hp_per_floor":[75,75,75,75,75,75,75,75,75,75,75,75,75,75,75,75,75,75,75,75,75,75,75,75,75,75,75,75,75,75,75,75,75],"card_choices":[{"not_picked":["Heavy Blade","Searing Blow"],"picked":"Combust","floor":1.0},{"not_picked":["Second Wind","Rage"],"picked":"Thunderclap","floor":3.0},{"not_picked":["Pummel","Rampage"],"picked":"Disarm","floor":7.0},{"not_picked":["Cleave","Infernal Blade","Second Wind"],"picked":"SKIP","floor":11.0},{"not_picked":["Burning Pact","Perfected Strike","Clash"],"picked":"SKIP","floor":13.0},{"not_picked":["Fire Breathing","Thunderclap","Wild Strike"],"picked":"SKIP","floor":14.0},{"not_picked":["Juggernaut","Berserk"],"picked":"Reaper","floor":16.0},{"not_picked":["Body Slam","Warcry"],"picked":"Dropkick","floor":18.0},{"not_picked":["Barricade","Second Wind"],"picked":"True Grit","floor":24.0},{"not_picked":["Iron Wave","Havoc"],"picked":"Rupture","floor":27.0},{"not_picked":["Flex","Havoc","Wild Strike+1"],"picked":"SKIP","floor":28.0},{"not_picked":["Double Tap","Metallicize"],"picked":"Shrug It Off","floor":30.0},{"not_picked":["Uppercut","Clash+1","Bloodletting"],"picked":"SKIP","floor":31.0}],"player_experience":1317025,"relics_obtained":[{"floor":7.0,"key":"Boot"},{"floor":9.0,"key":"Bag of Preparation"},{"floor":11.0,"key":"Kunai"},{"floor":24.0,"key":"MawBank"},{"floor":24.0,"key":"Anchor"},{"floor":26.0,"key":"Old Coin"},{"floor":31.0,"key":"Mummified Hand"},{"floor":31.0,"key":"WingedGreaves"}],"event_choices":[{"damage_healed":18.0,"max_hp_gain":0.0,"max_hp_loss":0.0,"gold_gain":0.0,"event_name":"The Cleric","player_choice":"Healed","floor":2.0,"gold_loss":35.0,"damage_taken":0.0},{"damage_healed":0.0,"max_hp_gain":0.0,"max_hp_loss":0.0,"gold_gain":0.0,"event_name":"Living Wall","player_choice":"Grow","floor":5.0,"gold_loss":0.0,"damage_taken":0.0,"cards_upgraded":["Bash"]},{"damage_healed":0.0,"max_hp_gain":0.0,"max_hp_loss":0.0,"gold_gain":0.0,"event_name":"Liars Game","player_choice":"Ignored","floor":12.0,"gold_loss":0.0,"damage_taken":0.0},{"damage_healed":0.0,"max_hp_gain":0.0,"max_hp_loss":0.0,"gold_gain":0.0,"event_name":"The Mausoleum","player_choice":"Opened","floor":19.0,"gold_loss":0.0,"damage_taken":0.0,"relics_obtained":["Torii"],"cards_obtained":["Writhe"]},{"damage_healed":0.0,"max_hp_gain":0.0,"max_hp_loss":0.0,"gold_gain":0.0,"event_name":"Addict","player_choice":"Obtained Relic","floor":20.0,"gold_loss":85.0,"damage_taken":0.0,"relics_obtained":["Mercury Hourglass"]}],"is_beta":true,"boss_relics":[{"not_picked":["White Beast Statue","Eternal Feather"],"picked":"Black Star"}],"items_purged_floors":[21,29],"is_endless":false,"potions_floor_spawned":[1,3,11,14,18,28],"killed_by":"Champ","ascension_level":20}