{"path_per_floor":["M","M","$","M","M","R","E","R","T","?","M","R","E","$","R","B",null,"M","M","M","M","M","R","E","M","T","R"],"character_chosen":"IRONCLAD","items_purchased":["Twin Strike","Happy Flower","Block Potion"],"gold_per_floor":[109,128,53,69,89,89,115,115,115,290,308,308,335,13,13,110,110,121,132,146,163,182,182,214,232,280,280,280],"floor_reached":28,"campfire_rested":4,"playtime":1122,"item_purchase_floors":[],"current_hp_per_floor":[93,96,93,85,72,72,69,69,69,69,43,70,31,31,58,55,86,84,57,35,44,38,68,62,17,17,48,29],"items_purged":["Parasite","Doubt"],"gold":280,"score":353,"play_id":"fa320e78-92a9-4c1a-805f-0ec47091d789","local_time":"20180530202649","is_prod":false,"is_daily":false,"chose_seed":false,"is_ascension_mode":true,"campfire_upgraded":2,"win_rate":0,"timestamp":1527704809,"campfire_choices":[{"data":"Whirlwind","floor":6.0,"key":"SMITH"},{"data":"Clash","floor":8.0,"key":"SMITH"},{"floor":12.0,"key":"REST"},{"floor":15.0,"key":"REST"},{"floor":23.0,"key":"REST"},{"floor":27,"key":"REST"}],"path_taken":["M","M","$","M","M","R","E","R","T","?","M","R","E","$","R","BOSS","M","M","M","M","M","R","E","M","T","R","M"],"build_version":"2018-05-24","seed_source_timestamp":554500064650692,"purchased_purges":2,"victory":false,"master_deck":["Strike_R","Strike_R","Strike_R","Strike_R","Strike_R","Defend_R","Defend_R","Defend_R","Defend_R","Bash","Metallicize","Clash+1","Disarm","Whirlwind+1","Clash","Feed","Armaments","Twin Strike","Dark Embrace","Flex","Fire Breathing","Armaments+1","Blood for Blood+1","Bloodletting+1","Clash","Corruption+1"],"max_hp_per_floor":[96,96,93,93,93,93,93,93,93,93,93,93,93,93,93,96,96,99,99,99,102,102,102,102,105,105,105,105],"relics":["Burning Blood","Bronze Scales","Bag of Preparation","Mercury Hourglass","Happy Flower","White Beast Statue","Ancient Tea Set","Juzu Bracelet"],"card_choices":[{"not_picked":["Havoc","Flex"],"picked":"Metallicize","floor":1.0},{"not_picked":["Sword Boomerang","Combust"],"picked":"Clash","floor":2.0},{"not_picked":["Combust","Clash"],"picked":"Disarm","floor":4.0},{"not_picked":["Rage","Dropkick"],"picked":"Whirlwind","floor":5.0},{"not_picked":["Perfected Strike","Corruption"],"picked":"Clash","floor":7.0},{"not_picked":["Headbutt","Clash"],"picked":"Feed","floor":11.0},{"not_picked":["Disarm","Battle Trance"],"picked":"Armaments","floor":13.0},{"not_picked":["Immolate","Limit Break"],"picked":"Dark Embrace","floor":16.0},{"not_picked":["Sever Soul","True Grit"],"picked":"Flex","floor":18.0},{"not_picked":["True Grit","Reckless Charge"],"picked":"Fire Breathing","floor":19.0},{"not_picked":["Warcry+1","Corruption"],"picked":"Armaments+1","floor":20.0},{"not_picked":["Fire Breathing","Wild Strike"],"picked":"Blood for Blood+1","floor":21.0},{"not_picked":["Warcry","Body Slam"],"picked":"Bloodletting+1","floor":22.0},{"not_picked":["Iron Wave","Anger"],"picked":"Clash","floor":24.0},{"not_picked":["Armaments","Sword Boomerang+1"],"picked":"Corruption+1","floor":25}],"player_experience":528614,"potions_floor_usage":[28],"damage_taken":[{"damage":1.0,"enemies":"2 Louse","floor":1.0,"turns":2.0},{"damage":0.0,"enemies":"Jaw Worm","floor":2.0,"turns":5.0},{"damage":14.0,"enemies":"Small Slimes","floor":4.0,"turns":4.0},{"damage":19.0,"enemies":"Exordium Thugs","floor":5.0,"turns":6.0},{"damage":9.0,"enemies":"Gremlin Nob","floor":7.0,"turns":4.0},{"damage":32.0,"enemies":"Exordium Wildlife","floor":11.0,"turns":4.0},{"damage":45.0,"enemies":"Lagavulin","floor":13.0,"turns":8.0},{"damage":12.0,"enemies":"The Guardian","floor":16.0,"turns":9.0},{"damage":11.0,"enemies":"Shell Parasite","floor":18.0,"turns":4.0},{"damage":33.0,"enemies":"Chosen","floor":19.0,"turns":5.0},{"damage":28.0,"enemies":"Slaver and Parasite","floor":20.0,"turns":3.0},{"damage":0.0,"enemies":"Chosen and Byrds","floor":21.0,"turns":3.0},{"damage":12.0,"enemies":"Snake Plant","floor":22.0,"turns":4.0},{"damage":12.0,"enemies":"Gremlin Leader","floor":24.0,"turns":7.0},{"damage":54.0,"enemies":"Snecko","floor":25.0,"turns":6.0},{"damage":19,"enemies":"Cultist and Chosen","floor":28,"turns":5}],"relics_obtained":[{"floor":7.0,"key":"Bronze Scales"},{"floor":9.0,"key":"Bag of Preparation"},{"floor":13.0,"key":"Mercury Hourglass"},{"floor":24.0,"key":"Ancient Tea Set"},{"floor":26,"key":"Juzu Bracelet"}],"event_choices":[{"event_name":"Liars Game","player_choice":"agreed","floor":10.0,"damage_taken":0.0}],"boss_relics":[],"items_purged_floors":[],"potions_floor_spawned":[5,11,13,16,18,19,20,21,22,24,25],"seed_played":"5332109927712150307","killed_by":"Cultist and Chosen","ascension_level":6,"potions_obtained":[{"floor":5.0,"key":"Block Potion"},{"floor":11.0,"key":"Explosive Potion"},{"floor":13.0,"key":"SkillPotion"},{"floor":16.0,"key":"FearPotion"},{"floor":18.0,"key":"Explosive Potion"},{"floor":20.0,"key":"Weak Potion"},{"floor":21.0,"key":"Energy Potion"},{"floor":22.0,"key":"SpeedPotion"},{"floor":24.0,"key":"SteroidPotion"},{"floor":25,"key":"SkillPotion"}],"is_trial":false}