{"path_per_floor":["M","?","M","M","M","E","R","E","T","M","M","M","M","$","R","B",null,"M","M","?","M","M","R","E","M","T","E","M","M","M","M","R"],"character_chosen":"IRONCLAD","items_purchased":["Shrug It Off","Metallicize","Fire Potion"],"gold_per_floor":[12,12,27,39,52,84,84,115,115,131,144,159,179,13,13,118,118,135,154,404,416,432,432,466,482,482,507,522,540,551,565,565,565],"floor_reached":33,"campfire_rested":1,"playtime":2027,"current_hp_per_floor":[80,64,68,74,75,47,47,44,44,48,60,55,57,57,57,61,75,69,61,61,71,72,72,49,47,47,30,42,64,58,59,88,0],"items_purged":[],"gold":565,"score":436,"play_id":"63c2c311-ae6c-406e-9587-7f9d67f6cb2b","local_time":"20180518130502","is_prod":false,"is_daily":false,"chose_seed":false,"is_ascension_mode":true,"campfire_upgraded":3,"timestamp":1526641502,"campfire_choices":[{"data":"Fire Breathing","floor":7,"key":"SMITH"},{"data":"Demon Form","floor":15,"key":"SMITH"},{"data":"Metallicize","floor":23,"key":"SMITH"},{"floor":32,"key":"REST"}],"path_taken":["M","?","M","M","M","E","R","E","T","M","?","M","M","$","R","BOSS","M","M","?","?","M","R","E","M","T","E","M","?","?","M","R","BOSS"],"build_version":"2018-05-17","seed_source_timestamp":357810089401204,"purchased_purges":0,"victory":false,"master_deck":["Strike_R","Strike_R","Strike_R+1","Strike_R","Strike_R","Defend_R","Defend_R","Defend_R","Defend_R","Bash+1","Rage","Headbutt","Metallicize+1","Blood for Blood","Fire Breathing+1","Demon Form+1","Body Slam+1","Headbutt+1","Infernal Blade","Carnage+1","Shrug It Off","Metallicize","Feed+1","True Grit+1","Wild Strike+1","Regret","Battle Trance+1","Sever Soul+1","Heavy Blade+1","Clothesline+1","Clothesline+1","Whirlwind+1","Headbutt+1","Clash+1","Wild Strike+1"],"max_hp_per_floor":[80,80,80,80,80,80,80,80,80,80,80,80,80,80,80,80,80,80,80,80,84,84,84,88,88,88,95,95,95,95,99,99,99],"relics":["Burning Blood","Ginger","Ancient Tea Set","Molten Egg 2","Bird Faced Urn","Snecko Eye","Gambling Chip","Meat on the Bone","Strawberry"],"card_choices":[{"not_picked":["True Grit","Warcry"],"picked":"Rage","floor":1},{"not_picked":["Twin Strike","Sword Boomerang"],"picked":"Headbutt","floor":3},{"not_picked":["Twin Strike","Inflame"],"picked":"Metallicize","floor":4},{"not_picked":["Exhume","Shrug It Off"],"picked":"Blood for Blood","floor":5},{"not_picked":["Twin Strike","Thunderclap"],"picked":"Fire Breathing","floor":6},{"not_picked":["Armaments","Pommel Strike"],"picked":"Demon Form","floor":8},{"not_picked":["Fire Breathing","True Grit"],"picked":"Body Slam+1","floor":10},{"not_picked":["Shrug It Off","Havoc"],"picked":"Headbutt+1","floor":11},{"not_picked":["True Grit","Armaments"],"picked":"Infernal Blade","floor":12},{"not_picked":["True Grit","Rupture"],"picked":"Carnage+1","floor":13},{"not_picked":["Exhume","Double Tap"],"picked":"Feed+1","floor":16},{"not_picked":["Disarm","Fire Breathing"],"picked":"True Grit+1","floor":18},{"not_picked":["Shockwave","Corruption"],"picked":"Wild Strike+1","floor":19},{"not_picked":["Rampage+1","Seeing Red"],"picked":"Battle Trance+1","floor":21},{"not_picked":["Feel No Pain","Shrug It Off"],"picked":"Sever Soul+1","floor":22},{"not_picked":["Havoc","Wild Strike+1"],"picked":"Heavy Blade+1","floor":24},{"not_picked":["Warcry","Armaments"],"picked":"Clothesline+1","floor":25},{"not_picked":["Clash+1","Armaments"],"picked":"Clothesline+1","floor":27},{"not_picked":["Thunderclap+1","Clash+1"],"picked":"Whirlwind+1","floor":28},{"not_picked":["Pommel Strike+1","Battle Trance"],"picked":"Headbutt+1","floor":29},{"not_picked":["Battle Trance","Havoc"],"picked":"Clash+1","floor":30},{"not_picked":["Anger+1","Twin Strike+1"],"picked":"Wild Strike+1","floor":31}],"player_experience":487149,"potions_floor_usage":[5,8,11,16,21,21,24,29,31],"damage_taken":[{"damage":5,"enemies":"Small Slimes","floor":1,"turns":3},{"damage":2,"enemies":"Jaw Worm","floor":3,"turns":4},{"damage":0,"enemies":"Cultist","floor":4,"turns":2},{"damage":5,"enemies":"Red Slaver","floor":5,"turns":4},{"damage":34,"enemies":"Lagavulin","floor":6,"turns":6},{"damage":9,"enemies":"3 Sentries","floor":8,"turns":9},{"damage":8,"enemies":"Large Slime","floor":10,"turns":6},{"damage":0,"enemies":"Gremlin Gang","floor":11,"turns":5},{"damage":13,"enemies":"Looter","floor":12,"turns":3},{"damage":8,"enemies":"Exordium Wildlife","floor":13,"turns":4},{"damage":18,"enemies":"Hexaghost","floor":16,"turns":8},{"damage":18,"enemies":"Chosen","floor":18,"turns":4},{"damage":18,"enemies":"Shell Parasite","floor":19,"turns":4},{"damage":9,"enemies":"3 Cultists","floor":21,"turns":3},{"damage":7,"enemies":"Cultist and Chosen","floor":22,"turns":3},{"damage":37,"enemies":"Slavers","floor":24,"turns":4},{"damage":16,"enemies":"Centurion and Healer","floor":25,"turns":5},{"damage":44,"enemies":"Gremlin Leader","floor":27,"turns":6},{"damage":8,"enemies":"Snake Plant","floor":28,"turns":3},{"damage":0,"enemies":"Sentry and Sphere","floor":29,"turns":3},{"damage":14,"enemies":"Chosen and Byrds","floor":30,"turns":4},{"damage":11,"enemies":"Cultist and Chosen","floor":31,"turns":4},{"damage":97,"enemies":"Automaton","floor":33,"turns":8}],"relics_obtained":[{"floor":6,"key":"Ancient Tea Set"},{"floor":8,"key":"Molten Egg 2"},{"floor":9,"key":"Bird Faced Urn"},{"floor":24,"key":"Gambling Chip"},{"floor":26,"key":"Meat on the Bone"},{"floor":27,"key":"Strawberry"}],"event_choices":[{"event_name":"Shining Light","player_choice":"Entered Light","floor":2,"damage_taken":0},{"event_name":"Golden Shrine","player_choice":"Desecrate","floor":20,"damage_taken":0}],"boss_relics":[{"not_picked":["Eternal Feather","Calling Bell"],"picked":"Snecko Eye"}],"potions_floor_spawned":[3,6,10,13,16,18,19,25,29],"seed_played":"5847214961072546142","killed_by":"Automaton","ascension_level":5,"potions_obtained":[{"floor":3,"key":"SteroidPotion"},{"floor":6,"key":"FearPotion"},{"floor":10,"key":"Block Potion"},{"floor":13,"key":"BloodPotion"},{"floor":16,"key":"Weak Potion"},{"floor":18,"key":"Energy Potion"},{"floor":19,"key":"Regen Potion"},{"floor":25,"key":"Explosive Potion"},{"floor":29,"key":"Block Potion"}],"is_trial":false}