{"gold_per_floor":[110,128,278,353,278,278,312,25,25,25,49,75,75,102,102,177,177,194,194,194,194,224,224,224],"floor_reached":24,"playtime":1097,"items_purged":[],"score":462,"play_id":"37c33eb0-8f7d-4c5f-8764-3a99106344d6","local_time":"20181205145544","is_ascension_mode":true,"campfire_choices":[{"data":"Buffer","floor":6.0,"key":"SMITH"},{"data":"Defragment","floor":13.0,"key":"SMITH"},{"data":"Zap","floor":15.0,"key":"SMITH"},{"floor":23,"key":"REST"}],"neow_cost":"NONE","seed_source_timestamp":184812414701630,"circlet_count":0,"master_deck":["AscendersBane","Strike_B","Strike_B","Defend_B","Defend_B","Defend_B+1","Defend_B","Zap+1","Dualcast","Buffer+1","Cold Snap","Defragment+1","Echo Form","Capacitor","Conserve Battery","Coolheaded+1","Ball Lightning","Core Surge","Hologram","Cold Snap","Ball Lightning","Ball Lightning","Compile Driver","Creative AI"],"special_seed":0,"relics":["Cracked Core","Bag of Preparation","Anchor","Pocketwatch","DataDisk","War Paint","Juzu Bracelet","Orrery","Red Mask"],"potions_floor_usage":[22],"damage_taken":[{"damage":9.0,"enemies":"Jaw Worm","floor":1.0,"turns":3.0},{"damage":0.0,"enemies":"2 Louse","floor":2.0,"turns":2.0},{"damage":5.0,"enemies":"Lagavulin","floor":7.0,"turns":9.0},{"damage":32.0,"enemies":"Gremlin Nob","floor":12.0,"turns":5.0},{"damage":0.0,"enemies":"3 Sentries","floor":14.0,"turns":6.0},{"damage":13.0,"enemies":"Hexaghost","floor":16.0,"turns":9.0},{"damage":0.0,"enemies":"Chosen","floor":18.0,"turns":5.0},{"damage":29,"enemies":"Masked Bandits","floor":22,"turns":5},{"damage":59,"enemies":"Gremlin Leader","floor":24,"turns":4}],"seed_played":"-8202975660725192968","potions_obtained":[{"floor":12.0,"key":"Explosive Potion"},{"floor":16.0,"key":"Strength Potion"}],"is_trial":false,"path_per_floor":["M","M","?","?","?","R","E","$","T","?","T","E","R","E","R","B",null,"M","?","?","T","?","R","E"],"character_chosen":"DEFECT","items_purchased":["Capacitor","Anchor","Conserve Battery"],"campfire_rested":1,"item_purchase_floors":[8,8,8],"current_hp_per_floor":[55,55,55,44,44,44,39,39,39,62,62,30,30,30,30,17,58,58,58,58,58,29,50,0],"gold":224,"neow_bonus":"ONE_RANDOM_RARE_CARD","is_prod":false,"is_daily":false,"chose_seed":false,"campfire_upgraded":3,"win_rate":0,"timestamp":1544039744,"path_taken":["M","M","?","?","?","R","E","$","T","?","?","E","R","E","R","BOSS","M","?","?","?","?","R","E"],"build_version":"2018-12-05","purchased_purges":0,"victory":false,"max_hp_per_floor":[71,71,71,71,71,71,71,71,71,71,71,71,71,71,71,71,71,71,71,71,71,71,71,71],"card_choices":[{"not_picked":["Compile Driver","Streamline"],"picked":"Cold Snap","floor":1.0},{"not_picked":["Streamline","Compile Driver"],"picked":"Defragment","floor":2.0},{"not_picked":["Auto Shields","Ball Lightning"],"picked":"Echo Form","floor":7.0},{"not_picked":["Amplify","Go for the Eyes"],"picked":"Coolheaded","floor":12.0},{"not_picked":["Barrage","Recycle"],"picked":"Ball Lightning","floor":14.0},{"not_picked":["Hyperbeam","All For One"],"picked":"Core Surge","floor":16.0},{"not_picked":["Rebound","Beam Cell"],"picked":"Hologram","floor":17.0},{"not_picked":["Leap","Go for the Eyes"],"picked":"Cold Snap","floor":17.0},{"not_picked":["Compile Driver","Darkness"],"picked":"Ball Lightning","floor":17.0},{"not_picked":["Compile Driver","Capacitor"],"picked":"Ball Lightning","floor":17.0},{"not_picked":["Hologram","White Noise","Storm"],"picked":"SKIP","floor":18.0}],"player_experience":1179243,"relics_obtained":[{"floor":7.0,"key":"Bag of Preparation"},{"floor":9.0,"key":"Pocketwatch"},{"floor":11.0,"key":"DataDisk"},{"floor":12.0,"key":"War Paint"},{"floor":14.0,"key":"Juzu Bracelet"},{"floor":22,"key":"Red Mask"}],"event_choices":[{"damage_healed":0.0,"max_hp_gain":0.0,"max_hp_loss":0.0,"gold_gain":150.0,"event_name":"Liars Game","player_choice":"AGREE","floor":3.0,"gold_loss":0.0,"damage_taken":0.0,"cards_obtained":["Doubt"]},{"damage_healed":0.0,"max_hp_gain":0.0,"max_hp_loss":0.0,"gold_gain":75.0,"event_name":"World of Goop","player_choice":"Gather Gold","floor":4.0,"gold_loss":0.0,"damage_taken":11.0},{"cards_removed":["Doubt"],"damage_healed":0.0,"max_hp_gain":0.0,"max_hp_loss":0.0,"gold_gain":0.0,"event_name":"The Cleric","player_choice":"Card Removal","floor":5.0,"gold_loss":75.0,"damage_taken":0.0},{"damage_healed":23.0,"max_hp_gain":0.0,"max_hp_loss":0.0,"gold_gain":0.0,"event_name":"Big Fish","player_choice":"Banana","floor":10.0,"gold_loss":0.0,"damage_taken":0.0},{"damage_healed":0.0,"max_hp_gain":0.0,"max_hp_loss":0.0,"gold_gain":0.0,"event_name":"Vampires","player_choice":"Ignored","floor":19.0,"gold_loss":0.0,"damage_taken":0.0},{"damage_healed":0.0,"max_hp_gain":0.0,"max_hp_loss":0.0,"gold_gain":0.0,"cards_transformed":["Strike_B","Strike_B"],"event_name":"Drug Dealer","player_choice":"Became Test Subject","floor":20.0,"gold_loss":0.0,"damage_taken":0.0,"cards_obtained":["Compile Driver","Creative AI"]},{"damage_healed":0,"gold_gain":0,"player_choice":"Fought Bandits","damage_taken":0,"max_hp_gain":0,"max_hp_loss":0,"event_name":"Masked Bandits","floor":22,"gold_loss":0}],"is_beta":true,"boss_relics":[{"not_picked":["Eternal Feather","Velvet Choker"],"picked":"Orrery"}],"items_purged_floors":[],"is_endless":false,"potions_floor_spawned":[12,16],"killed_by":"Gremlin Leader","ascension_level":20}