{"gold_per_floor":[218,47,63,13,23,82,82,117,117,117,182,182,207,233,233,336,336,349,364,287,307,319,319,348,348,371,74,399,413,413,413,413,508,508,526,76,0,0,0,34,34,34,79,79,95,95,95,108,108,108],"floor_reached":51,"playtime":5559,"items_purged":["Bash","Strike_R","Strike_R"],"score":804,"play_id":"c09d5f5d-e3ae-4066-96d3-90d529f2810a","local_time":"20180722221950","is_ascension_mode":true,"campfire_choices":[{"data":"True Grit","floor":7.0,"key":"SMITH"},{"data":"Inflame","floor":12.0,"key":"SMITH"},{"data":"Sentinel","floor":15.0,"key":"SMITH"},{"data":"Shockwave","floor":23.0,"key":"SMITH"},{"data":"Dark Embrace","floor":25.0,"key":"SMITH"},{"data":"Sword Boomerang","floor":30.0,"key":"SMITH"},{"data":"J.A.X.","floor":32.0,"key":"SMITH"},{"data":"Flame Barrier","floor":41,"key":"SMITH"},{"data":"Flex","floor":44,"key":"SMITH"},{"data":"Sword Boomerang","floor":47,"key":"SMITH"},{"floor":49,"key":"REST"}],"neow_cost":"NONE","seed_source_timestamp":0,"circlet_count":0,"master_deck":["Strike_R","Strike_R","Defend_R","Defend_R+1","Defend_R+1","Inflame+1","Flex+1","Sword Boomerang+1","Anger","True Grit+1","Flame Barrier+1","Burning Pact","Bash","Swift Strike","Disarm","Impervious","Sentinel+1","Dark Embrace+1","Flex","Shockwave+1","J.A.X.+1","Metallicize+1","Flex","Finesse","Offering","Shrug It Off+1","Fiend Fire","Havoc+1","Sword Boomerang+1","Pummel","Decay","Pummel"],"special_seed":0,"relics":["Burning Blood","Tiny Chest","Meat on the Bone","Bronze Scales","Smiling Mask","Bag of Preparation","Pen Nib","Velvet Choker","Vajra","Juzu Bracelet","War Paint","Old Coin","Sozu","Ice Cream","Red Mask","Du-Vu Doll","Letter Opener","Regal Pillow"],"potions_floor_usage":[50,50],"damage_taken":[{"damage":1.0,"enemies":"Cultist","floor":1.0,"turns":4.0},{"damage":6.0,"enemies":"2 Louse","floor":3.0,"turns":3.0},{"damage":3.0,"enemies":"Small Slimes","floor":5.0,"turns":3.0},{"damage":17.0,"enemies":"3 Sentries","floor":6.0,"turns":6.0},{"damage":17.0,"enemies":"Lagavulin","floor":8.0,"turns":8.0},{"damage":22.0,"enemies":"3 Sentries","floor":11.0,"turns":8.0},{"damage":18.0,"enemies":"3 Sentries","floor":13.0,"turns":4.0},{"damage":38.0,"enemies":"Slime Boss","floor":16.0,"turns":12.0},{"damage":0.0,"enemies":"Spheric Guardian","floor":18.0,"turns":3.0},{"damage":0.0,"enemies":"3 Byrds","floor":19.0,"turns":3.0},{"damage":30.0,"enemies":"Snake Plant","floor":21.0,"turns":4.0},{"damage":4.0,"enemies":"Snecko","floor":22.0,"turns":5.0},{"damage":21.0,"enemies":"Book of Stabbing","floor":24.0,"turns":5.0},{"damage":7.0,"enemies":"Gremlin Leader","floor":28.0,"turns":7.0},{"damage":12.0,"enemies":"3 Cultists","floor":29.0,"turns":5.0},{"damage":34.0,"enemies":"Collector","floor":33.0,"turns":9.0},{"damage":15,"enemies":"3 Shapes","floor":35,"turns":3},{"damage":10,"enemies":"Nemesis","floor":40,"turns":5},{"damage":3,"enemies":"Flame Bruiser 1 Orb","floor":45,"turns":4},{"damage":37,"enemies":"Maw","floor":48,"turns":5},{"damage":52,"enemies":"Time Eater","floor":50,"turns":8}],"seed_played":"-1130481264637523159","potions_obtained":[{"floor":8.0,"key":"Strength Potion"},{"floor":13.0,"key":"Regen Potion"},{"floor":22.0,"key":"Strength Potion"}],"is_trial":false,"path_per_floor":["M","$","M","?","M","E","R","E","T","?","?","R","E","T","R","B",null,"M","M","?","M","M","R","E","R","T","$","E","M","R","?","R","B",null,"M","$","?","?","$","E","R","T","T","R","M","?","R","M","R","B"],"character_chosen":"IRONCLAD","items_purchased":["Flex","Sword Boomerang","War Paint","Finesse","Ice Cream","Sword Boomerang","Pummel"],"campfire_rested":1,"item_purchase_floors":[2,2,27,27,36,36,36],"current_hp_per_floor":[80,80,80,80,80,69,69,58,58,58,54,54,54,54,54,34,80,80,80,80,56,58,58,55,55,55,55,54,48,48,48,48,32,80,71,71,71,71,71,67,67,67,67,67,70,70,70,51,80,48],"gold":108,"neow_bonus":"HUNDRED_GOLD","is_prod":false,"is_daily":false,"chose_seed":false,"campfire_upgraded":10,"win_rate":0,"timestamp":1532265590,"path_taken":["M","$","M","?","M","E","R","E","T","?","?","R","E","?","R","BOSS","BOSS","M","M","?","?","?","R","E","R","T","$","E","M","R","?","R","BOSS","M","$","?","?","?","E","R","?","T","R","M","?","R","M","R","BOSS"],"build_version":"2018-07-19v2","purchased_purges":3,"victory":true,"max_hp_per_floor":[80,80,80,80,80,80,80,80,80,80,80,80,80,80,80,80,80,80,80,80,80,80,80,80,80,80,80,80,80,80,80,80,80,80,80,80,80,80,80,80,80,80,80,80,80,80,80,80,80,80],"card_choices":[{"not_picked":["Iron Wave","Thunderclap"],"picked":"Inflame","floor":1.0},{"not_picked":["Perfected Strike","Intimidate"],"picked":"Anger","floor":3.0},{"not_picked":["Flex","Wild Strike"],"picked":"True Grit","floor":5.0},{"not_picked":["Rupture","Cleave"],"picked":"Flame Barrier","floor":6.0},{"not_picked":["Rampage","Dropkick"],"picked":"Burning Pact","floor":8.0},{"not_picked":["Spot Weakness","Thunderclap"],"picked":"Impervious","floor":11.0},{"not_picked":["Rupture","Shrug It Off"],"picked":"Sentinel","floor":13.0},{"not_picked":["Bludgeon","Immolate"],"picked":"Dark Embrace","floor":16.0},{"not_picked":["Blood for Blood","Clash"],"picked":"Flex","floor":18.0},{"not_picked":["Corruption","Dual Wield"],"picked":"Shockwave","floor":19.0},{"not_picked":["Warcry","Corruption","Clothesline"],"picked":"SKIP","floor":21.0},{"not_picked":["Heavy Blade","Iron Wave"],"picked":"Metallicize+1","floor":22.0},{"not_picked":["Wild Strike+1","Cleave"],"picked":"Flex","floor":24.0},{"not_picked":["Power Through+1","Anger+1"],"picked":"Offering","floor":28.0},{"not_picked":["Anger","Wild Strike"],"picked":"Shrug It Off+1","floor":29.0},{"not_picked":["Impervious","Demon Form"],"picked":"Fiend Fire","floor":33.0},{"not_picked":["Flame Barrier","Power Through+1"],"picked":"Havoc+1","floor":35},{"not_picked":["Reckless Charge","Wild Strike","Ghostly Armor+1"],"picked":"SKIP","floor":40},{"not_picked":["Twin Strike+1","Body Slam"],"picked":"Pummel","floor":45},{"not_picked":["Clash+1","Wild Strike+1","Anger"],"picked":"SKIP","floor":48}],"player_experience":154800,"relics_obtained":[{"floor":6.0,"key":"Tiny Chest"},{"floor":8.0,"key":"Meat on the Bone"},{"floor":9.0,"key":"Bronze Scales"},{"floor":13.0,"key":"Bag of Preparation"},{"floor":14.0,"key":"Pen Nib"},{"floor":24.0,"key":"Vajra"},{"floor":26.0,"key":"Juzu Bracelet"},{"floor":28.0,"key":"Old Coin"},{"floor":40,"key":"Du-Vu Doll"},{"floor":42,"key":"Letter Opener"},{"floor":43,"key":"Regal Pillow"}],"event_choices":[{"event_name":"The Cleric","player_choice":"Card Removal","floor":4.0,"damage_taken":0.0},{"event_name":"Match and Keep!","player_choice":"3 cards matched","floor":10.0,"damage_taken":0.0},{"event_name":"Dead Adventurer","player_choice":"Searched \u00273\u0027 times","floor":11.0,"damage_taken":0.0},{"event_name":"Drug Dealer","player_choice":"Got JAXXED","floor":20.0,"damage_taken":0.0},{"event_name":"The Mausoleum","player_choice":"No","floor":31.0,"damage_taken":0.0},{"event_name":"Tomb of Lord Red Mask","player_choice":"Paid","floor":37,"damage_taken":0},{"event_name":"Wheel of Change","player_choice":"Curse","floor":38,"damage_taken":0},{"event_name":"Purifier","player_choice":"One Purge","floor":46,"damage_taken":0}],"is_beta":false,"boss_relics":[{"not_picked":["Runic Cube","Philosopher\u0027s Stone"],"picked":"Velvet Choker"},{"not_picked":["Lizard Tail","Astrolabe"],"picked":"Sozu"}],"items_purged_floors":[2,27,36],"is_endless":false,"potions_floor_spawned":[8,13,22,29,35,48],"ascension_level":3}