{"gold_per_floor":[119,119,119,132,142,142,152,152,176,209,229,229,229,7,7,102,102,116,127,127,141,158,158,42,42,42,42,77,77,77,89,89,89],"floor_reached":33,"playtime":6097,"items_purged":["Strike_R"],"score":290,"play_id":"62b8e9ec-4537-4bc5-b9ca-572c0fecdfee","local_time":"20180708182730","is_ascension_mode":false,"campfire_choices":[{"data":"Battle Trance","floor":6,"key":"SMITH"},{"data":"Brutality","floor":8,"key":"SMITH"},{"data":"Fiend Fire","floor":12,"key":"SMITH"},{"floor":15,"key":"REST"},{"data":"Doubt","floor":23,"key":"PURGE"},{"data":"Doubt","floor":25,"key":"PURGE"},{"data":"Doubt","floor":27,"key":"PURGE"},{"floor":30,"key":"REST"},{"floor":32,"key":"REST"}],"neow_cost":"FIFTY_PERCENT_DAMAGE","seed_source_timestamp":46677088177038,"circlet_count":0,"master_deck":["Strike_R","Strike_R","Strike_R","Defend_R","Defend_R","Defend_R","Defend_R","Fiend Fire+1","Battle Trance+1","Cleave","Cleave","Brutality+1","Armaments+1","Bloodletting+1","Deep Breath+1","Shrug It Off+1","Impervious+1","True Grit+1","Warcry+1","Necronomicurse","Heavy Blade","Intimidate+1","Inflame","Warcry+1","Bloodletting+1","Heavy Blade+1"],"relics":["Burning Blood","Bottled Lightning","Strawberry","Toxic Egg 2","Calling Bell","Anchor","Pear","Peace Pipe","Necronomicon","Darkstone Periapt","Bag of Preparation"],"potions_floor_usage":[11,16,28,33],"damage_taken":[{"damage":0,"enemies":"Cultist","floor":1,"turns":4},{"damage":0,"enemies":"2 Louse","floor":4,"turns":2},{"damage":0,"enemies":"Small Slimes","floor":5,"turns":2},{"damage":5,"enemies":"Exordium Thugs","floor":7,"turns":4},{"damage":40,"enemies":"Lagavulin","floor":10,"turns":6},{"damage":9,"enemies":"Large Slime","floor":11,"turns":5},{"damage":36,"enemies":"Hexaghost","floor":16,"turns":9},{"damage":9,"enemies":"Shell Parasite","floor":18,"turns":4},{"damage":9,"enemies":"3 Byrds","floor":19,"turns":5},{"damage":56,"enemies":"3 Cultists","floor":21,"turns":8},{"damage":4,"enemies":"Snake Plant","floor":22,"turns":5},{"damage":21,"enemies":"Book of Stabbing","floor":28,"turns":5},{"damage":14,"enemies":"Snecko","floor":31,"turns":6},{"damage":54,"enemies":"Automaton","floor":33,"turns":9}],"seed_played":"-3797710624230982811","potions_obtained":[{"floor":5,"key":"SkillPotion"},{"floor":7,"key":"Energy Potion"},{"floor":10,"key":"BloodPotion"},{"floor":18,"key":"SneckoOil"},{"floor":22,"key":"BloodPotion"}],"is_trial":false,"path_per_floor":["M","T","?","M","M","R","M","R","T","E","M","R","?","$","R","B",null,"M","M","?","M","M","R","$","R","T","R","E","?","R","M","R"],"character_chosen":"IRONCLAD","items_purchased":["Deep Breath+1","Shrug It Off+1","Inflame","Warcry+1"],"campfire_rested":3,"item_purchase_floors":[14,14,24,24],"current_hp_per_floor":[46,46,46,52,58,58,59,59,66,32,37,37,37,37,63,33,97,94,91,75,25,27,27,27,27,27,27,21,2,32,24,54,0],"gold":89,"neow_bonus":"THREE_RARE_CARDS","is_prod":false,"is_daily":false,"chose_seed":false,"campfire_upgraded":3,"win_rate":0.0,"timestamp":1531042050,"path_taken":["M","?","?","?","M","R","M","R","T","E","M","R","?","$","R","BOSS","M","M","?","M","M","R","$","R","T","R","E","?","R","M","R","BOSS"],"build_version":"2018-07-05","purchased_purges":1,"victory":false,"max_hp_per_floor":[80,80,80,80,80,80,80,80,87,87,87,87,87,87,87,87,97,97,97,97,97,97,97,97,97,97,97,97,102,102,102,102,102],"card_choices":[{"not_picked":["Berserk","Juggernaut"],"picked":"Fiend Fire","floor":0},{"not_picked":["Burning Pact","Body Slam"],"picked":"Battle Trance","floor":1},{"not_picked":["Clothesline","Warcry"],"picked":"Cleave","floor":4},{"not_picked":["Flex","Heavy Blade"],"picked":"Cleave","floor":5},{"not_picked":["Clothesline","Sword Boomerang"],"picked":"Brutality","floor":7},{"not_picked":["Feel No Pain","Cleave"],"picked":"Armaments","floor":10},{"not_picked":["Rupture","Armaments+1"],"picked":"Bloodletting+1","floor":11},{"not_picked":["Limit Break+1","Berserk"],"picked":"Impervious+1","floor":16},{"not_picked":["Whirlwind","Seeing Red+1"],"picked":"True Grit+1","floor":18},{"not_picked":["Second Wind+1","Twin Strike"],"picked":"Warcry+1","floor":19},{"not_picked":["Armaments+1","Rage+1"],"picked":"Heavy Blade","floor":21},{"not_picked":["Twin Strike","Pommel Strike"],"picked":"Intimidate+1","floor":22},{"not_picked":["Perfected Strike+1","Juggernaut"],"picked":"Bloodletting+1","floor":28},{"not_picked":["Perfected Strike","Clash"],"picked":"Heavy Blade+1","floor":31}],"player_experience":23730,"relics_obtained":[{"floor":2,"key":"Bottled Lightning"},{"floor":9,"key":"Strawberry"},{"floor":10,"key":"Toxic Egg 2"},{"floor":17,"key":"Anchor"},{"floor":17,"key":"Pear"},{"floor":17,"key":"Peace Pipe"},{"floor":20,"key":"Necronomicon"},{"floor":26,"key":"Darkstone Periapt"},{"floor":28,"key":"Bag of Preparation"}],"event_choices":[{"event_name":"Purifier","player_choice":"One Purge","floor":3,"damage_taken":0},{"event_name":"Living Wall","player_choice":"Forget","floor":13,"damage_taken":0},{"event_name":"Cursed Tome","player_choice":"Obtained Book","floor":20,"damage_taken":0},{"event_name":"Forgotten Altar","player_choice":"Shed Blood","floor":29,"damage_taken":0}],"boss_relics":[{"not_picked":["Snecko Eye","Black Blood"],"picked":"Calling Bell"}],"items_purged_floors":[14],"is_endless":false,"potions_floor_spawned":[5,7,10,18,22],"killed_by":"Automaton","ascension_level":0}