{"gold_per_floor":[113,388,398,398,52,111,61,61,61,61,91,91,39,72,72,175,175,192,223,322,337,347,347,347],"floor_reached":24,"playtime":554,"items_purged":["Regret"],"score":389,"play_id":"c1ec9f88-5ba6-446b-976d-d1203b5e83e1","local_time":"20181102181747","is_ascension_mode":true,"campfire_choices":[{"data":"Infernal Blade","floor":8.0,"key":"SMITH"},{"data":"Pommel Strike","floor":10.0,"key":"SMITH"},{"data":"Bash","floor":12.0,"key":"SMITH"},{"data":"Demon Form","floor":15.0,"key":"SMITH"},{"floor":23,"key":"REST"}],"neow_cost":"NONE","seed_source_timestamp":0,"circlet_count":0,"master_deck":["AscendersBane","Strike_R","Strike_R","Strike_R+1","Strike_R+1","Defend_R","Defend_R","Defend_R","Defend_R","Bash+1","Pommel Strike+1","Headbutt","Headbutt","Infernal Blade+1","Pommel Strike","Demon Form+1","Heavy Blade+1","Warcry"],"special_seed":0,"relics":["Burning Blood","NeowsBlessing","Darkstone Periapt","Tiny Chest","Mercury Hourglass","Singing Bowl","Pear","Busted Crown","Red Mask"],"potions_floor_usage":[],"damage_taken":[{"damage":0.0,"enemies":"2 Louse","floor":1.0,"turns":1.0},{"damage":0.0,"enemies":"Cultist","floor":3.0,"turns":1.0},{"damage":0.0,"enemies":"3 Sentries","floor":6.0,"turns":1.0},{"damage":20.0,"enemies":"Lagavulin","floor":11.0,"turns":5.0},{"damage":16.0,"enemies":"Gremlin Nob","floor":14.0,"turns":3.0},{"damage":40.0,"enemies":"Slime Boss","floor":16.0,"turns":8.0},{"damage":23.0,"enemies":"2 Thieves","floor":18.0,"turns":4.0},{"damage":23.0,"enemies":"Masked Bandits","floor":19.0,"turns":4.0},{"damage":23.0,"enemies":"Shell Parasite","floor":21.0,"turns":3.0},{"damage":22.0,"enemies":"Centurion and Healer","floor":22.0,"turns":6.0},{"damage":0,"enemies":"Cultist and Chosen","floor":24,"turns":1}],"seed_played":"-398076607520724318","potions_obtained":[{"floor":6.0,"key":"AttackPotion"},{"floor":16.0,"key":"FearPotion"},{"floor":21.0,"key":"SteroidPotion"},{"floor":22.0,"key":"EssenceOfSteel"}],"is_trial":false,"path_per_floor":["M","?","M","?","$","E","?","R","T","R","E","R","$","E","R","B",null,"M","?","?","M","M","R","M"],"character_chosen":"IRONCLAD","items_purchased":["Darkstone Periapt","Headbutt","Pommel Strike"],"campfire_rested":1,"item_purchase_floors":[5,5,13],"current_hp_per_floor":[78,78,80,64,64,70,70,70,70,70,58,58,58,58,58,26,77,60,45,45,28,14,43,43],"gold":347,"neow_bonus":"THREE_ENEMY_KILL","is_prod":false,"is_daily":false,"chose_seed":false,"campfire_upgraded":4,"win_rate":0,"timestamp":1541179067,"path_taken":["M","?","?","?","$","E","?","R","T","R","E","R","$","E","R","BOSS","M","?","?","M","M","R","M"],"build_version":"2018-11-01","purchased_purges":1,"victory":false,"max_hp_per_floor":[80,80,80,80,80,80,80,80,80,80,82,82,82,92,92,94,94,94,96,96,96,98,98,98],"card_choices":[{"not_picked":["Shockwave","Twin Strike"],"picked":"Pommel Strike","floor":1.0},{"not_picked":["Perfected Strike","Heavy Blade"],"picked":"Headbutt","floor":3.0},{"not_picked":["Heavy Blade","Anger"],"picked":"Infernal Blade","floor":6.0},{"not_picked":["Wild Strike","Havoc","Pummel"],"picked":"Singing Bowl","floor":11.0},{"not_picked":["True Grit","Dropkick"],"picked":"Demon Form","floor":14.0},{"not_picked":["Berserk","Immolate","Exhume"],"picked":"Singing Bowl","floor":16.0},{"not_picked":[],"picked":"Heavy Blade+1","floor":18.0},{"not_picked":["Reckless Charge+1"],"picked":"Singing Bowl","floor":19.0},{"not_picked":[],"picked":"Warcry","floor":21.0},{"not_picked":["Uppercut+1"],"picked":"Singing Bowl","floor":22.0}],"player_experience":1118899,"relics_obtained":[{"floor":6.0,"key":"Tiny Chest"},{"floor":9.0,"key":"Mercury Hourglass"},{"floor":11.0,"key":"Singing Bowl"},{"floor":14.0,"key":"Pear"},{"floor":19.0,"key":"Red Mask"}],"event_choices":[{"damage_healed":0.0,"max_hp_gain":0.0,"max_hp_loss":0.0,"gold_gain":275.0,"event_name":"Golden Shrine","player_choice":"Desecrate","floor":2.0,"gold_loss":0.0,"damage_taken":0.0,"cards_obtained":["Regret"]},{"damage_healed":0.0,"max_hp_gain":0.0,"max_hp_loss":0.0,"gold_gain":0.0,"event_name":"Shining Light","player_choice":"Entered Light","floor":4.0,"gold_loss":0.0,"damage_taken":16.0,"cards_upgraded":["Strike_R","Strike_R"]},{"cards_removed":["Strike_R"],"damage_healed":0.0,"max_hp_gain":0.0,"max_hp_loss":0.0,"gold_gain":0.0,"event_name":"The Cleric","player_choice":"Card Removal","floor":7.0,"gold_loss":50.0,"damage_taken":0.0},{"damage_healed":0.0,"max_hp_gain":0.0,"max_hp_loss":0.0,"gold_gain":0.0,"event_name":"Masked Bandits","player_choice":"Fought Bandits","floor":19.0,"gold_loss":0.0,"damage_taken":0.0},{"damage_healed":0.0,"max_hp_gain":0.0,"max_hp_loss":0.0,"gold_gain":99.0,"event_name":"Nest","player_choice":"Stole From Cult","floor":20.0,"gold_loss":0.0,"damage_taken":0.0}],"is_beta":false,"boss_relics":[{"not_picked":["Black Star","Black Blood"],"picked":"Busted Crown"}],"items_purged_floors":[5],"is_endless":false,"potions_floor_spawned":[6,16,21,22],"killed_by":"Cultist and Chosen","ascension_level":11}