{"path_per_floor":["M","T","M","?","M","R","E","R","T","E","M","R","M","$","R"],"character_chosen":"THE_SILENT","items_purchased":[],"gold_per_floor":[119,143,155,105,116,116,146,146,146,172,186,186,204,129,129,129],"floor_reached":16,"campfire_rested":0,"playtime":905,"current_hp_per_floor":[63,63,63,63,61,61,40,40,40,36,30,30,30,30,30,0],"items_purged":["Defend_G"],"gold":129,"score":127,"play_id":"76bf1416-8dd4-4e57-8078-45cfc8ecb577","local_time":"20180510095125","is_prod":false,"is_daily":false,"chose_seed":false,"is_ascension_mode":true,"campfire_upgraded":3,"timestamp":1525938685,"path_taken":["M","?","M","?","M","R","E","R","T","E","M","R","M","$","R","BOSS"],"build_version":"2018-05-03","seed_source_timestamp":143013640136,"purchased_purges":2,"victory":false,"master_deck":["Defend_G","Defend_G","Defend_G","Defend_G","Strike_G","Strike_G","Strike_G","Strike_G","Survivor+1","Neutralize","Unload+1","Underhanded Strike","PiercingWail","Dagger Throw+1","Calculated Gamble","Outmaneuver","Dodge and Roll"],"max_hp_per_floor":[63,63,63,63,63,63,63,63,63,63,63,63,63,63,63,63],"relics":["Ring of the Snake","Happy Flower","Letter Opener","Shovel","Pen Nib","Ornamental Fan"],"card_choices":[{"not_picked":["Venomology","Burst"],"picked":"Unload","floor":0},{"not_picked":["Slice","Deflect"],"picked":"Underhanded Strike","floor":1},{"not_picked":["Cloak And Dagger","Poisoned Stab"],"picked":"PiercingWail","floor":3},{"not_picked":["Wraith Form v2","Eviscerate"],"picked":"Dagger Throw","floor":5},{"not_picked":["Dash","Cloak And Dagger"],"picked":"Calculated Gamble","floor":7},{"not_picked":["Acrobatics","Dodge and Roll"],"picked":"Outmaneuver","floor":10},{"not_picked":["Heel Hook","Outmaneuver"],"picked":"Dodge and Roll","floor":11}],"player_experience":432121,"potions_floor_usage":[10,16],"damage_taken":[{"damage":0,"enemies":"Cultist","floor":1,"turns":3},{"damage":0,"enemies":"2 Louse","floor":3,"turns":3},{"damage":2,"enemies":"Jaw Worm","floor":5,"turns":4},{"damage":21,"enemies":"Gremlin Nob","floor":7,"turns":4},{"damage":4,"enemies":"3 Sentries","floor":10,"turns":7},{"damage":6,"enemies":"Exordium Wildlife","floor":11,"turns":5},{"damage":0,"enemies":"Large Slime","floor":13,"turns":4},{"damage":31,"enemies":"Hexaghost","floor":16,"turns":9}],"event_choices":[{"event_name":"The Cleric","player_choice":"Card Removal","floor":4,"damage_taken":0}],"boss_relics":[],"potions_floor_spawned":[1,7,10,13],"seed_played":"-890137818405666177","killed_by":"Hexaghost","ascension_level":3,"is_trial":false}