{"gold_per_floor":[113,125,137,137,156,156,186,197,197,92,167,180,193,222,222,327,327,343,353,196,196,206,206,226,8,8,8,8,8],"floor_reached":29,"playtime":3833,"items_purged":[],"score":249,"play_id":"cbaf2754-229c-47c9-beda-8bb303064f03","local_time":"20190202134552","is_ascension_mode":true,"campfire_choices":[{"data":"Zap","floor":6,"key":"SMITH"},{"data":"Chill","floor":15,"key":"SMITH"},{"data":"Creative AI","floor":23,"key":"SMITH"},{"data":"Defragment","floor":28,"key":"SMITH"}],"neow_cost":"NONE","seed_source_timestamp":329555455054900,"circlet_count":0,"master_deck":["Strike_B+1","Strike_B+1","Strike_B+1","Strike_B+1","Defend_B+1","Defend_B+1","Defend_B+1","Defend_B+1","Zap+1","Dualcast","Leap","Glacier","Ball Lightning","Ball Lightning","Cold Snap","Chill+1","Hologram","Hello World","Reboot","Beam Cell","Creative AI+1","Compile Driver","Static Discharge","Reinforced Body","Defragment+1"],"relics":["Cracked Core","NeowsBlessing","Bottled Lightning","Kunai","Pear","Philosopher\u0027s Stone","Happy Flower","MutagenicStrength","Art of War","Dodecahedron"],"potions_floor_usage":[22,22,22,29],"damage_taken":[{"damage":0,"enemies":"Cultist","floor":1,"turns":1},{"damage":0,"enemies":"Small Slimes","floor":2,"turns":1},{"damage":0,"enemies":"2 Louse","floor":3,"turns":1},{"damage":3,"enemies":"Exordium Thugs","floor":5,"turns":6},{"damage":6,"enemies":"Lagavulin","floor":7,"turns":7},{"damage":4,"enemies":"Exordium Wildlife","floor":8,"turns":4},{"damage":0,"enemies":"Looter","floor":12,"turns":4},{"damage":2,"enemies":"Red Slaver","floor":13,"turns":3},{"damage":3,"enemies":"3 Sentries","floor":14,"turns":6},{"damage":10,"enemies":"Hexaghost","floor":16,"turns":11},{"damage":0,"enemies":"Chosen","floor":18,"turns":6},{"damage":1,"enemies":"Shell Parasite","floor":19,"turns":5},{"damage":19,"enemies":"Cultist and Chosen","floor":22,"turns":5},{"damage":13,"enemies":"Snecko","floor":24,"turns":6},{"damage":54,"enemies":"Slavers","floor":29,"turns":4}],"seed_played":"-5180403570466570037","potions_obtained":[{"floor":2,"key":"FearPotion"},{"floor":3,"key":"Energy Potion"},{"floor":13,"key":"Block Potion"},{"floor":14,"key":"Weak Potion"},{"floor":24,"key":"Explosive Potion"}],"is_trial":false,"path_per_floor":["M","M","M","$","M","R","E","M","T","$","?","M","M","E","R","B",null,"M","M","$","?","M","R","M","$","T","?","R","E"],"character_chosen":"DEFECT","items_purchased":["Hologram","Hello World","Happy Flower","Defragment","Art of War"],"campfire_rested":0,"item_purchase_floors":[10,10,20,25,25],"current_hp_per_floor":[75,75,75,75,72,72,66,62,62,62,51,51,49,56,56,46,85,85,84,84,84,65,65,52,52,52,52,52,0],"gold":8,"neow_bonus":"THREE_ENEMY_KILL","is_prod":false,"is_daily":false,"chose_seed":false,"campfire_upgraded":4,"win_rate":0,"timestamp":1549133152,"path_taken":["M","M","M","?","M","R","E","?","T","$","?","M","M","E","R","BOSS","M","M","$","?","M","R","M","$","T","?","R","E"],"build_version":"2019-01-23","purchased_purges":0,"victory":false,"max_hp_per_floor":[75,75,75,75,75,75,75,75,75,75,75,75,75,85,85,85,85,85,85,85,85,85,85,85,85,85,85,85,85],"card_choices":[{"not_picked":["Heatsinks","Reprogram"],"picked":"Leap","floor":1},{"not_picked":["Redo","Reprogram"],"picked":"Glacier","floor":2},{"not_picked":["Redo","Beam Cell"],"picked":"Ball Lightning","floor":3},{"not_picked":["Beam Cell","Melter"],"picked":"Ball Lightning","floor":5},{"not_picked":["Stack","Redo"],"picked":"Cold Snap","floor":7},{"not_picked":["Heatsinks","Static Discharge"],"picked":"Chill","floor":8},{"not_picked":["Streamline","Ball Lightning"],"picked":"Reboot","floor":12},{"not_picked":["Rebound","Cold Snap"],"picked":"Beam Cell","floor":13},{"not_picked":["Redo","Lockon","Chill"],"picked":"SKIP","floor":14},{"not_picked":["Electrodynamics","Seek"],"picked":"Creative AI","floor":16},{"not_picked":["Leap","Static Discharge"],"picked":"Compile Driver","floor":18},{"not_picked":["Reprogram","Gash"],"picked":"Static Discharge","floor":19},{"not_picked":["Force Field","Sunder","Gash"],"picked":"SKIP","floor":22},{"not_picked":["Loop+1","Force Field+1"],"picked":"Reinforced Body","floor":24}],"player_experience":222402,"relics_obtained":[{"floor":7,"key":"Bottled Lightning"},{"floor":9,"key":"Kunai"},{"floor":14,"key":"Pear"},{"floor":26,"key":"Dodecahedron"}],"event_choices":[{"damage_healed":0,"gold_gain":75,"player_choice":"Gather Gold","damage_taken":11,"max_hp_gain":0,"max_hp_loss":0,"event_name":"World of Goop","floor":11,"gold_loss":0},{"damage_healed":0,"gold_gain":0,"player_choice":"Inject Mutagens","damage_taken":0,"relics_obtained":["MutagenicStrength"],"max_hp_gain":0,"max_hp_loss":0,"event_name":"Drug Dealer","floor":21,"gold_loss":0},{"damage_healed":0,"gold_gain":0,"player_choice":"Simplicity","damage_taken":0,"max_hp_gain":0,"max_hp_loss":0,"event_name":"Back to Basics","floor":27,"gold_loss":0,"cards_upgraded":["Strike_B","Strike_B","Strike_B","Strike_B","Defend_B","Defend_B","Defend_B","Defend_B"]}],"is_beta":false,"boss_relics":[{"not_picked":["Nuclear Battery","Eternal Feather"],"picked":"Philosopher\u0027s Stone"}],"items_purged_floors":[],"is_endless":false,"potions_floor_spawned":[2,3,13,14,24],"killed_by":"Slavers","ascension_level":1}