{"gold_per_floor":[113,131,131,149,163,163,163,176,202,233,233,249,281,301,301,378,378,398,273,290,308,308,308,308],"floor_reached":24,"playtime":822,"items_purged":["Strike_R"],"score":420,"play_id":"da4f58fc-05d4-4a91-aae6-3a0e23c54ab6","local_time":"20181211135439","is_ascension_mode":true,"campfire_choices":[{"data":"Bash","floor":6.0,"key":"SMITH"},{"data":"Body Slam","floor":11.0,"key":"SMITH"},{"data":"Uppercut","floor":15.0,"key":"SMITH"},{"floor":23,"key":"REST"}],"neow_cost":"NONE","seed_source_timestamp":0,"circlet_count":0,"master_deck":["AscendersBane","Strike_R","Strike_R","Defend_R","Defend_R","Defend_R","Defend_R","Bash+1","Dropkick","Iron Wave","Disarm","Spot Weakness","Body Slam+1","Combust","Uppercut+1","Headbutt","Demon Form","Sword Boomerang","True Grit","Havoc","Intimidate","Ghostly","Ghostly","Ghostly"],"special_seed":0,"relics":["Burning Blood","Lantern","PreservedInsect","Boot","Sozu"],"potions_floor_usage":[],"damage_taken":[{"damage":7.0,"enemies":"Small Slimes","floor":1.0,"turns":5.0},{"damage":12.0,"enemies":"Cultist","floor":2.0,"turns":4.0},{"damage":0.0,"enemies":"2 Louse","floor":4.0,"turns":3.0},{"damage":4.0,"enemies":"Large Slime","floor":5.0,"turns":5.0},{"damage":8.0,"enemies":"Exordium Wildlife","floor":8.0,"turns":6.0},{"damage":19.0,"enemies":"Lagavulin","floor":10.0,"turns":5.0},{"damage":9.0,"enemies":"3 Louse","floor":12.0,"turns":3.0},{"damage":21.0,"enemies":"Gremlin Nob","floor":13.0,"turns":4.0},{"damage":2.0,"enemies":"2 Fungi Beasts","floor":14.0,"turns":3.0},{"damage":39.0,"enemies":"Slime Boss","floor":16.0,"turns":8.0},{"damage":21.0,"enemies":"2 Thieves","floor":18.0,"turns":4.0},{"damage":22.0,"enemies":"3 Byrds","floor":20.0,"turns":5.0},{"damage":25,"enemies":"Snecko","floor":21,"turns":5},{"damage":22,"enemies":"Slavers","floor":24,"turns":3}],"seed_played":"6152202970148971463","potions_obtained":[{"floor":0.0,"key":"Poison Potion"},{"floor":0.0,"key":"FearPotion"},{"floor":2.0,"key":"Block Potion"},{"floor":8.0,"key":"Block Potion"},{"floor":10.0,"key":"Swift Potion"},{"floor":13.0,"key":"Regen Potion"}],"is_trial":false,"path_per_floor":["M","M","?","M","M","R","?","M","T","E","R","M","E","M","R","B",null,"M","$","M","M","?","R","E"],"character_chosen":"IRONCLAD","items_purchased":["True Grit"],"campfire_rested":1,"item_purchase_floors":[19],"current_hp_per_floor":[67,61,54,60,62,62,62,60,60,47,47,44,29,33,33,15,60,45,45,29,10,10,21,0],"gold":308,"neow_bonus":"THREE_SMALL_POTIONS","is_prod":false,"is_daily":false,"chose_seed":false,"campfire_upgraded":3,"win_rate":0,"timestamp":1544554479,"path_taken":["M","M","?","M","M","R","?","M","T","E","R","?","E","M","R","BOSS","M","$","?","M","?","R","E"],"build_version":"2018-12-10","purchased_purges":1,"victory":false,"max_hp_per_floor":[75,75,75,75,75,75,75,75,75,75,75,75,75,75,75,75,75,75,75,75,75,37,37,37],"card_choices":[{"not_picked":["Clash","Twin Strike"],"picked":"Dropkick","floor":1.0},{"not_picked":["Twin Strike","Blood for Blood"],"picked":"Iron Wave","floor":2.0},{"not_picked":["Fire Breathing","Seeing Red","Perfected Strike"],"picked":"SKIP","floor":4.0},{"not_picked":["Burning Pact","Wild Strike"],"picked":"Disarm","floor":5.0},{"not_picked":["True Grit","Bloodletting"],"picked":"Spot Weakness","floor":8.0},{"not_picked":["Seeing Red","Infernal Blade"],"picked":"Body Slam","floor":10.0},{"not_picked":["Warcry","Havoc"],"picked":"Combust","floor":12.0},{"not_picked":["Brutality","Sentinel"],"picked":"Uppercut","floor":13.0},{"not_picked":["Warcry","Flex"],"picked":"Headbutt","floor":14.0},{"not_picked":["Berserk","Immolate"],"picked":"Demon Form","floor":16.0},{"not_picked":["Armaments","Perfected Strike"],"picked":"Sword Boomerang","floor":18.0},{"not_picked":["Metallicize","Heavy Blade"],"picked":"Havoc","floor":20.0},{"not_picked":["Rupture","Anger"],"picked":"Intimidate","floor":21}],"player_experience":1197912,"relics_obtained":[{"floor":9.0,"key":"Lantern"},{"floor":10.0,"key":"PreservedInsect"},{"floor":13.0,"key":"Boot"}],"event_choices":[{"cards_removed":["Strike_R"],"damage_healed":0.0,"max_hp_gain":0.0,"max_hp_loss":0.0,"gold_gain":0.0,"event_name":"Golden Wing","player_choice":"Card Removal","floor":3.0,"gold_loss":0.0,"damage_taken":7.0},{"cards_removed":["Strike_R"],"damage_healed":0.0,"max_hp_gain":0.0,"max_hp_loss":0.0,"gold_gain":0.0,"event_name":"Bonfire Elementals","player_choice":"Offered Basic","floor":7.0,"gold_loss":0.0,"damage_taken":0.0},{"damage_healed":0,"gold_gain":0,"player_choice":"Became a Ghost","damage_taken":0,"max_hp_gain":0,"max_hp_loss":38,"event_name":"Ghosts","floor":22,"gold_loss":0,"cards_obtained":["Ghostly","Ghostly","Ghostly"]}],"is_beta":true,"boss_relics":[{"not_picked":["Orrery","Astrolabe"],"picked":"Sozu"}],"items_purged_floors":[19],"is_endless":false,"potions_floor_spawned":[1,2,8,10,13,18],"killed_by":"Slavers","ascension_level":20}