{"gold_per_floor":[10,30,50,50,67,97,97,30,57,71,71,103,103,3,3,99,99,115,30,50,50,68,68,84,84,84,84,104,104,3,23,23,125,125,138,0,20,39,50,50,102,102,102,102,68,79,96,113,113,113],"floor_reached":51,"playtime":2608,"items_purged":["Normality"],"score":902,"play_id":"790dba95-7f02-4b8f-bdb8-64d72eb7bc5b","local_time":"20180711163418","is_ascension_mode":true,"campfire_choices":[{"data":"Defragment","floor":7.0,"key":"SMITH"},{"floor":15.0,"key":"REST"},{"floor":23.0,"key":"REST"},{"data":"Chaos","floor":25.0,"key":"SMITH"},{"data":"Writhe","floor":29.0,"key":"PURGE"},{"floor":32.0,"key":"REST"},{"data":"Defragment","floor":40.0,"key":"SMITH"},{"data":"Rainbow","floor":42.0,"key":"SMITH"},{"floor":49.0,"key":"REST"}],"neow_cost":"NO_GOLD","seed_source_timestamp":0,"circlet_count":0,"master_deck":["Strike_B","Strike_B","Defend_B","Defend_B","Zap","Dualcast","FTL","Conserve Battery","Cold Snap","Defragment+1","Leap","Defragment+1","Conserve Battery","Chaos+1","Conserve Battery","Fission","Beam Cell+1","Blind","Loop+1","Compile Driver+1","Undo+1","Streamline+1","Machine Learning","Echo Form+1","Chill+1","Biased Cognition+1","Conserve Battery+1","Barrage+1","Rainbow+1","White Noise+1","Leap+1","Loop","Defragment"],"special_seed":0,"relics":["Cracked Core","Peace Pipe","Oddly Smooth Stone","Orichalcum","Juzu Bracelet","Anchor","Blood Vial","Nuclear Battery","Vajra","Symbiotic Virus","Bronze Scales","Astrolabe","Red Mask","Unceasing Top","Mummified Hand"],"potions_floor_usage":[],"damage_taken":[{"damage":3.0,"enemies":"2 Louse","floor":1.0,"turns":3.0},{"damage":2.0,"enemies":"Jaw Worm","floor":2.0,"turns":3.0},{"damage":0.0,"enemies":"Cultist","floor":3.0,"turns":3.0},{"damage":0.0,"enemies":"Gremlin Gang","floor":5.0,"turns":5.0},{"damage":12.0,"enemies":"Lagavulin","floor":6.0,"turns":7.0},{"damage":5.0,"enemies":"Looter","floor":10.0,"turns":3.0},{"damage":7.0,"enemies":"3 Sentries","floor":12.0,"turns":10.0},{"damage":9.0,"enemies":"Slime Boss","floor":16.0,"turns":10.0},{"damage":11.0,"enemies":"Chosen","floor":18.0,"turns":10.0},{"damage":6.0,"enemies":"Spheric Guardian","floor":20.0,"turns":6.0},{"damage":19.0,"enemies":"Centurion and Healer","floor":22.0,"turns":10.0},{"damage":11.0,"enemies":"Cultist and Chosen","floor":24.0,"turns":7.0},{"damage":6.0,"enemies":"3 Cultists","floor":28.0,"turns":6.0},{"damage":3.0,"enemies":"Slaver and Parasite","floor":31.0,"turns":8.0},{"damage":18.0,"enemies":"Collector","floor":33.0,"turns":7.0},{"damage":5.0,"enemies":"3 Shapes","floor":35.0,"turns":6.0},{"damage":22.0,"enemies":"3 Darklings","floor":37.0,"turns":10.0},{"damage":0.0,"enemies":"4 Shapes","floor":38.0,"turns":3.0},{"damage":2.0,"enemies":"Maw","floor":39.0,"turns":7.0},{"damage":1.0,"floor":41.0,"turns":6.0},{"damage":2.0,"enemies":"Sphere and 2 Shapes","floor":46.0,"turns":3.0},{"damage":0.0,"enemies":"4 Shapes","floor":47.0,"turns":7.0},{"damage":0.0,"enemies":"Maw","floor":48.0,"turns":6.0},{"damage":62,"enemies":"Donu and Deca","floor":50,"turns":11}],"seed_played":"7103089078908345785","potions_obtained":[{"floor":1.0,"key":"Energy Potion"},{"floor":2.0,"key":"PowerPotion"},{"floor":3.0,"key":"FearPotion"},{"floor":12.0,"key":"Poison Potion"},{"floor":18.0,"key":"FocusPotion"},{"floor":28.0,"key":"Poison Potion"},{"floor":33.0,"key":"Ancient Potion"},{"floor":37.0,"key":"SkillPotion"},{"floor":38.0,"key":"SkillPotion"},{"floor":39.0,"key":"Block Potion"}],"is_trial":false,"path_per_floor":["M","M","M","?","M","E","R","$","T","M","?","E","?","$","R","B",null,"M","?","M","?","M","R","M","R","T","?","M","R","$","M","R","B",null,"M","?","M","M","M","R","?","R","T","?","$","M","M","M","R","B"],"character_chosen":"DEFECT","items_purchased":["Defragment","Conserve Battery","Strength Potion","PowerPotion","Loop"],"campfire_rested":4,"item_purchase_floors":[8,14,30,30,45],"current_hp_per_floor":[65,63,63,56,56,44,44,44,44,39,32,25,25,25,47,40,66,57,57,53,39,22,44,35,35,35,35,31,31,31,30,52,36,65,62,62,42,44,44,44,45,45,45,45,45,45,47,49,71,18],"gold":113,"neow_bonus":"ONE_RARE_RELIC","is_prod":false,"is_daily":false,"chose_seed":false,"campfire_upgraded":4,"win_rate":0,"timestamp":1531319658,"path_taken":["M","M","M","?","?","E","R","$","T","M","?","E","?","?","R","BOSS","M","?","M","?","M","R","M","R","T","?","M","R","?","M","R","BOSS","M","?","M","M","M","R","?","R","T","?","?","M","M","M","R","BOSS"],"build_version":"2018-07-05","purchased_purges":1,"victory":true,"max_hp_per_floor":[75,75,75,75,75,75,75,75,75,75,75,75,75,75,75,75,75,75,75,75,75,75,75,75,75,75,75,75,75,75,75,75,75,75,75,75,75,75,75,75,75,75,75,75,75,75,75,75,75,75],"card_choices":[{"not_picked":["Leap","Tempest"],"picked":"FTL","floor":1.0},{"not_picked":["Recycle","Tempest"],"picked":"Conserve Battery","floor":2.0},{"not_picked":["Hologram","Barrage"],"picked":"Cold Snap","floor":3.0},{"not_picked":["Glacier","Chaos"],"picked":"Defragment","floor":5.0},{"not_picked":["Skim","Hello World"],"picked":"Leap","floor":6.0},{"not_picked":["Glacier","Steam"],"picked":"Conserve Battery","floor":10.0},{"not_picked":["Rebound","Self Repair"],"picked":"Chaos","floor":12.0},{"not_picked":["Buffer","Machine Learning"],"picked":"Fission","floor":16.0},{"not_picked":["Undo","Streamline"],"picked":"Beam Cell+1","floor":18.0},{"not_picked":["Gash","Force Field","Scrape"],"picked":"SKIP","floor":20.0},{"not_picked":["Genetic Algorithm","Barrage"],"picked":"Loop+1","floor":22.0},{"not_picked":["Force Field+1","Genetic Algorithm"],"picked":"Compile Driver+1","floor":24.0},{"not_picked":["Gash+1","Turbo"],"picked":"Undo+1","floor":28.0},{"not_picked":["Turbo","Rebound"],"picked":"Streamline+1","floor":31.0},{"not_picked":["Multi-Cast","Meteor Strike"],"picked":"Machine Learning","floor":33.0},{"not_picked":["Aggregate","Lockon"],"picked":"Conserve Battery+1","floor":35.0},{"not_picked":["Ball Lightning","Conserve Battery+1"],"picked":"Barrage+1","floor":37.0},{"not_picked":["Beam Cell","Conserve Battery"],"picked":"Rainbow","floor":38.0},{"not_picked":["Fusion","Rebound"],"picked":"White Noise+1","floor":39.0},{"not_picked":["Static Discharge","BootSequence+1"],"picked":"Leap+1","floor":41.0},{"not_picked":["Turbo+1","Barrage","Streamline+1"],"picked":"SKIP","floor":46.0},{"not_picked":["Gash","Auto Shields","Stack"],"picked":"SKIP","floor":47.0},{"not_picked":["Streamline+1","Chill+1"],"picked":"Defragment","floor":48.0}],"player_experience":825253,"relics_obtained":[{"floor":6.0,"key":"Oddly Smooth Stone"},{"floor":9.0,"key":"Orichalcum"},{"floor":12.0,"key":"Anchor"},{"floor":26.0,"key":"Symbiotic Virus"},{"floor":41.0,"key":"Unceasing Top"},{"floor":43.0,"key":"Mummified Hand"}],"event_choices":[{"event_name":"Golden Wing","player_choice":"Card Removal","floor":4.0,"damage_taken":0.0},{"event_name":"Scrap Ooze","player_choice":"success","floor":11.0,"damage_taken":7.0},{"event_name":"Accursed Blacksmith","player_choice":"Rummage","floor":13.0,"damage_taken":0.0},{"event_name":"Addict","player_choice":"Obtained Relic","floor":19.0,"damage_taken":0.0},{"event_name":"Knowing Skull","player_choice":"CARD ","floor":21.0,"damage_taken":0.0},{"event_name":"The Mausoleum","player_choice":"Yes","floor":27.0,"damage_taken":0.0},{"event_name":"Tomb of Lord Red Mask","player_choice":"Paid","floor":36.0,"damage_taken":0.0},{"event_name":"Mysterious Sphere","player_choice":"Fight","floor":41.0,"damage_taken":0.0},{"event_name":"The Woman in Blue","player_choice":"Bought 0 Potions","floor":44.0,"damage_taken":0.0}],"boss_relics":[{"not_picked":["Velvet Choker","Runic Pyramid"],"picked":"Nuclear Battery"},{"not_picked":["Coffee Dripper","Cursed Key"],"picked":"Astrolabe"}],"items_purged_floors":[14],"is_endless":false,"potions_floor_spawned":[1,2,3,5,12,18,28,33,37,38,39,46],"ascension_level":6}