{"gold_per_floor":[18,29,29,45,65,96,96,125,171,171,185,241,257,285,285,383,383,399,399,412,425,445,445],"floor_reached":23,"playtime":1331,"items_purged":[],"score":337,"play_id":"9c7137d5-0b1a-4f77-808f-dd12e25bd423","local_time":"20180901165837","is_ascension_mode":true,"campfire_choices":[{"data":"Envenom","floor":7.0,"key":"SMITH"},{"floor":10.0,"key":"REST"},{"data":"Burst","floor":15.0,"key":"SMITH"}],"neow_cost":"NO_GOLD","seed_source_timestamp":55166333569597,"circlet_count":0,"master_deck":["Defend_G","Defend_G","Defend_G","Defend_G","Survivor","Neutralize","Masterful Stab","Burst+1","Quick Slash","Deadly Poison","Bane","Dagger Spray","Envenom+1","Backflip","After Image","Masterful Stab","Dodge and Roll","Deadly Poison","Adrenaline","Poisoned Stab","Bite","Bite","Bite","Bite","Bite","Crippling Poison+1","Cloak And Dagger+1","Flying Knee"],"special_seed":0,"relics":["Ring of the Snake","Bird Faced Urn","Bottled Flame","Dream Catcher","Strawberry","Letter Opener","White Beast Statue"],"potions_floor_usage":[16,16,21,21,23,23,23],"damage_taken":[{"damage":0.0,"enemies":"Small Slimes","floor":1.0,"turns":4.0},{"damage":2.0,"enemies":"Jaw Worm","floor":2.0,"turns":4.0},{"damage":0.0,"enemies":"Cultist","floor":4.0,"turns":2.0},{"damage":0.0,"enemies":"2 Fungi Beasts","floor":5.0,"turns":3.0},{"damage":22.0,"enemies":"Lagavulin","floor":6.0,"turns":7.0},{"damage":15.0,"enemies":"3 Sentries","floor":8.0,"turns":5.0},{"damage":2.0,"enemies":"3 Louse","floor":11.0,"turns":2.0},{"damage":5.0,"enemies":"3 Sentries","floor":12.0,"turns":8.0},{"damage":0.0,"enemies":"Large Slime","floor":13.0,"turns":3.0},{"damage":13.0,"enemies":"Lagavulin","floor":14.0,"turns":5.0},{"damage":30,"enemies":"Hexaghost","floor":16,"turns":11},{"damage":24,"enemies":"Spheric Guardian","floor":18,"turns":6},{"damage":18,"enemies":"Shell Parasite","floor":20,"turns":6},{"damage":0,"enemies":"Snake Plant","floor":21,"turns":2},{"damage":28,"enemies":"Shelled Parasite and Fungi","floor":22,"turns":5},{"damage":37,"enemies":"Gremlin Leader","floor":23,"turns":3}],"seed_played":"-3892808088786920565","potions_obtained":[{"floor":2.0,"key":"Explosive Potion"},{"floor":6.0,"key":"EssenceOfSteel"},{"floor":8.0,"key":"GhostInAJar"},{"floor":11.0,"key":"Fire Potion"},{"floor":12.0,"key":"SteroidPotion"},{"floor":16,"key":"SteroidPotion"},{"floor":18,"key":"AttackPotion"},{"floor":20,"key":"FearPotion"},{"floor":21,"key":"SteroidPotion"},{"floor":22,"key":"GamblersBrew"}],"is_trial":false,"path_per_floor":["M","M","?","M","M","E","R","E","T","R","M","?","M","E","R","B",null,"M","?","M","M","M"],"character_chosen":"THE_SILENT","items_purchased":[],"campfire_rested":1,"item_purchase_floors":[],"current_hp_per_floor":[63,61,61,61,61,39,39,26,26,47,47,53,53,44,44,18,62,42,42,32,34,14,0],"gold":445,"neow_bonus":"TRANSFORM_TWO_CARDS","is_prod":false,"is_daily":false,"chose_seed":false,"campfire_upgraded":2,"win_rate":0,"timestamp":1535813917,"path_taken":["M","M","?","M","M","E","R","E","T","R","M","?","?","E","R","BOSS","M","?","M","M","M","E"],"build_version":"2018-08-30","purchased_purges":0,"victory":false,"max_hp_per_floor":[70,70,70,70,70,70,70,70,70,70,70,77,77,77,77,77,77,77,53,53,53,53,53],"card_choices":[{"not_picked":["Slice","Well Laid Plans"],"picked":"Quick Slash","floor":1.0},{"not_picked":["Poisoned Stab","Concentrate"],"picked":"Deadly Poison","floor":2.0},{"not_picked":["Finisher","Acrobatics"],"picked":"Bane","floor":4.0},{"not_picked":["Slice","Blade Dance"],"picked":"Dagger Spray","floor":5.0},{"not_picked":["Crippling Poison","Poisoned Stab"],"picked":"Envenom","floor":6.0},{"not_picked":["Deflect","Flechettes"],"picked":"Backflip","floor":8.0},{"not_picked":["Well Laid Plans","Prepared"],"picked":"After Image","floor":10.0},{"not_picked":["Backflip","Cloak And Dagger"],"picked":"Masterful Stab","floor":11.0},{"not_picked":["Outmaneuver","Tactician"],"picked":"Dodge and Roll","floor":12.0},{"not_picked":["Underhanded Strike","Dodge and Roll"],"picked":"Deadly Poison","floor":13.0},{"not_picked":["Endless Agony","Flechettes","Dagger Spray"],"picked":"SKIP","floor":14.0},{"not_picked":["Bullet Time","After Image"],"picked":"Adrenaline","floor":16},{"not_picked":["Dagger Throw","Infinite Blades"],"picked":"Poisoned Stab","floor":18},{"not_picked":["Prepared","Outmaneuver+1"],"picked":"Crippling Poison+1","floor":20},{"not_picked":["Expertise+1","Riddle With Holes"],"picked":"Cloak And Dagger+1","floor":21},{"not_picked":["Slice","Expertise"],"picked":"Flying Knee","floor":22}],"player_experience":957390,"relics_obtained":[{"floor":6.0,"key":"Bird Faced Urn"},{"floor":8.0,"key":"Bottled Flame"},{"floor":9.0,"key":"Dream Catcher"},{"floor":12.0,"key":"Strawberry"},{"floor":14.0,"key":"Letter Opener"}],"event_choices":[{"event_name":"The Cleric","player_choice":"Leave","floor":3.0,"damage_taken":0.0},{"event_name":"Dead Adventurer","player_choice":"Searched \u00271\u0027 times","floor":12.0,"damage_taken":0.0},{"event_name":"Vampires","player_choice":"Became a vampire","floor":19,"damage_taken":0}],"is_beta":false,"boss_relics":[{"not_picked":["Philosopher\u0027s Stone","Velvet Choker"],"picked":"White Beast Statue"}],"items_purged_floors":[],"is_endless":false,"potions_floor_spawned":[2,6,8,11,12,16,18,20,21,22],"killed_by":"Gremlin Leader","ascension_level":9}