{"gold_per_floor":[113,113,63,63,76,111,124,150,150,181,181,204,204,250,262,370,382,413,425,352,380,392,429,441,487,573,15,33,43,43,43,43,141,141,158,211,211,231,241,241,272,282,356,387,387,415,429,442,442,442],"floor_reached":51,"playtime":2278,"items_purged":[],"score":1428,"play_id":"a898eff9-83df-473f-9f58-251d031364d4","local_time":"20180806212101","is_ascension_mode":true,"campfire_choices":[{"data":"Entrench","floor":13.0,"key":"SMITH"},{"data":"Heavy Blade","floor":15.0,"key":"SMITH"},{"data":"Whirlwind","floor":24,"key":"SMITH"},{"data":"Corruption","floor":30,"key":"SMITH"},{"data":"Armaments","floor":32,"key":"SMITH"},{"data":"Limit Break","floor":40,"key":"SMITH"},{"data":"Hemokinesis","floor":45,"key":"SMITH"},{"data":"Spot Weakness","floor":49,"key":"SMITH"}],"neow_cost":"","seed_source_timestamp":1827401835094007,"circlet_count":0,"master_deck":["Strike_R","Strike_R+1","Strike_R+1","Defend_R","Defend_R","Defend_R","Defend_R","Bash+1","Cleave","Entrench+1","Hemokinesis+1","True Grit","Spot Weakness+1","Heavy Blade+1","Ghostly Armor","Offering","Ghostly Armor+1","Whirlwind+1","Headbutt","Thunderclap","Armaments+1","Corruption+1","Ghostly Armor","Ghostly Armor+1","Burning Pact","Offering","Limit Break+1","Writhe","Clumsy","Heavy Blade+1","Normality","Flame Barrier","Sentinel","Heavy Blade+1","Barricade"],"special_seed":0,"relics":["Burning Blood","Meat on the Bone","Centennial Puzzle","Magic Flower","Matryoshka","Ornamental Fan","FaceOfCleric","Odd Mushroom","Omamori","MawBank","Velvet Choker","Red Skull","Torii","Dead Branch","Dream Catcher","Ancient Tea Set","Singing Bowl","DollysMirror","Paper Frog","Calling Bell","Bag of Preparation","Mercury Hourglass","Thread and Needle","Mango","Incense Burner","Whetstone","Bottled Tornado","Self Forming Clay","Letter Opener"],"potions_floor_usage":[23,41,50,50],"damage_taken":[{"damage":6.0,"enemies":"Jaw Worm","floor":1.0,"turns":5.0},{"damage":0.0,"enemies":"2 Louse","floor":5.0,"turns":2.0},{"damage":35.0,"enemies":"3 Sentries","floor":6.0,"turns":8.0},{"damage":8.0,"enemies":"Small Slimes","floor":7.0,"turns":3.0},{"damage":38.0,"enemies":"Gremlin Nob","floor":8.0,"turns":4.0},{"damage":27.0,"enemies":"3 Sentries","floor":10.0,"turns":7.0},{"damage":22.0,"floor":12.0,"turns":4.0},{"damage":41,"enemies":"Slime Boss","floor":16,"turns":5},{"damage":8,"enemies":"Chosen","floor":18,"turns":3},{"damage":11,"enemies":"Shell Parasite","floor":21,"turns":3},{"damage":62,"enemies":"Book of Stabbing","floor":23,"turns":6},{"damage":25,"enemies":"Slavers","floor":25,"turns":3},{"damage":6,"enemies":"Cultist and Chosen","floor":28,"turns":3},{"damage":13,"enemies":"Centurion and Healer","floor":29,"turns":5},{"damage":51,"enemies":"Champ","floor":33,"turns":8},{"damage":5,"enemies":"3 Shapes","floor":35,"turns":1},{"damage":16,"floor":36,"turns":3},{"damage":8,"enemies":"Flame Bruiser 1 Orb","floor":38,"turns":2},{"damage":10,"enemies":"4 Shapes","floor":39,"turns":2},{"damage":8,"enemies":"Nemesis","floor":41,"turns":5},{"damage":7,"enemies":"Spire Growth","floor":42,"turns":5},{"damage":8,"enemies":"2 Orb Walkers","floor":44,"turns":5},{"damage":11,"enemies":"Giant Head","floor":46,"turns":4},{"damage":5,"enemies":"Flame Bruiser 2 Orb","floor":47,"turns":5},{"damage":7,"enemies":"Transient","floor":48,"turns":5},{"damage":6,"enemies":"Time Eater","floor":50,"turns":8}],"seed_played":"3617861852041910248","potions_obtained":[{"floor":6.0,"key":"BloodPotion"},{"floor":8.0,"key":"Ancient Potion"},{"floor":16,"key":"Energy Potion"},{"floor":18,"key":"SkillPotion"},{"floor":21,"key":"Ancient Potion"},{"floor":33,"key":"SpeedPotion"},{"floor":35,"key":"Swift Potion"},{"floor":41,"key":"Swift Potion"},{"floor":46,"key":"EssenceOfSteel"}],"is_trial":false,"path_per_floor":["M","?","?","?","M","E","M","E","T","E","?","?","R","T","R","B",null,"M","?","?","M","?","E","R","E","T","$","M","M","R","?","R","B",null,"M","?","?","M","M","R","E","M","T","E","R","E","M","M","R","B"],"character_chosen":"IRONCLAD","items_purchased":["Corruption","Ghostly Armor","DollysMirror","Paper Frog"],"campfire_rested":0,"item_purchase_floors":[27,27,27,27],"current_hp_per_floor":[72,65,65,65,71,54,52,40,40,40,40,47,47,47,47,35,70,73,73,73,73,73,40,40,44,44,44,67,65,65,65,65,43,78,86,95,95,98,101,101,104,108,108,113,113,113,120,123,123,124],"gold":442,"neow_bonus":"","is_prod":false,"is_daily":false,"chose_seed":false,"campfire_upgraded":8,"win_rate":0,"timestamp":1533583261,"path_taken":["M","?","?","?","M","E","M","E","T","E","?","?","R","?","R","BOSS","M","?","?","M","?","E","R","E","T","$","?","M","R","?","R","BOSS","M","?","?","M","?","R","E","M","T","E","R","E","M","M","R","BOSS"],"build_version":"2018-08-02","purchased_purges":0,"victory":true,"max_hp_per_floor":[80,80,80,80,80,80,80,80,80,80,80,81,81,81,81,82,82,83,83,83,84,84,85,85,86,86,86,87,88,88,88,88,89,89,92,107,107,108,111,111,112,113,113,116,116,117,120,123,123,124],"card_choices":[{"not_picked":["Shrug It Off","Twin Strike"],"picked":"Cleave","floor":1.0},{"not_picked":["Power Through","Heavy Blade"],"picked":"Entrench","floor":5.0},{"not_picked":["Thunderclap","Sword Boomerang"],"picked":"Hemokinesis","floor":6.0},{"not_picked":["Pummel","Feel No Pain"],"picked":"True Grit","floor":7.0},{"not_picked":["Infernal Blade","Sever Soul"],"picked":"Spot Weakness","floor":8.0},{"not_picked":["Anger","Sword Boomerang"],"picked":"Heavy Blade","floor":10.0},{"not_picked":["Iron Wave","Pommel Strike"],"picked":"Ghostly Armor","floor":12.0},{"not_picked":["Reaper","Exhume"],"picked":"Offering","floor":16},{"not_picked":["Perfected Strike","Sword Boomerang+1"],"picked":"Ghostly Armor+1","floor":18},{"not_picked":["Power Through","Warcry"],"picked":"Headbutt","floor":21},{"not_picked":["Hemokinesis","Entrench+1"],"picked":"Thunderclap","floor":23},{"not_picked":["Sentinel","Twin Strike"],"picked":"Armaments","floor":25},{"not_picked":["Havoc","Metallicize"],"picked":"Burning Pact","floor":28},{"not_picked":["Sword Boomerang","Clash+1"],"picked":"Offering","floor":29},{"not_picked":["Reaper","Impervious"],"picked":"Limit Break","floor":33},{"not_picked":["Wild Strike+1","Clash+1","Havoc+1"],"picked":"Singing Bowl","floor":35},{"not_picked":["Dual Wield","Uppercut+1"],"picked":"Heavy Blade+1","floor":36},{"not_picked":["Headbutt+1","Shrug It Off+1"],"picked":"Flame Barrier","floor":38},{"not_picked":["Flex+1","Body Slam+1","Armaments+1"],"picked":"Singing Bowl","floor":39},{"not_picked":["Power Through","Cleave+1"],"picked":"Sentinel","floor":41},{"not_picked":["Burning Pact","Iron Wave+1"],"picked":"Heavy Blade+1","floor":42},{"not_picked":["Rampage","Heavy Blade","Iron Wave+1"],"picked":"Singing Bowl","floor":44},{"not_picked":["Juggernaut","Thunderclap+1"],"picked":"Barricade","floor":46},{"not_picked":["Wild Strike+1","Cleave","Disarm+1"],"picked":"Singing Bowl","floor":47},{"not_picked":["Power Through","Flex+1","Corruption"],"picked":"Singing Bowl","floor":48}],"player_experience":866756,"relics_obtained":[{"floor":6.0,"key":"Centennial Puzzle"},{"floor":8.0,"key":"Magic Flower"},{"floor":9.0,"key":"Matryoshka"},{"floor":10.0,"key":"Ornamental Fan"},{"floor":12.0,"key":"Odd Mushroom"},{"floor":14.0,"key":"Omamori"},{"floor":14.0,"key":"MawBank"},{"floor":23,"key":"Dead Branch"},{"floor":25,"key":"Dream Catcher"},{"floor":26,"key":"Ancient Tea Set"},{"floor":26,"key":"Singing Bowl"},{"floor":34,"key":"Bag of Preparation"},{"floor":34,"key":"Mercury Hourglass"},{"floor":34,"key":"Thread and Needle"},{"floor":36,"key":"Mango"},{"floor":41,"key":"Whetstone"},{"floor":43,"key":"Bottled Tornado"},{"floor":44,"key":"Self Forming Clay"},{"floor":46,"key":"Letter Opener"}],"event_choices":[{"event_name":"Scrap Ooze","player_choice":"success","floor":2.0,"damage_taken":7.0},{"event_name":"The Cleric","player_choice":"Card Removal","floor":3.0,"damage_taken":0.0},{"event_name":"Living Wall","player_choice":"Grow","floor":4.0,"damage_taken":0.0},{"event_name":"FaceTrader","player_choice":"Trade","floor":11.0,"damage_taken":0.0},{"event_name":"Mushrooms","player_choice":"Fought Mushrooms","floor":12.0,"damage_taken":0.0},{"event_name":"The Library","player_choice":"Read","floor":19,"damage_taken":0},{"event_name":"Addict","player_choice":"Obtained Relic","floor":20,"damage_taken":0},{"event_name":"The Mausoleum","player_choice":"Yes","floor":22,"damage_taken":0},{"event_name":"Purifier","player_choice":"One Purge","floor":31,"damage_taken":0},{"event_name":"Mysterious Sphere","player_choice":"Fight","floor":36,"damage_taken":0},{"event_name":"Accursed Blacksmith","player_choice":"Rummage","floor":37,"damage_taken":0}],"is_beta":false,"boss_relics":[{"not_picked":["Empty Cage","Runic Pyramid"],"picked":"Velvet Choker"},{"not_picked":["Black Blood","Philosopher\u0027s Stone"],"picked":"Calling Bell"}],"items_purged_floors":[],"is_endless":false,"potions_floor_spawned":[6,8,16,18,21,33,35,41,42,46,47],"ascension_level":7}