{"gold_per_floor":[119,119,131,148,163,163,193,193,193,24,99,99,134,150,150,222,222,234,247,147,157,157,157,185,185,185,198,110,120,191,191],"floor_reached":31,"playtime":1114,"items_purged":["Strike_G","Strike_G"],"score":530,"play_id":"f1c1f225-aad6-46c6-9a68-ce09d000d8dc","local_time":"20181211205612","is_ascension_mode":true,"campfire_choices":[{"data":"Neutralize","floor":6,"key":"SMITH"},{"data":"Dash","floor":8,"key":"SMITH"},{"floor":12,"key":"REST"},{"data":"Footwork","floor":15,"key":"SMITH"},{"data":"Cloak And Dagger","floor":23,"key":"SMITH"},{"floor":25,"key":"REST"}],"neow_cost":"NONE","seed_source_timestamp":347754200490528,"circlet_count":0,"master_deck":["AscendersBane","Defend_G","Defend_G","Defend_G","Defend_G","Defend_G","Strike_G","Strike_G","Strike_G","Survivor","Neutralize+1","Backstab","After Image","Dash+1","Poisoned Stab","Bouncing Flask","Deadly Poison","Backstab","Footwork+1","Backflip","Bouncing Flask","Deadly Poison","Die Die Die","Cloak And Dagger+1","Deadly Poison","PiercingWail+1","Ghostly","Ghostly","Ghostly","Footwork+1","Well Laid Plans","Accuracy+1"],"special_seed":0,"relics":["Ring of the Snake","NeowsBlessing","Meat on the Bone","Paper Crane","Snake Skull","WristBlade","PreservedInsect","Question Card"],"potions_floor_usage":[21,27],"damage_taken":[{"damage":0.0,"enemies":"Small Slimes","floor":1.0,"turns":1.0},{"damage":0,"enemies":"Cultist","floor":3,"turns":1},{"damage":0,"enemies":"2 Louse","floor":4,"turns":1},{"damage":3,"enemies":"Blue Slaver","floor":5,"turns":4},{"damage":21,"enemies":"Lagavulin","floor":7,"turns":6},{"damage":4,"enemies":"3 Sentries","floor":13,"turns":11},{"damage":0,"enemies":"Exordium Thugs","floor":14,"turns":4},{"damage":7,"enemies":"The Guardian","floor":16,"turns":8},{"damage":16,"enemies":"2 Thieves","floor":18,"turns":4},{"damage":9,"enemies":"3 Byrds","floor":19,"turns":6},{"damage":4,"enemies":"Snake Plant","floor":21,"turns":4},{"damage":14,"enemies":"Slavers","floor":24,"turns":8},{"damage":0,"enemies":"Cultist and Chosen","floor":27,"turns":7},{"damage":0,"enemies":"Centurion and Healer","floor":29,"turns":6},{"damage":30,"enemies":"Gremlin Leader","floor":31,"turns":5}],"seed_played":"-8418138611918106549","potions_obtained":[{"floor":3,"key":"Weak Potion"},{"floor":4,"key":"Ancient Potion"},{"floor":24,"key":"Regen Potion"}],"is_trial":false,"path_per_floor":["M","?","M","M","M","R","E","R","T","$","?","R","E","M","R","B",null,"M","M","$","M","?","R","E","R","T","M","$","M","T","E"],"character_chosen":"THE_SILENT","items_purchased":["Footwork","Backflip","Well Laid Plans"],"campfire_rested":2,"item_purchase_floors":[10,10,28],"current_hp_per_floor":[59,59,59,59,56,56,35,35,35,35,24,43,39,39,39,44,61,45,36,36,44,33,33,19,28,28,28,28,28,28,0],"gold":191,"neow_bonus":"THREE_ENEMY_KILL","is_prod":false,"is_daily":false,"chose_seed":false,"campfire_upgraded":4,"win_rate":0,"timestamp":1544579772,"path_taken":["M","?","M","?","M","R","E","R","T","$","?","R","E","M","R","BOSS","M","M","$","M","?","R","E","R","T","M","$","M","?","E"],"build_version":"2018-12-10","purchased_purges":2,"victory":false,"max_hp_per_floor":[66,66,66,66,66,66,66,66,66,66,66,66,66,66,66,66,66,66,66,66,66,33,33,33,33,33,33,33,33,33,33],"card_choices":[{"not_picked":["Bane","Choke","Backstab"],"picked":"SKIP","floor":1.0},{"not_picked":["Bane","Choke"],"picked":"Backstab","floor":1.0},{"not_picked":["Deadly Poison","Slice"],"picked":"Poisoned Stab","floor":3},{"not_picked":["Prepared","Deflect"],"picked":"Bouncing Flask","floor":4},{"not_picked":["Cloak And Dagger","Sucker Punch"],"picked":"Deadly Poison","floor":5},{"not_picked":["Accuracy","Blur"],"picked":"Backstab","floor":7},{"not_picked":["Dagger Throw","Flying Knee"],"picked":"Bouncing Flask","floor":13},{"not_picked":["Underhanded Strike","Dagger Spray"],"picked":"Deadly Poison","floor":14},{"not_picked":["Storm of Steel","Night Terror"],"picked":"Die Die Die","floor":16},{"not_picked":["Prepared","Quick Slash"],"picked":"Cloak And Dagger","floor":18},{"not_picked":["Choke","Dagger Spray"],"picked":"Deadly Poison","floor":19},{"not_picked":["Bouncing Flask","Outmaneuver+1"],"picked":"PiercingWail+1","floor":21},{"not_picked":["Expertise","Deadly Poison","Dagger Spray"],"picked":"SKIP","floor":24},{"not_picked":["Expertise+1","Dagger Throw"],"picked":"Footwork+1","floor":27},{"not_picked":["Unload","Finisher"],"picked":"Accuracy+1","floor":29}],"player_experience":1207612,"relics_obtained":[{"floor":7,"key":"Meat on the Bone"},{"floor":9,"key":"Paper Crane"},{"floor":13,"key":"Snake Skull"},{"floor":24,"key":"PreservedInsect"},{"floor":30,"key":"Question Card"}],"event_choices":[{"damage_healed":0,"gold_gain":0,"player_choice":"2 cards matched","damage_taken":0,"max_hp_gain":0,"max_hp_loss":0,"event_name":"Match and Keep!","floor":2,"gold_loss":0,"cards_obtained":["After Image","Dash"]},{"damage_healed":0,"gold_gain":75,"player_choice":"Gather Gold","damage_taken":11,"max_hp_gain":0,"max_hp_loss":0,"event_name":"World of Goop","floor":11,"gold_loss":0},{"damage_healed":0,"gold_gain":0,"player_choice":"Became a Ghost","damage_taken":0,"max_hp_gain":0,"max_hp_loss":33,"event_name":"Ghosts","floor":22,"gold_loss":0,"cards_obtained":["Ghostly","Ghostly","Ghostly"]}],"is_beta":true,"boss_relics":[{"not_picked":["Runic Dome","Calling Bell"],"picked":"WristBlade"}],"items_purged_floors":[10,20],"is_endless":false,"potions_floor_spawned":[3,4,14,19,24],"killed_by":"Gremlin Leader","ascension_level":20}