{"gold_per_floor":[214,233,25,35,50,60,72,72,72,72,172,172,172,186,186,290,290,307,324,336,336,14,14,34,34,105,105,116,116,127,141,141,141],"floor_reached":33,"playtime":2342,"items_purged":["Strike_R"],"score":243,"play_id":"ed3fccc5-f642-4625-a0e7-53f427fc6611","local_time":"20190217000939","is_ascension_mode":false,"campfire_choices":[{"data":"Armaments","floor":8,"key":"SMITH"},{"data":"True Grit","floor":12,"key":"SMITH"},{"data":"Heavy Blade","floor":15,"key":"SMITH"},{"data":"Searing Blow+1","floor":23,"key":"SMITH"},{"data":"Searing Blow+2","floor":25,"key":"SMITH"},{"data":"Searing Blow+3","floor":27,"key":"SMITH"},{"data":"Inflame","floor":29,"key":"SMITH"},{"floor":32,"key":"REST"}],"neow_cost":"NONE","seed_source_timestamp":154018911285400,"circlet_count":0,"master_deck":["Strike_R","Strike_R","Strike_R","Strike_R","Defend_R","Defend_R","Defend_R","Defend_R","Bash","Carnage","Iron Wave","Pommel Strike+1","Heavy Blade+1","Shockwave","Armaments+1","True Grit+1","Inflame+1","Reaper","Searing Blow+4","Armaments+1","Disarm","Seeing Red","Cleave","Flex+1"],"relics":["Burning Blood","Juzu Bracelet","Velvet Choker","Bottled Tornado","Bottled Lightning"],"potions_floor_usage":[16,33],"damage_taken":[{"damage":2,"enemies":"2 Louse","floor":1,"turns":3},{"damage":5,"enemies":"Cultist","floor":2,"turns":4},{"damage":0,"enemies":"Small Slimes","floor":4,"turns":3},{"damage":0,"enemies":"3 Louse","floor":5,"turns":3},{"damage":4,"enemies":"Gremlin Gang","floor":6,"turns":5},{"damage":3,"enemies":"2 Fungi Beasts","floor":7,"turns":4},{"damage":14,"enemies":"Exordium Thugs","floor":14,"turns":6},{"damage":52,"enemies":"Slime Boss","floor":16,"turns":11},{"damage":15,"enemies":"Shell Parasite","floor":18,"turns":6},{"damage":18,"enemies":"Spheric Guardian","floor":19,"turns":4},{"damage":37,"enemies":"Shelled Parasite and Fungi","floor":20,"turns":7},{"damage":14,"enemies":"Colosseum Slavers","floor":21,"turns":6},{"damage":9,"enemies":"Snake Plant","floor":24,"turns":4},{"damage":20,"enemies":"3 Cultists","floor":28,"turns":5},{"damage":13,"enemies":"Chosen and Byrds","floor":30,"turns":5},{"damage":21,"enemies":"Sentry and Sphere","floor":31,"turns":5},{"damage":87,"enemies":"Collector","floor":33,"turns":10}],"seed_played":"6488939937163747718","potions_obtained":[{"floor":5,"key":"AttackPotion"},{"floor":7,"key":"SneckoOil"},{"floor":16,"key":"SpeedPotion"},{"floor":20,"key":"FearPotion"},{"floor":28,"key":"BloodPotion"}],"is_trial":false,"path_per_floor":["M","M","$","M","M","M","M","R","T","?","?","R","?","M","R","B",null,"M","M","M","?","$","R","M","R","T","R","M","R","M","M","R","B"],"character_chosen":"IRONCLAD","items_purchased":["Juzu Bracelet","Pommel Strike","Bottled Tornado"],"campfire_rested":1,"item_purchase_floors":[3,3,22],"current_hp_per_floor":[80,80,80,80,80,80,80,80,80,85,85,85,85,77,77,31,85,76,64,33,45,45,45,42,42,42,42,49,49,49,34,59,0],"gold":141,"neow_bonus":"HUNDRED_GOLD","is_prod":false,"is_daily":false,"chose_seed":false,"campfire_upgraded":7,"win_rate":0,"timestamp":1550380179,"path_taken":["M","M","$","M","M","M","M","R","T","?","?","R","?","M","R","BOSS","M","M","M","?","$","R","M","R","T","R","M","R","M","M","R","BOSS"],"build_version":"2019-01-23","purchased_purges":1,"victory":false,"max_hp_per_floor":[80,80,80,80,80,80,80,80,80,85,85,85,85,85,85,85,85,85,85,85,85,85,85,85,85,85,85,85,85,85,85,85,85],"card_choices":[{"not_picked":["Havoc","Second Wind"],"picked":"Carnage","floor":1},{"not_picked":["Havoc","Wild Strike"],"picked":"Iron Wave","floor":2},{"not_picked":["Blood for Blood","Clash"],"picked":"Heavy Blade","floor":4},{"not_picked":["Power Through","Wild Strike"],"picked":"Shockwave","floor":5},{"not_picked":["Entrench","Clothesline"],"picked":"Armaments","floor":6},{"not_picked":["Heavy Blade","Body Slam"],"picked":"True Grit","floor":7},{"not_picked":["Clothesline","Thunderclap"],"picked":"Inflame","floor":14},{"not_picked":["Dark Embrace","Impervious"],"picked":"Reaper","floor":16},{"not_picked":["Thunderclap","Perfected Strike+1"],"picked":"Searing Blow+1","floor":18},{"not_picked":["Sever Soul","Flex"],"picked":"Armaments+1","floor":19},{"not_picked":["Thunderclap","Berserk","Wild Strike"],"picked":"SKIP","floor":20},{"not_picked":["Anger+1","Metallicize"],"picked":"Disarm","floor":24},{"not_picked":["Clothesline","Body Slam"],"picked":"Seeing Red","floor":28},{"not_picked":["Wild Strike","Flame Barrier"],"picked":"Cleave","floor":30},{"not_picked":["Warcry+1","Pummel"],"picked":"Flex+1","floor":31}],"player_experience":195197,"relics_obtained":[{"floor":26,"key":"Bottled Lightning"}],"event_choices":[{"damage_healed":0,"gold_gain":0,"player_choice":"Donut","damage_taken":0,"max_hp_gain":5,"max_hp_loss":0,"event_name":"Big Fish","floor":10,"gold_loss":0},{"damage_healed":0,"gold_gain":100,"player_choice":"Pray","damage_taken":0,"max_hp_gain":0,"max_hp_loss":0,"event_name":"Golden Shrine","floor":11,"gold_loss":0},{"damage_healed":0,"gold_gain":0,"player_choice":"Forge","damage_taken":0,"max_hp_gain":0,"max_hp_loss":0,"event_name":"Accursed Blacksmith","floor":13,"gold_loss":0,"cards_upgraded":["Pommel Strike"]},{"damage_healed":0,"gold_gain":0,"player_choice":"Fight","damage_taken":0,"max_hp_gain":0,"max_hp_loss":0,"event_name":"Colosseum","floor":21,"gold_loss":0},{"damage_healed":0,"gold_gain":0,"player_choice":"Fled From Nobs","damage_taken":0,"max_hp_gain":0,"max_hp_loss":0,"event_name":"Colosseum","floor":21,"gold_loss":0}],"is_beta":false,"boss_relics":[{"not_picked":["Coffee Dripper","Busted Crown"],"picked":"Velvet Choker"}],"items_purged_floors":[22],"is_endless":false,"potions_floor_spawned":[5,7,16,20,21,28,30],"killed_by":"Collector","ascension_level":0}