{"gold_per_floor":[119,119,119,119,132,132,163,163,163,177,77,95,119,140,140,140],"floor_reached":16,"playtime":1663,"items_purged":["Injury"],"score":102,"play_id":"4b003811-7c63-4dd0-bf93-b030efd6e6ad","local_time":"20190131144056","is_ascension_mode":false,"campfire_choices":[{"data":"Strike_R","floor":6,"key":"SMITH"},{"data":"Anger","floor":8,"key":"SMITH"},{"floor":15,"key":"REST"}],"neow_cost":"","seed_source_timestamp":105212305659216,"circlet_count":0,"master_deck":["Strike_R","Strike_R","Strike_R","Strike_R","Strike_R+1","Defend_R","Defend_R","Defend_R","Defend_R","Bash","Sword Boomerang","Anger+1","Heavy Blade","Anger","Anger","Rage","Thunderclap"],"relics":["Burning Blood","Vajra","Golden Idol","Centennial Puzzle","Ornamental Fan"],"potions_floor_usage":[],"damage_taken":[{"damage":2,"enemies":"2 Louse","floor":1,"turns":3},{"damage":11,"enemies":"Jaw Worm","floor":5,"turns":2},{"damage":34,"enemies":"3 Sentries","floor":7,"turns":8},{"damage":0,"enemies":"Cultist","floor":10,"turns":2},{"damage":7,"enemies":"Large Slime","floor":12,"turns":4},{"damage":1,"enemies":"Lots of Slimes","floor":13,"turns":3},{"damage":13,"enemies":"Red Slaver","floor":14,"turns":2},{"damage":67,"enemies":"The Guardian","floor":16,"turns":8}],"seed_played":"-7550812692759461359","potions_obtained":[{"floor":5,"key":"SpeedPotion"},{"floor":10,"key":"Energy Potion"},{"floor":12,"key":"Fruit Juice"}],"is_trial":false,"path_per_floor":["M","?","?","?","M","R","E","R","T","M","$","M","M","M","R","B"],"character_chosen":"IRONCLAD","items_purchased":["Anger"],"campfire_rested":1,"item_purchase_floors":[11],"current_hp_per_floor":[80,80,80,73,68,68,40,40,40,46,46,45,50,43,67,0],"gold":140,"neow_bonus":"","is_prod":false,"is_daily":false,"chose_seed":false,"campfire_upgraded":2,"win_rate":0.0,"timestamp":1548974456,"path_taken":["M","?","?","?","M","R","E","R","T","M","?","M","M","?","R","BOSS"],"build_version":"2019-01-23","purchased_purges":1,"victory":false,"max_hp_per_floor":[80,80,80,80,80,80,80,80,80,80,80,80,80,80,80,80],"card_choices":[{"not_picked":["Clash","Flex"],"picked":"Sword Boomerang","floor":1},{"not_picked":["Iron Wave","Body Slam"],"picked":"Anger","floor":5},{"not_picked":["Sword Boomerang","Clothesline"],"picked":"Heavy Blade","floor":7},{"not_picked":["Headbutt","Pommel Strike"],"picked":"Anger","floor":10},{"not_picked":["Reckless Charge","Entrench"],"picked":"Rage","floor":12},{"not_picked":["Entrench","Warcry"],"picked":"Thunderclap","floor":13},{"not_picked":["Spot Weakness","Heavy Blade","Fire Breathing"],"picked":"SKIP","floor":14}],"player_experience":0,"relics_obtained":[{"floor":7,"key":"Centennial Puzzle"},{"floor":9,"key":"Ornamental Fan"}],"event_choices":[{"damage_healed":0,"gold_gain":0,"player_choice":"Box","damage_taken":0,"relics_obtained":["Vajra"],"max_hp_gain":0,"max_hp_loss":0,"event_name":"Big Fish","floor":2,"gold_loss":0,"cards_obtained":["Regret"]},{"damage_healed":0,"gold_gain":0,"player_choice":"Take Wound","damage_taken":0,"relics_obtained":["Golden Idol"],"max_hp_gain":0,"max_hp_loss":0,"event_name":"Golden Idol","floor":3,"gold_loss":0,"cards_obtained":["Injury"]},{"cards_removed":["Regret"],"damage_healed":0,"gold_gain":0,"player_choice":"Card Removal","damage_taken":7,"max_hp_gain":0,"max_hp_loss":0,"event_name":"Golden Wing","floor":4,"gold_loss":0}],"is_beta":false,"boss_relics":[],"items_purged_floors":[11],"is_endless":false,"potions_floor_spawned":[5,10,12],"killed_by":"The Guardian","ascension_level":0}