{"gold_per_floor":[118,135,155,155,155,189,189,189,214,54,54,79,79,152,152,243,243,257,272,272,272,295,295,55,105,129,129,145,145,163,179,179,274,274,292,292,310,325,600,600,620,27,27,27,46,46,77,92,92,92],"floor_reached":50,"playtime":2379,"items_purged":["Strike_B","Regret"],"score":989,"play_id":"06335513-a179-460b-9dad-45bd9f8c90bb","local_time":"20181027210053","is_ascension_mode":true,"campfire_choices":[{"data":"Biased Cognition","floor":7.0,"key":"SMITH"},{"data":"Biased Cognition","floor":11.0,"key":"SMITH"},{"data":"Zap","floor":13.0,"key":"SMITH"},{"data":"Discovery","floor":15.0,"key":"SMITH"},{"floor":23,"key":"REST"},{"data":"Biased Cognition","floor":27,"key":"SMITH"},{"floor":29,"key":"REST"},{"floor":32,"key":"REST"},{"data":"Capacitor","floor":40,"key":"SMITH"},{"floor":46,"key":"REST"},{"floor":49,"key":"REST"}],"neow_cost":"TEN_PERCENT_HP_LOSS","seed_source_timestamp":619740949752993,"circlet_count":0,"master_deck":["Strike_B","Strike_B","Strike_B","Defend_B","Defend_B","Defend_B","Defend_B","Zap+1","Dualcast","AscendersBane","Biased Cognition+1","Gash+1","Coolheaded+1","Gash","Biased Cognition+1","Leap","Genetic Algorithm+1","Hyperbeam","Discovery+1","Conserve Battery","All For One","Biased Cognition+1","Auto Shields","Gash+1","FTL","Scrape","Capacitor+1","Glacier","Electrodynamics","Cold Snap+1","Compile Driver+1","BootSequence","Conserve Battery+1","Madness+1","Madness+1","Coolheaded+1","Coolheaded+1","Leap+1"],"special_seed":0,"relics":["Cracked Core","Golden Idol","Blood Vial","Orichalcum","Tiny Chest","Sozu","War Paint","Potion Belt","Eternal Feather","Whetstone","Toxic Egg 2","Dream Catcher","DataDisk"],"potions_floor_usage":[41],"damage_taken":[{"damage":6.0,"enemies":"2 Louse","floor":1.0,"turns":3.0},{"damage":2.0,"enemies":"Cultist","floor":2.0,"turns":4.0},{"damage":0.0,"enemies":"Jaw Worm","floor":3.0,"turns":3.0},{"damage":19.0,"enemies":"3 Sentries","floor":6.0,"turns":12.0},{"damage":0.0,"enemies":"2 Fungi Beasts","floor":12.0,"turns":2.0},{"damage":3.0,"enemies":"Lagavulin","floor":14.0,"turns":7.0},{"damage":35,"enemies":"The Guardian","floor":16,"turns":11},{"damage":13,"enemies":"Chosen","floor":18,"turns":4},{"damage":9,"enemies":"Shell Parasite","floor":19,"turns":5},{"damage":18,"enemies":"Cultist and Chosen","floor":22,"turns":7},{"damage":16,"enemies":"Sentry and Sphere","floor":28,"turns":6},{"damage":5,"enemies":"Centurion and Healer","floor":30,"turns":5},{"damage":2,"enemies":"Snecko","floor":31,"turns":5},{"damage":7,"enemies":"Champ","floor":33,"turns":16},{"damage":0,"enemies":"Orb Walker","floor":35,"turns":5},{"damage":12,"enemies":"3 Shapes","floor":37,"turns":2},{"damage":17,"enemies":"Jaw Worm Horde","floor":38,"turns":4},{"damage":11,"enemies":"Maw","floor":41,"turns":8},{"damage":34,"enemies":"Spire Growth","floor":45,"turns":6},{"damage":16,"enemies":"Reptomancer","floor":47,"turns":5},{"damage":23,"enemies":"Transient","floor":48,"turns":6},{"damage":57,"enemies":"Donu and Deca","floor":50,"turns":9}],"seed_played":"1554369467622088063","potions_obtained":[{"floor":1.0,"key":"SteroidPotion"},{"floor":3.0,"key":"SkillPotion"},{"floor":14.0,"key":"SmokeBomb"},{"floor":16,"key":"Energy Potion"}],"is_trial":false,"path_per_floor":["M","M","M","?","?","E","R","?","T","$","R","M","R","E","R","B",null,"M","M","?","?","M","R","$","?","T","R","M","R","M","M","R","B",null,"M","$","M","M","?","R","M","$","T","?","M","R","E","M","R"],"character_chosen":"DEFECT","items_purchased":["Discovery","Poison Potion","War Paint","Whetstone","Toxic Egg 2","Conserve Battery+1"],"campfire_rested":5,"item_purchase_floors":[10,10,24,42,42,42],"current_hp_per_floor":[58,56,56,56,56,37,37,37,37,37,37,39,39,38,38,5,49,38,31,31,31,15,34,34,34,34,34,20,39,36,36,55,50,61,63,63,52,37,37,55,46,46,46,34,2,42,28,7,47,0],"gold":92,"neow_bonus":"THREE_RARE_CARDS","is_prod":false,"is_daily":false,"chose_seed":false,"campfire_upgraded":6,"win_rate":0,"timestamp":1540688453,"path_taken":["M","M","M","?","?","E","R","?","T","$","R","M","R","E","R","BOSS","M","M","?","?","?","R","?","?","T","R","M","R","M","M","R","BOSS","M","$","M","M","?","R","M","$","T","?","M","R","E","M","R","BOSS"],"build_version":"2018-10-25v2","purchased_purges":2,"victory":false,"max_hp_per_floor":[64,64,64,64,64,64,64,64,64,64,64,64,64,64,64,64,64,64,64,64,64,64,64,64,64,64,64,64,64,64,64,64,64,64,64,64,64,64,64,64,64,64,64,64,64,64,64,64,64,64],"card_choices":[{"not_picked":["Creative AI","Machine Learning"],"picked":"Biased Cognition","floor":0.0},{"not_picked":["Skim","Force Field"],"picked":"Gash","floor":1.0},{"not_picked":["Hello World","Doom and Gloom"],"picked":"Coolheaded","floor":2.0},{"not_picked":["Streamline","Turbo"],"picked":"Gash","floor":3.0},{"not_picked":["Heatsinks","Leap"],"picked":"Hyperbeam","floor":6.0},{"not_picked":["Redo","Self Repair"],"picked":"Conserve Battery","floor":12.0},{"not_picked":["Hologram","Compile Driver"],"picked":"All For One","floor":14.0},{"not_picked":["Amplify","Meteor Strike"],"picked":"Biased Cognition","floor":16},{"not_picked":["Stack","Undo"],"picked":"Auto Shields","floor":18},{"not_picked":["FTL+1","Hologram"],"picked":"Gash","floor":19},{"not_picked":["Go for the Eyes","Barrage"],"picked":"FTL","floor":22},{"not_picked":["Leap","Double Energy"],"picked":"Scrape","floor":28},{"not_picked":["Ball Lightning","Streamline"],"picked":"Capacitor","floor":30},{"not_picked":["Beam Cell","Cold Snap"],"picked":"Glacier","floor":31},{"not_picked":["Biased Cognition","Buffer"],"picked":"Electrodynamics","floor":33},{"not_picked":["Go for the Eyes","Aggregate","Fusion"],"picked":"SKIP","floor":35},{"not_picked":["Genetic Algorithm+1","FTL"],"picked":"Cold Snap+1","floor":37},{"not_picked":["Undo","Leap"],"picked":"Compile Driver+1","floor":38},{"not_picked":["Double Energy","Doom and Gloom"],"picked":"BootSequence","floor":41},{"not_picked":["Beam Cell","Steam+1"],"picked":"Coolheaded+1","floor":45},{"not_picked":["Storm+1","Streamline"],"picked":"Coolheaded+1","floor":46},{"not_picked":["Heatsinks","Barrage","Sunder"],"picked":"SKIP","floor":47},{"not_picked":["Streamline","Compile Driver","Biased Cognition"],"picked":"SKIP","floor":48},{"not_picked":["Streamline","Barrage"],"picked":"Leap+1","floor":49}],"player_experience":1093511,"relics_obtained":[{"floor":6.0,"key":"Blood Vial"},{"floor":9.0,"key":"Orichalcum"},{"floor":14.0,"key":"Tiny Chest"},{"floor":26,"key":"Potion Belt"},{"floor":43,"key":"Dream Catcher"},{"floor":47,"key":"DataDisk"}],"event_choices":[{"damage_healed":0.0,"max_hp_gain":0.0,"max_hp_loss":0.0,"gold_gain":0.0,"event_name":"Match and Keep!","player_choice":"3 cards matched","floor":4.0,"gold_loss":0.0,"damage_taken":0.0,"cards_obtained":["Biased Cognition","Leap","Genetic Algorithm"]},{"damage_healed":0.0,"max_hp_gain":0.0,"max_hp_loss":0.0,"gold_gain":0.0,"event_name":"Golden Idol","player_choice":"Take Wound","floor":5.0,"gold_loss":0.0,"damage_taken":0.0,"relics_obtained":["Golden Idol"],"cards_obtained":["Injury"]},{"cards_removed":["Injury"],"damage_healed":0.0,"max_hp_gain":0.0,"max_hp_loss":0.0,"gold_gain":0.0,"event_name":"Purifier","player_choice":"Purged","floor":8.0,"gold_loss":0.0,"damage_taken":0.0},{"damage_healed":0,"gold_gain":0,"player_choice":"Ignored","damage_taken":0,"max_hp_gain":0,"max_hp_loss":0,"event_name":"Ghosts","floor":20,"gold_loss":0},{"damage_healed":0,"gold_gain":0,"player_choice":"Got Potions","damage_taken":0,"max_hp_gain":0,"max_hp_loss":0,"event_name":"The Lab","floor":21,"gold_loss":0},{"damage_healed":0,"gold_gain":50,"player_choice":"Stole From Cult","damage_taken":0,"max_hp_gain":0,"max_hp_loss":0,"event_name":"Nest","floor":25,"gold_loss":0},{"damage_healed":0,"gold_gain":275,"player_choice":"Desecrate","damage_taken":0,"max_hp_gain":0,"max_hp_loss":0,"event_name":"Golden Shrine","floor":39,"gold_loss":0,"cards_obtained":["Regret"]},{"damage_healed":0,"gold_gain":0,"player_choice":"Embrace Madness","damage_taken":12,"max_hp_gain":0,"max_hp_loss":0,"event_name":"Winding Halls","floor":44,"gold_loss":0,"cards_obtained":["Madness","Madness"]}],"is_beta":false,"boss_relics":[{"not_picked":["White Beast Statue","Orrery"],"picked":"Sozu"},{"not_picked":["Lizard Tail","Tiny House"],"picked":"Eternal Feather"}],"items_purged_floors":[24,42],"is_endless":false,"potions_floor_spawned":[1,3,14,16,18,28,30,37,41,47],"killed_by":"Donu and Deca","ascension_level":20}