{"gold_per_floor":[113,113,63,63,38,74,74,105,129,129,143,157,182,201,201,320,320,309,139,160,175,175,175,216,216,216,241,241,241],"floor_reached":29,"playtime":1217,"items_purged":[],"score":455,"play_id":"f69f6d96-e012-4156-9ea9-4b23682c9b6f","local_time":"20181013194601","is_ascension_mode":true,"campfire_choices":[{"data":"Accuracy","floor":7.0,"key":"SMITH"},{"data":"Survivor","floor":10,"key":"SMITH"},{"data":"Well Laid Plans","floor":15,"key":"SMITH"},{"floor":23,"key":"REST"},{"floor":28,"key":"REST"}],"neow_cost":"NONE","seed_source_timestamp":227689318681128,"circlet_count":0,"master_deck":["Defend_G+1","Defend_G+1","Defend_G+1","Defend_G+1","Defend_G+1","Strike_G+1","Strike_G+1","Strike_G+1","Strike_G+1","Strike_G+1","Survivor+1","Neutralize","AscendersBane","Accuracy+1","Deflect+1","PiercingWail+1","Infinite Blades","PiercingWail+1","Well Laid Plans+1","Setup+1","Outmaneuver+1","Storm of Steel+1","Infinite Blades","Blade Dance+1","Deflect+1","Leg Sweep+1"],"special_seed":0,"relics":["Ring of the Serpent","NeowsBlessing","Toxic Egg 2","Golden Idol","Bag of Preparation","Bottled Tornado","Strawberry","Bronze Scales","Frozen Egg 2","Darkstone Periapt"],"potions_floor_usage":[16,16,18],"damage_taken":[{"damage":0.0,"enemies":"2 Louse","floor":1.0,"turns":1.0},{"damage":0.0,"enemies":"Lagavulin","floor":6.0,"turns":1.0},{"damage":0.0,"enemies":"Gremlin Nob","floor":8.0,"turns":1.0},{"damage":0,"enemies":"Small Slimes","floor":11,"turns":4},{"damage":0,"enemies":"Jaw Worm","floor":12,"turns":4},{"damage":1,"enemies":"Looter","floor":13,"turns":5},{"damage":5,"enemies":"Blue Slaver","floor":14,"turns":4},{"damage":46,"enemies":"The Guardian","floor":16,"turns":15},{"damage":7,"enemies":"2 Thieves","floor":18,"turns":4},{"damage":0,"enemies":"3 Byrds","floor":20,"turns":4},{"damage":13,"enemies":"Centurion and Healer","floor":21,"turns":5},{"damage":7,"enemies":"Book of Stabbing","floor":24,"turns":5},{"damage":2,"enemies":"Colosseum Slavers","floor":25,"turns":4},{"damage":4,"enemies":"Snecko","floor":27,"turns":6},{"damage":43,"enemies":"Slavers","floor":29,"turns":4}],"seed_played":"-7157165786932880453","potions_obtained":[{"floor":1.0,"key":"Explosive Potion"},{"floor":12,"key":"Block Potion"},{"floor":14,"key":"GamblersBrew"},{"floor":24,"key":"Poison Potion"}],"is_trial":false,"path_per_floor":["M","?","?","?","$","E","R","E","T","R","M","M","M","M","R","B",null,"M","$","M","M","?","R","E","?","T","M","R"],"character_chosen":"THE_SILENT","items_purchased":["Deflect+1","Blade Dance+1","Bronze Scales"],"campfire_rested":2,"item_purchase_floors":[5,19,19],"current_hp_per_floor":[63,63,63,63,63,63,63,63,70,70,70,70,69,64,64,18,59,52,52,52,39,39,60,53,51,51,47,68,25],"gold":241,"neow_bonus":"THREE_ENEMY_KILL","is_prod":false,"is_daily":false,"chose_seed":false,"campfire_upgraded":3,"win_rate":0,"timestamp":1539452761,"path_taken":["M","?","?","?","?","E","R","E","T","R","M","M","M","M","R","BOSS","M","$","M","M","?","R","E","?","T","M","R","E"],"build_version":"2018-10-11","purchased_purges":0,"victory":false,"max_hp_per_floor":[70,70,70,65,65,65,65,65,72,72,72,72,72,72,72,72,72,72,72,72,72,72,72,72,72,72,72,72,72],"card_choices":[{"not_picked":["Flechettes","Cloak And Dagger"],"picked":"Accuracy","floor":1.0},{"not_picked":["Underhanded Strike","Prepared+1"],"picked":"PiercingWail+1","floor":6.0},{"not_picked":["Concentrate+1","Poisoned Stab"],"picked":"Infinite Blades","floor":8},{"not_picked":["Backflip+1","Underhanded Strike"],"picked":"PiercingWail+1","floor":11},{"not_picked":["Tactician+1","Dagger Throw"],"picked":"Well Laid Plans","floor":12},{"not_picked":["Expertise+1","Sucker Punch"],"picked":"Setup+1","floor":13},{"not_picked":["Skewer","Envenom"],"picked":"Outmaneuver+1","floor":14},{"not_picked":["Die Die Die","Night Terror+1"],"picked":"Storm of Steel+1","floor":16},{"not_picked":["Eviscerate","Finisher"],"picked":"Infinite Blades","floor":18},{"not_picked":["All Out Attack","Heel Hook+1"],"picked":"Deflect+1","floor":20},{"not_picked":["Setup+1","Bouncing Flask+1"],"picked":"Leg Sweep+1","floor":21},{"not_picked":["All Out Attack","Outmaneuver+1","Finisher"],"picked":"SKIP","floor":24},{"not_picked":["Choke","Acrobatics+1","Dash"],"picked":"SKIP","floor":27}],"player_experience":1082985,"relics_obtained":[{"floor":6.0,"key":"Bag of Preparation"},{"floor":8,"key":"Bottled Tornado"},{"floor":9,"key":"Strawberry"},{"floor":24,"key":"Frozen Egg 2"},{"floor":26,"key":"Darkstone Periapt"}],"event_choices":[{"event_name":"Big Fish","player_choice":"Box","floor":2.0,"damage_taken":0.0},{"event_name":"The Cleric","player_choice":"Card Removal","floor":3.0,"damage_taken":0.0},{"event_name":"Golden Idol","player_choice":"Lose Max HP","floor":4.0,"damage_taken":0.0},{"event_name":"Back to Basics","player_choice":"Simplicity","floor":22,"damage_taken":0},{"event_name":"Colosseum","player_choice":"Fight","floor":25,"damage_taken":0},{"event_name":"Colosseum","player_choice":"Fled From Nobs","floor":25,"damage_taken":0}],"is_beta":false,"boss_relics":[{"not_picked":["Lizard Tail","Sozu"],"picked":"Ring of the Serpent"}],"items_purged_floors":[],"is_endless":false,"potions_floor_spawned":[1,12,14,24,25],"killed_by":"Slavers","ascension_level":10}