{"gold_per_floor":[115,132,102,102,102,102,135,135,181,204,277,291,291],"floor_reached":13,"playtime":303,"items_purged":[],"score":130,"play_id":"e4eb0773-1bbc-41f4-993e-f80bbb759175","local_time":"20180818220230","is_ascension_mode":true,"campfire_choices":[{"data":"Zap","floor":6,"key":"SMITH"},{"data":"White Noise","floor":8,"key":"SMITH"}],"neow_cost":"","seed_source_timestamp":349159952664850,"circlet_count":0,"master_deck":["Strike_B","Strike_B","Strike_B+1","Strike_B","Defend_B","Defend_B","Defend_B","Defend_B","Zap+1","Dualcast+1","Tempest","Ball Lightning","White Noise+1","Capacitor","Sweeping Beam","Redo"],"relics":["Cracked Core","Golden Idol","Bronze Scales","Dream Catcher","Tiny Chest"],"potions_floor_usage":[11,11,11],"damage_taken":[{"damage":0,"enemies":"2 Louse","floor":1,"turns":2},{"damage":1,"enemies":"Cultist","floor":2,"turns":3},{"damage":5,"enemies":"Gremlin Nob","floor":7,"turns":3},{"damage":0,"enemies":"Small Slimes","floor":10,"turns":2},{"damage":5,"enemies":"3 Sentries","floor":11,"turns":5},{"damage":9,"enemies":"Red Slaver","floor":12,"turns":2},{"damage":34,"enemies":"Gremlin Nob","floor":13,"turns":3}],"seed_played":"6582344885451381982","potions_obtained":[{"floor":1,"key":"Block Potion"},{"floor":3,"key":"SpeedPotion"},{"floor":3,"key":"SmokeBomb"},{"floor":7,"key":"PowerPotion"}],"is_trial":false,"path_per_floor":["M","M","?","?","?","R","E","R","T","M","E","M"],"character_chosen":"DEFECT","items_purchased":[],"campfire_rested":0,"item_purchase_floors":[],"current_hp_per_floor":[68,67,67,67,53,53,48,48,48,48,43,34,0],"gold":291,"neow_bonus":"","is_prod":false,"is_daily":false,"chose_seed":false,"campfire_upgraded":2,"win_rate":0,"timestamp":1534622550,"path_taken":["M","M","?","?","?","R","E","R","T","?","E","M","E"],"build_version":"2018-08-16","purchased_purges":0,"victory":false,"max_hp_per_floor":[75,75,75,69,69,69,69,69,69,69,69,69,69],"card_choices":[{"not_picked":["Skim","Melter"],"picked":"Tempest","floor":1},{"not_picked":["Conserve Battery","Streamline"],"picked":"Ball Lightning","floor":2},{"not_picked":["Steam Power","Recycle"],"picked":"White Noise","floor":7},{"not_picked":["Ball Lightning","Coolheaded"],"picked":"Capacitor","floor":10},{"not_picked":["Machine Learning","Steam"],"picked":"Sweeping Beam","floor":11},{"not_picked":["Go for the Eyes","Recycle"],"picked":"Redo","floor":12}],"player_experience":894914,"relics_obtained":[{"floor":7,"key":"Bronze Scales"},{"floor":9,"key":"Dream Catcher"},{"floor":11,"key":"Tiny Chest"}],"event_choices":[{"event_name":"The Woman in Blue","player_choice":"Bought 2 Potions","floor":3,"damage_taken":0},{"event_name":"Golden Idol","player_choice":"Lose Max HP","floor":4,"damage_taken":0},{"event_name":"Shining Light","player_choice":"Entered Light","floor":5,"damage_taken":0}],"is_beta":false,"boss_relics":[],"items_purged_floors":[],"is_endless":false,"potions_floor_spawned":[1,7],"killed_by":"Gremlin Nob","ascension_level":8}