{"gold_per_floor":[119,194,205,219,64,64,76,108,131,131,131,149,167,181,181,276,276,294,393,393,9,0,0],"floor_reached":23,"playtime":3111,"items_purged":["Strike_G","Strike_G"],"score":216,"play_id":"89b9f8b5-3b5d-4c04-80bf-c5ef9d9cdcfe","local_time":"20190220034450","is_ascension_mode":false,"campfire_choices":[{"data":"Sucker Punch","floor":6,"key":"SMITH"},{"floor":11,"key":"REST"},{"floor":15,"key":"REST"}],"neow_cost":"NONE","seed_source_timestamp":32839975843836,"circlet_count":0,"master_deck":["Defend_G","Defend_G","Defend_G","Defend_G","Defend_G","Strike_G","Strike_G","Survivor","Neutralize","Deflect","Well Laid Plans","Sucker Punch+1","Footwork","PiercingWail","Dagger Spray","Envenom","Backflip","A Thousand Cuts","Blur","Ghostly","Ghostly","Ghostly","Ghostly","Ghostly","Dodge and Roll","Dash"],"relics":["Ring of the Snake","NeowsBlessing","Strawberry","Happy Flower","Eternal Feather","Shuriken"],"potions_floor_usage":[8,8,13],"damage_taken":[{"damage":0,"enemies":"Cultist","floor":1,"turns":1},{"damage":0,"enemies":"Jaw Worm","floor":3,"turns":1},{"damage":0,"enemies":"Small Slimes","floor":4,"turns":1},{"damage":4,"enemies":"3 Louse","floor":7,"turns":5},{"damage":53,"enemies":"Gremlin Nob","floor":8,"turns":7},{"damage":1,"enemies":"Exordium Wildlife","floor":12,"turns":6},{"damage":16,"enemies":"Lots of Slimes","floor":13,"turns":3},{"damage":0,"enemies":"Large Slime","floor":14,"turns":8},{"damage":29,"enemies":"Hexaghost","floor":16,"turns":14},{"damage":19,"enemies":"Shell Parasite","floor":18,"turns":11},{"damage":2,"enemies":"2 Thieves","floor":22,"turns":5},{"damage":39,"enemies":"Book of Stabbing","floor":23,"turns":10}],"seed_played":"-7612993731527500419","potions_obtained":[{"floor":1,"key":"FearPotion"},{"floor":7,"key":"Dexterity Potion"},{"floor":12,"key":"SteroidPotion"},{"floor":18,"key":"GamblersBrew"}],"is_trial":false,"path_per_floor":["M","?","M","M","$","R","M","E","T","?","R","M","M","M","R","B",null,"M","?","?","$","M","E"],"character_chosen":"THE_SILENT","items_purchased":["Footwork","Shuriken","Dodge and Roll"],"campfire_rested":2,"item_purchase_floors":[5,21,21],"current_hp_per_floor":[70,59,59,59,59,59,55,9,9,9,32,31,15,15,38,9,77,58,58,38,38,36,0],"gold":0,"neow_bonus":"THREE_ENEMY_KILL","is_prod":false,"is_daily":false,"chose_seed":false,"campfire_upgraded":1,"win_rate":0.0,"timestamp":1550659490,"path_taken":["M","?","M","M","$","R","M","E","T","?","R","M","M","M","R","BOSS","M","?","?","$","M","E"],"build_version":"2019-01-23","purchased_purges":2,"victory":false,"max_hp_per_floor":[70,70,70,70,70,70,70,77,77,77,77,77,77,77,77,77,77,77,77,38,38,38,38],"card_choices":[{"not_picked":["All Out Attack","Slice"],"picked":"Deflect","floor":1},{"not_picked":["Dagger Spray","Terror"],"picked":"Well Laid Plans","floor":3},{"not_picked":["Poisoned Stab","Prepared"],"picked":"Sucker Punch","floor":4},{"not_picked":["Underhanded Strike","Dagger Throw"],"picked":"PiercingWail","floor":7},{"not_picked":["Quick Slash","All Out Attack"],"picked":"Dagger Spray","floor":8},{"not_picked":["Prepared","Sucker Punch"],"picked":"Envenom","floor":12},{"not_picked":["Poisoned Stab","Finisher","Deadly Poison"],"picked":"SKIP","floor":13},{"not_picked":["Underhanded Strike","Masterful Stab"],"picked":"Backflip","floor":14},{"not_picked":["Night Terror","Die Die Die"],"picked":"A Thousand Cuts","floor":16},{"not_picked":["Underhanded Strike","Dagger Throw"],"picked":"Blur","floor":18},{"not_picked":["Sucker Punch","Underhanded Strike"],"picked":"Dash","floor":22}],"player_experience":3235,"relics_obtained":[{"floor":8,"key":"Strawberry"},{"floor":9,"key":"Happy Flower"}],"event_choices":[{"damage_healed":0,"gold_gain":75,"player_choice":"Gather Gold","damage_taken":11,"max_hp_gain":0,"max_hp_loss":0,"event_name":"World of Goop","floor":2,"gold_loss":0},{"cards_removed":["Strike_G"],"damage_healed":0,"gold_gain":0,"player_choice":"Forget","damage_taken":0,"max_hp_gain":0,"max_hp_loss":0,"event_name":"Living Wall","floor":10,"gold_loss":0},{"damage_healed":0,"gold_gain":99,"player_choice":"Stole From Cult","damage_taken":0,"max_hp_gain":0,"max_hp_loss":0,"event_name":"Nest","floor":19,"gold_loss":0},{"damage_healed":0,"gold_gain":0,"player_choice":"Became a Ghost","damage_taken":0,"max_hp_gain":0,"max_hp_loss":39,"event_name":"Ghosts","floor":20,"gold_loss":0,"cards_obtained":["Ghostly","Ghostly","Ghostly","Ghostly","Ghostly"]}],"is_beta":false,"boss_relics":[{"not_picked":["Calling Bell","Lizard Tail"],"picked":"Eternal Feather"}],"items_purged_floors":[5,21],"is_endless":false,"potions_floor_spawned":[1,7,12,18],"killed_by":"Book of Stabbing","ascension_level":0}