{"gold_per_floor":[114,264,264,282,357,357,391,115,115,172,172,222,171,2,2,80,80,80,5,18,28,44,44,44,44,69,69,69,69,81,101,101,177,177,191,191,207,226,143,143,159,259,314,326,390,416,263,213,213,213],"floor_reached":51,"playtime":1976,"items_purged":[],"score":1326,"play_id":"7bc0cdf3-db6e-47b6-a64c-3e0cedf6e0a9","local_time":"20190221192342","is_ascension_mode":true,"campfire_choices":[{"data":"Body Slam","floor":6,"key":"SMITH"},{"data":"Rage","floor":15,"key":"SMITH"},{"floor":23,"key":"REST"},{"data":"Whirlwind","floor":25,"key":"SMITH"},{"floor":32,"key":"REST"},{"floor":40,"key":"REST"},{"floor":49,"key":"REST"}],"neow_cost":"NONE","seed_source_timestamp":15461452565307358,"circlet_count":0,"master_deck":["AscendersBane","Strike_R","Strike_R","Strike_R","Strike_R+1","Strike_R","Defend_R+1","Defend_R","Defend_R","Bash","Body Slam+1","Whirlwind","Clothesline","Shrug It Off","Iron Wave","Rage+1","Whirlwind+1","Inflame","Fire Breathing+1"],"relics":["Burning Blood","NeowsBlessing","Bag of Marbles","Mercury Hourglass","Chemical X","Ornamental Fan","Anchor","Centennial Puzzle","Snecko Eye","Juzu Bracelet","CultistMask","Fusion Hammer","Incense Burner","MawBank","Pen Nib","Vajra"],"potions_floor_usage":[16,18,33,50,50,50],"damage_taken":[{"damage":0,"enemies":"2 Louse","floor":1,"turns":1},{"damage":0,"enemies":"Jaw Worm","floor":4,"turns":1},{"damage":0,"enemies":"Lagavulin","floor":7,"turns":1},{"damage":21,"enemies":"Gremlin Nob","floor":10,"turns":4},{"damage":53,"enemies":"The Guardian","floor":16,"turns":17},{"damage":0,"enemies":"3 Byrds","floor":18,"turns":1},{"damage":6,"enemies":"Shell Parasite","floor":20,"turns":4},{"damage":9,"enemies":"Cultist and Chosen","floor":21,"turns":4},{"damage":24,"enemies":"Snake Plant","floor":22,"turns":4},{"damage":16,"enemies":"Sentry and Sphere","floor":30,"turns":4},{"damage":0,"enemies":"3 Cultists","floor":31,"turns":2},{"damage":26,"enemies":"Collector","floor":33,"turns":6},{"damage":0,"enemies":"Orb Walker","floor":35,"turns":2},{"damage":0,"enemies":"3 Darklings","floor":37,"turns":1},{"damage":0,"enemies":"Spire Growth","floor":38,"turns":3},{"damage":13,"enemies":"Maw","floor":41,"turns":6},{"damage":5,"enemies":"Mind Bloom Boss Battle","floor":42,"turns":8},{"damage":19,"enemies":"Sphere and 2 Shapes","floor":46,"turns":5},{"damage":68,"enemies":"Time Eater","floor":50,"turns":9}],"seed_played":"-7532107937685733233","potions_obtained":[{"floor":4,"key":"Weak Potion"},{"floor":16,"key":"SmokeBomb"},{"floor":21,"key":"PowerPotion"},{"floor":22,"key":"BloodPotion"},{"floor":33,"key":"EntropicBrew"}],"is_trial":false,"path_per_floor":["M","?","T","M","?","R","E","$","T","?","?","T","$","$","R","B",null,"M","?","M","M","M","R","?","R","T","$","?","?","M","M","R","B",null,"M","?","M","M","$","R","M","?","T","?","T","M","$","?","R","B",null],"character_chosen":"IRONCLAD","items_purchased":["Chemical X","Shrug It Off","Iron Wave","Rage","Whirlwind","Inflame","Vajra"],"campfire_rested":4,"item_purchase_floors":[8,8,13,14,14,39,47],"current_hp_per_floor":[74,74,74,75,64,64,70,70,70,55,55,55,55,55,55,8,58,64,64,64,61,43,65,65,65,65,65,65,65,55,61,75,55,70,75,75,75,75,75,75,68,69,69,69,69,56,56,56,75,20],"gold":213,"neow_bonus":"THREE_ENEMY_KILL","is_prod":false,"is_daily":false,"chose_seed":false,"campfire_upgraded":3,"win_rate":0,"timestamp":1550773422,"path_taken":["M","?","?","?","?","R","E","$","T","?","?","?","?","$","R","BOSS","M","?","M","M","M","R","?","R","T","$","?","?","M","M","R","BOSS","M","?","M","M","$","R","M","?","T","?","?","M","?","?","R","BOSS"],"build_version":"2019-01-23","purchased_purges":0,"victory":true,"max_hp_per_floor":[75,75,75,75,75,75,75,75,75,75,75,75,75,75,75,75,75,75,75,75,75,75,75,75,75,75,75,75,75,75,75,75,75,75,75,75,75,75,75,75,75,75,75,75,75,75,75,75,75,75],"card_choices":[{"not_picked":["Thunderclap","Anger"],"picked":"Body Slam","floor":1},{"not_picked":["Ghostly Armor","Perfected Strike"],"picked":"Whirlwind","floor":4},{"not_picked":["Barricade","Disarm"],"picked":"Clothesline","floor":7},{"not_picked":["Rupture","Whirlwind","Clash"],"picked":"SKIP","floor":20},{"not_picked":["Cleave","Disarm","Rupture"],"picked":"SKIP","floor":21},{"not_picked":["Flame Barrier","Sword Boomerang","Flex"],"picked":"SKIP","floor":22},{"not_picked":["Iron Wave","Thunderclap","Clothesline"],"picked":"SKIP","floor":30},{"not_picked":["Wild Strike","Armaments","Iron Wave"],"picked":"SKIP","floor":31},{"not_picked":["Pommel Strike+1","Rampage","Shockwave"],"picked":"SKIP","floor":35},{"not_picked":["Pummel","Thunderclap","Hemokinesis"],"picked":"SKIP","floor":37},{"not_picked":["Sever Soul","True Grit","Armaments"],"picked":"SKIP","floor":38},{"not_picked":["Hemokinesis","Bludgeon"],"picked":"Fire Breathing+1","floor":41},{"not_picked":["Thunderclap","Clothesline","Dropkick+1"],"picked":"SKIP","floor":46}],"player_experience":422812,"relics_obtained":[{"floor":3,"key":"Bag of Marbles"},{"floor":7,"key":"Mercury Hourglass"},{"floor":9,"key":"Ornamental Fan"},{"floor":10,"key":"Anchor"},{"floor":12,"key":"Centennial Puzzle"},{"floor":26,"key":"Juzu Bracelet"},{"floor":42,"key":"Incense Burner"},{"floor":43,"key":"MawBank"},{"floor":45,"key":"Pen Nib"}],"event_choices":[{"damage_healed":0,"gold_gain":150,"player_choice":"AGREE","damage_taken":0,"max_hp_gain":0,"max_hp_loss":0,"event_name":"Liars Game","floor":2,"gold_loss":0,"cards_obtained":["Doubt"]},{"damage_healed":0,"gold_gain":75,"player_choice":"Gather Gold","damage_taken":11,"max_hp_gain":0,"max_hp_loss":0,"event_name":"World of Goop","floor":5,"gold_loss":0},{"damage_healed":0,"gold_gain":0,"player_choice":"Searched \u00271\u0027 times","damage_taken":0,"max_hp_gain":0,"max_hp_loss":0,"event_name":"Dead Adventurer","floor":10,"gold_loss":0},{"damage_healed":0,"gold_gain":0,"player_choice":"Ignored","damage_taken":0,"max_hp_gain":0,"max_hp_loss":0,"event_name":"Shining Light","floor":11,"gold_loss":0},{"cards_removed":["Doubt"],"damage_healed":0,"gold_gain":0,"player_choice":"Gave Gold","damage_taken":0,"max_hp_gain":0,"max_hp_loss":0,"event_name":"Beggar","floor":19,"gold_loss":75},{"damage_healed":0,"gold_gain":0,"player_choice":"Ignored","damage_taken":0,"max_hp_gain":0,"max_hp_loss":0,"event_name":"Vampires","floor":24,"gold_loss":0},{"damage_healed":0,"gold_gain":0,"player_choice":"Trade","damage_taken":0,"relics_obtained":["CultistMask"],"max_hp_gain":0,"max_hp_loss":0,"event_name":"FaceTrader","floor":29,"gold_loss":0},{"damage_healed":0,"gold_gain":0,"player_choice":"Ignored","damage_taken":0,"max_hp_gain":0,"max_hp_loss":0,"event_name":"Mysterious Sphere","floor":36,"gold_loss":0},{"damage_healed":0,"gold_gain":0,"player_choice":"Fight","damage_taken":0,"max_hp_gain":0,"max_hp_loss":0,"event_name":"MindBloom","floor":42,"gold_loss":0},{"cards_removed":["Defend_R"],"damage_healed":0,"gold_gain":0,"player_choice":"Removed Skill","damage_taken":0,"max_hp_gain":0,"max_hp_loss":0,"event_name":"Falling","floor":44,"gold_loss":0},{"damage_healed":0,"gold_gain":0,"player_choice":"Upgraded Two","damage_taken":0,"max_hp_gain":0,"max_hp_loss":0,"event_name":"Designer","floor":48,"gold_loss":50,"cards_upgraded":["Defend_R","Strike_R"]}],"is_beta":false,"boss_relics":[{"not_picked":["Black Star","Ectoplasm"],"picked":"Snecko Eye"},{"not_picked":["Runic Cube","Velvet Choker"],"picked":"Fusion Hammer"}],"items_purged_floors":[],"is_endless":false,"potions_floor_spawned":[4,16,21,22,30,33,35,37],"ascension_level":19}