{"gold_per_floor":[115,115,132,407,139,166,178,178,231,261,261,279,354,354],"floor_reached":14,"playtime":350,"items_purged":["Pain"],"score":209,"play_id":"b64321e8-2b56-446c-9656-d375bbbd0709","local_time":"20190210151908","is_ascension_mode":true,"campfire_choices":[{"data":"Armaments","floor":8,"key":"SMITH"},{"data":"Infernal Blade","floor":11,"key":"SMITH"}],"neow_cost":"NONE","seed_source_timestamp":224649325587155,"circlet_count":0,"master_deck":["AscendersBane","Strike_R","Strike_R","Strike_R","Strike_R","Strike_R","Defend_R","Defend_R","Defend_R","Defend_R","Bash","Armaments+1","Burning Pact","Regret","True Grit","Infernal Blade+1"],"special_seed":0,"relics":["Burning Blood","NeowsBlessing","WarpedTongs","Orichalcum","Boot","Happy Flower","Regal Pillow"],"potions_floor_usage":[10],"damage_taken":[{"damage":0.0,"enemies":"Small Slimes","floor":1.0,"turns":1.0},{"damage":0.0,"enemies":"Cultist","floor":3.0,"turns":1.0},{"damage":0.0,"enemies":"3 Sentries","floor":6.0,"turns":2.0},{"damage":11.0,"enemies":"2 Louse","floor":7.0,"turns":3.0},{"damage":22,"enemies":"Gremlin Nob","floor":10,"turns":4},{"damage":8,"enemies":"Blue Slaver","floor":12,"turns":5},{"damage":0,"enemies":"Red Slaver","floor":14,"turns":1}],"seed_played":"1909800789159164256","potions_obtained":[{"floor":3.0,"key":"Swift Potion"},{"floor":10,"key":"Strength Potion"}],"is_trial":false,"path_per_floor":["M","?","M","?","$","E","M","R","T","E","R","M","?","M"],"character_chosen":"IRONCLAD","items_purchased":["Orichalcum","Fire Potion"],"campfire_rested":0,"item_purchase_floors":[5,5],"current_hp_per_floor":[74,74,75,75,75,75,70,70,70,54,54,52,41,41],"gold":354,"neow_bonus":"THREE_ENEMY_KILL","is_prod":false,"is_daily":false,"chose_seed":false,"campfire_upgraded":2,"win_rate":0,"timestamp":1549808348,"path_taken":["M","?","?","?","$","E","?","R","T","E","R","?","?","M"],"build_version":"2019-01-23","purchased_purges":1,"victory":false,"max_hp_per_floor":[75,75,75,75,75,75,75,75,75,75,75,75,75,75],"card_choices":[{"not_picked":["Iron Wave","Cleave"],"picked":"Armaments","floor":1.0},{"not_picked":["Armaments","Iron Wave"],"picked":"Burning Pact","floor":3.0},{"not_picked":["Sever Soul","Blood for Blood","Body Slam"],"picked":"SKIP","floor":6.0},{"not_picked":["Dark Embrace","Perfected Strike"],"picked":"True Grit","floor":7},{"not_picked":["Cleave","Sever Soul"],"picked":"Infernal Blade","floor":10},{"not_picked":["True Grit","Flex","Evolve"],"picked":"SKIP","floor":12}],"player_experience":2276012,"relics_obtained":[{"floor":6.0,"key":"Boot"},{"floor":9,"key":"Happy Flower"},{"floor":10,"key":"Regal Pillow"}],"event_choices":[{"damage_healed":0.0,"max_hp_gain":0.0,"max_hp_loss":0.0,"gold_gain":0.0,"event_name":"Accursed Blacksmith","player_choice":"Rummage","floor":2.0,"gold_loss":0.0,"damage_taken":0.0,"relics_obtained":["WarpedTongs"],"cards_obtained":["Pain"]},{"damage_healed":0.0,"max_hp_gain":0.0,"max_hp_loss":0.0,"gold_gain":275.0,"event_name":"Golden Shrine","player_choice":"Desecrate","floor":4.0,"gold_loss":0.0,"damage_taken":0.0,"cards_obtained":["Regret"]},{"damage_healed":0,"gold_gain":75,"player_choice":"Gather Gold","damage_taken":11,"max_hp_gain":0,"max_hp_loss":0,"event_name":"World of Goop","floor":13,"gold_loss":0}],"is_beta":false,"boss_relics":[],"items_purged_floors":[5],"is_endless":false,"potions_floor_spawned":[3,10],"killed_by":"Red Slaver","ascension_level":14}