{"gold_per_floor":[112,387,401,419,153,153,165,191,214,191,266,296,343,367,379,465,477,509,538,465,477,242,242,256,288,311,311,331,331,82,100,100,179,179,190,205,205,205,24,24],"floor_reached":40,"playtime":2092,"items_purged":["Regret","Strike_B","Strike_B","Strike_B"],"score":982,"play_id":"16d6e671-7507-4601-b178-50615c1cc550","local_time":"20181216193211","is_ascension_mode":true,"campfire_choices":[{"data":"Zap","floor":6.0,"key":"SMITH"},{"floor":15.0,"key":"REST"},{"data":"Fission","floor":23.0,"key":"SMITH"},{"data":"Biased Cognition","floor":27.0,"key":"SMITH"},{"data":"Consume","floor":29.0,"key":"SMITH"},{"floor":32.0,"key":"REST"}],"neow_cost":"NONE","seed_source_timestamp":536912003225919,"circlet_count":0,"master_deck":["AscendersBane","Defend_B","Defend_B","Defend_B","Defend_B","Zap+1","Ball Lightning","Ball Lightning","Cold Snap","Auto Shields","Compile Driver","Glacier","Consume+1","Genetic Algorithm","Biased Cognition+1","Go for the Eyes","Static Discharge+1","Fission+1","FTL+1","Hologram+1","Darkness","Ball Lightning","Amplify"],"special_seed":0,"relics":["Cracked Core","NeowsBlessing","Membership Card","DataDisk","MawBank","Strawberry","Vajra","Sozu","Pear","Medical Kit","Frozen Egg 2","OrangePellets","Regal Pillow","Black Star","ClockworkSouvenir"],"potions_floor_usage":[],"damage_taken":[{"damage":0.0,"enemies":"Small Slimes","floor":1.0,"turns":1.0},{"damage":0.0,"enemies":"Cultist","floor":3.0,"turns":1.0},{"damage":0.0,"enemies":"Jaw Worm","floor":4.0,"turns":1.0},{"damage":11.0,"enemies":"Large Slime","floor":7.0,"turns":4.0},{"damage":15.0,"enemies":"Lagavulin","floor":8.0,"turns":4.0},{"damage":19.0,"enemies":"Lagavulin Event","floor":11.0,"turns":4.0},{"damage":0.0,"enemies":"Exordium Thugs","floor":12.0,"turns":3.0},{"damage":18.0,"enemies":"3 Sentries","floor":13.0,"turns":9.0},{"damage":3.0,"enemies":"Red Slaver","floor":14.0,"turns":2.0},{"damage":20.0,"enemies":"Slime Boss","floor":16.0,"turns":11.0},{"damage":0.0,"enemies":"3 Byrds","floor":18.0,"turns":5.0},{"damage":0.0,"enemies":"Spheric Guardian","floor":19.0,"turns":4.0},{"damage":4.0,"enemies":"Chosen and Byrds","floor":24.0,"turns":6.0},{"damage":11.0,"enemies":"Book of Stabbing","floor":25.0,"turns":4.0},{"damage":7.0,"enemies":"Centurion and Healer","floor":28.0,"turns":5.0},{"damage":5.0,"enemies":"Cultist and Chosen","floor":31.0,"turns":5.0},{"damage":0.0,"enemies":"Champ","floor":33.0,"turns":16.0},{"damage":26.0,"enemies":"3 Darklings","floor":35.0,"turns":4.0},{"damage":0.0,"enemies":"3 Shapes","floor":36.0,"turns":5.0},{"damage":32,"enemies":"Reptomancer","floor":40,"turns":4}],"seed_played":"5235958396535741262","potions_obtained":[{"floor":1.0,"key":"FocusPotion"},{"floor":3.0,"key":"AttackPotion"},{"floor":12.0,"key":"Poison Potion"},{"floor":16.0,"key":"Strength Potion"}],"is_trial":false,"path_per_floor":["M","?","M","M","$","R","M","E","T","?","?","M","E","M","R","B",null,"M","M","?","?","$","R","M","E","T","R","M","R","$","M","R","B",null,"M","M","?","?","$","E"],"character_chosen":"DEFECT","items_purchased":["Membership Card","Medical Kit","Fission","OrangePellets","Regal Pillow","ClockworkSouvenir"],"campfire_rested":2,"item_purchase_floors":[5,22,22,30,30,39],"current_hp_per_floor":[64,64,64,64,64,64,53,38,38,55,43,43,25,22,45,25,65,65,65,75,75,75,75,71,60,60,60,53,53,53,48,88,88,88,62,62,62,62,62,30],"gold":24,"neow_bonus":"THREE_ENEMY_KILL","is_prod":false,"is_daily":false,"chose_seed":false,"campfire_upgraded":4,"win_rate":0,"timestamp":1545006731,"path_taken":["M","?","?","M","$","R","M","E","T","?","?","M","E","M","R","BOSS","M","M","?","?","$","R","?","E","T","R","M","R","$","M","R","BOSS","M","M","?","?","$","E"],"build_version":"2018-12-13","purchased_purges":4,"victory":false,"max_hp_per_floor":[71,71,71,71,71,71,71,71,71,71,78,78,78,78,78,78,78,78,78,88,88,88,88,88,88,88,88,88,88,88,88,88,88,88,88,88,88,88,88,88],"card_choices":[{"not_picked":["Turbo","BootSequence"],"picked":"Ball Lightning","floor":1.0},{"not_picked":["Turbo","Capacitor"],"picked":"Ball Lightning","floor":3.0},{"not_picked":["Rebound","Coolheaded"],"picked":"Cold Snap","floor":4.0},{"not_picked":["Heatsinks","Leap"],"picked":"Auto Shields","floor":7.0},{"not_picked":["Lockon","Self Repair"],"picked":"Compile Driver","floor":8.0},{"not_picked":["Streamline","Self Repair"],"picked":"Glacier","floor":11.0},{"not_picked":["Go for the Eyes","Sweeping Beam"],"picked":"Consume","floor":12.0},{"not_picked":["Turbo","Stack","Leap"],"picked":"SKIP","floor":13.0},{"not_picked":["Hello World","Melter"],"picked":"Genetic Algorithm","floor":14.0},{"not_picked":["All For One","Thunder Strike"],"picked":"Biased Cognition","floor":16.0},{"not_picked":["Stack","Conserve Battery"],"picked":"Go for the Eyes","floor":18.0},{"not_picked":["Rebound","Sweeping Beam"],"picked":"Static Discharge+1","floor":19.0},{"not_picked":["Lockon","Thunder Strike"],"picked":"FTL+1","floor":24.0},{"not_picked":["All For One","Steam"],"picked":"Hologram+1","floor":25.0},{"not_picked":["Skim","FTL"],"picked":"Darkness","floor":28.0},{"not_picked":["Beam Cell","Barrage"],"picked":"Ball Lightning","floor":31.0},{"not_picked":["Machine Learning+1","Multi-Cast"],"picked":"Amplify","floor":33.0},{"not_picked":["Sunder+1","Streamline+1","Auto Shields"],"picked":"SKIP","floor":35.0},{"not_picked":["Force Field","Doom and Gloom","Aggregate"],"picked":"SKIP","floor":36.0}],"player_experience":1262952,"relics_obtained":[{"floor":8.0,"key":"DataDisk"},{"floor":9.0,"key":"MawBank"},{"floor":11.0,"key":"Strawberry"},{"floor":13.0,"key":"Vajra"},{"floor":25.0,"key":"Frozen Egg 2"}],"event_choices":[{"damage_healed":0.0,"max_hp_gain":0.0,"max_hp_loss":0.0,"gold_gain":275.0,"event_name":"Golden Shrine","player_choice":"Desecrate","floor":2.0,"gold_loss":0.0,"damage_taken":0.0,"cards_obtained":["Regret"]},{"damage_healed":17.0,"max_hp_gain":0.0,"max_hp_loss":0.0,"gold_gain":0.0,"event_name":"The Cleric","player_choice":"Healed","floor":10.0,"gold_loss":35.0,"damage_taken":0.0},{"damage_healed":0.0,"max_hp_gain":0.0,"max_hp_loss":0.0,"gold_gain":0.0,"event_name":"Dead Adventurer","player_choice":"Searched \u00271\u0027 times","floor":11.0,"gold_loss":0.0,"damage_taken":0.0},{"damage_healed":0.0,"max_hp_gain":0.0,"max_hp_loss":0.0,"gold_gain":0.0,"event_name":"Addict","player_choice":"Obtained Relic","floor":20.0,"gold_loss":85.0,"damage_taken":0.0,"relics_obtained":["Pear"]},{"cards_removed":["Strike_B"],"damage_healed":0.0,"max_hp_gain":0.0,"max_hp_loss":0.0,"gold_gain":0.0,"event_name":"Purifier","player_choice":"Purged","floor":21.0,"gold_loss":0.0,"damage_taken":0.0},{"cards_removed":["Dualcast"],"damage_healed":0.0,"max_hp_gain":0.0,"max_hp_loss":0.0,"gold_gain":0.0,"event_name":"Falling","player_choice":"Removed Skill","floor":37.0,"gold_loss":0.0,"damage_taken":0.0},{"damage_healed":0,"gold_gain":0,"player_choice":"Ignored","damage_taken":0,"max_hp_gain":0,"max_hp_loss":0,"event_name":"Mysterious Sphere","floor":38,"gold_loss":0}],"is_beta":true,"boss_relics":[{"not_picked":["Runic Pyramid","Lizard Tail"],"picked":"Sozu"},{"not_picked":["Philosopher\u0027s Stone","Tiny House"],"picked":"Black Star"}],"items_purged_floors":[5,22,30,39],"is_endless":false,"potions_floor_spawned":[1,3,7,12,16,19,24,33],"killed_by":"Reptomancer","ascension_level":20}