{"gold_per_floor":[118,135,145,145,163,163,196,207,207,207,242,214,224,249,249,322,322,340,357,272,322,332,359,359,387,387,387,387,27,60,79,79,153,153,166,166,181,1180,229,255,274,2,2,52,82,82,82,94,94,94,94,94,94,13,41,41],"floor_reached":56,"playtime":2896,"items_purged":["Strike_R","Normality","Normality"],"score":2146,"play_id":"af1b8f19-c7f7-4291-a0a5-dfa531e7596d","local_time":"20190215214908","is_ascension_mode":true,"campfire_choices":[{"data":"Bludgeon","floor":6.0,"key":"SMITH"},{"data":"Bash","floor":10.0,"key":"SMITH"},{"data":"Immolate","floor":15.0,"key":"SMITH"},{"data":"Corruption","floor":24.0,"key":"SMITH"},{"data":"Shockwave","floor":27.0,"key":"SMITH"},{"data":"Inflame","floor":32.0,"key":"SMITH"},{"floor":46.0,"key":"RECALL"},{"floor":47.0,"key":"REST"},{"floor":49.0,"key":"REST"},{"floor":53.0,"key":"REST"}],"neow_cost":"PERCENT_DAMAGE","seed_source_timestamp":8517689238292,"circlet_count":0,"master_deck":["AscendersBane","Strike_R","Strike_R","Strike_R","Defend_R","Defend_R","Defend_R","Defend_R","Shrug It Off","Bludgeon+1","Iron Wave","Flame Barrier","Immolate+1","Havoc","Feel No Pain","Headbutt","Offering","Intimidate","Intimidate","Power Through","Armaments","Anger","Shockwave+1","Inflame+1","Corruption+1","Battle Trance","Dropkick+1","Inflame+1","Offering","Rage","Sword Boomerang+1","Shrug It Off","Rage","Disarm","Ghostly Armor","Reaper+1","Sentinel+1","Pummel+1","Havoc+1","Uppercut+1","Shockwave+1","True Grit+1","Feel No Pain"],"special_seed":0,"relics":["Burning Blood","FossilizedHelix","Blue Candle","Centennial Puzzle","Boot","Odd Mushroom","Orrery","The Courier","Ornamental Fan","Bottled Flame","Molten Egg 2","Membership Card","Self Forming Clay","Letter Opener","Fusion Hammer","PreservedInsect","Du-Vu Doll","Toolbox","WingedGreaves","Gremlin Horn","Tiny Chest","Pantograph","Regal Pillow","Charon\u0027s Ashes","Potion Belt","Toxic Egg 2","Prayer Wheel","Bag of Preparation"],"potions_floor_usage":[56,56],"damage_taken":[{"damage":0.0,"enemies":"Jaw Worm","floor":1.0,"turns":2.0},{"damage":3.0,"enemies":"Cultist","floor":2.0,"turns":4.0},{"damage":6.0,"enemies":"2 Louse","floor":3.0,"turns":4.0},{"damage":1.0,"enemies":"Exordium Wildlife","floor":5.0,"turns":3.0},{"damage":0.0,"enemies":"Gremlin Nob","floor":7.0,"turns":3.0},{"damage":0.0,"enemies":"3 Louse","floor":8.0,"turns":4.0},{"damage":40.0,"enemies":"3 Sentries","floor":11.0,"turns":8.0},{"damage":0.0,"enemies":"Blue Slaver","floor":13.0,"turns":2.0},{"damage":0.0,"enemies":"The Mushroom Lair","floor":14.0,"turns":3.0},{"damage":17.0,"enemies":"The Guardian","floor":16.0,"turns":11.0},{"damage":0.0,"enemies":"3 Byrds","floor":18.0,"turns":5.0},{"damage":6.0,"enemies":"Spheric Guardian","floor":19.0,"turns":3.0},{"damage":9.0,"enemies":"Snake Plant","floor":22.0,"turns":3.0},{"damage":6.0,"enemies":"Slavers","floor":23.0,"turns":2.0},{"damage":15.0,"enemies":"Book of Stabbing","floor":25.0,"turns":4.0},{"damage":3.0,"enemies":"Gremlin Leader","floor":30.0,"turns":3.0},{"damage":6.0,"enemies":"Centurion and Healer","floor":31.0,"turns":4.0},{"damage":40.0,"enemies":"Collector","floor":33.0,"turns":11.0},{"damage":0.0,"enemies":"3 Shapes","floor":35.0,"turns":1.0},{"damage":6.0,"enemies":"3 Darklings","floor":37.0,"turns":2.0},{"damage":6.0,"enemies":"Giant Head","floor":40.0,"turns":5.0},{"damage":9.0,"enemies":"Transient","floor":41.0,"turns":6.0},{"damage":1.0,"enemies":"Nemesis","floor":45.0,"turns":5.0},{"damage":0.0,"enemies":"Sphere and 2 Shapes","floor":48.0,"turns":1.0},{"damage":53.0,"enemies":"Awakened One","floor":50.0,"turns":9.0},{"damage":77.0,"enemies":"Time Eater","floor":51.0,"turns":11.0},{"damage":62.0,"enemies":"Shield and Spear","floor":55.0,"turns":6.0},{"damage":49,"enemies":"The Heart","floor":56,"turns":8}],"seed_played":"-1200132446468310144","potions_obtained":[{"floor":5.0,"key":"PowerPotion"},{"floor":7.0,"key":"BloodPotion"},{"floor":11.0,"key":"SneckoOil"},{"floor":13.0,"key":"PowerPotion"},{"floor":14.0,"key":"Swift Potion"},{"floor":18.0,"key":"Block Potion"},{"floor":23.0,"key":"SkillPotion"},{"floor":25.0,"key":"Swift Potion"},{"floor":31.0,"key":"SpeedPotion"},{"floor":35.0,"key":"Ancient Potion"},{"floor":45.0,"key":"Swift Potion"}],"is_trial":false,"path_per_floor":["M","M","M","?","M","R","E","M","T","R","E","$","M","?","R","B",null,"M","M","?","?","M","E","R","E","T","R","?","$","E","M","R","B",null,"M","?","M","?","$","E","M","$","T","?","E","R","R","M","R","B","B",null,"R","$","E","B"],"character_chosen":"IRONCLAD","items_purchased":["Havoc","Membership Card","Energy Potion","Dropkick+1","Self Forming Clay","PreservedInsect","Shrug It Off","Rage","Disarm","Ghostly Armor","Du-Vu Doll","Toolbox","WingedGreaves","Gremlin Horn","Tiny Chest","Pantograph","Regal Pillow","Charon\u0027s Ashes","Reaper+1","Toxic Egg 2","Ancient Potion","Sentinel+1","Shockwave+1","True Grit+1","Feel No Pain"],"campfire_rested":3,"item_purchase_floors":[12,29,29,29,29,39,39,39,39,39,39,39,39,39,39,39,39,39,42,42,42,42,54,54,54],"current_hp_per_floor":[56,59,59,59,64,64,70,75,75,75,48,48,54,60,60,49,69,75,75,75,75,72,72,72,63,63,63,42,42,45,45,45,11,63,69,69,69,69,69,69,66,66,66,66,76,76,80,80,80,45,17,64,80,80,24,0],"gold":41,"neow_bonus":"ONE_RARE_RELIC","is_prod":false,"is_daily":false,"chose_seed":false,"campfire_upgraded":6,"win_rate":0,"timestamp":1550285348,"path_taken":["M","M","M","?","M","R","E","?","T","R","E","$","M","?","R","BOSS","M","M","?","?","M","E","R","E","T","R","?","?","E","?","R","BOSS","M","?","M","?","$","E","M","$","T","?","E","R","R","M","R","BOSS","BOSS","R","$","E","BOSS"],"build_version":"2019-01-23","purchased_purges":3,"victory":false,"max_hp_per_floor":[75,75,75,75,75,75,75,75,75,75,75,75,75,75,75,75,75,75,75,75,75,75,75,75,75,75,75,80,80,80,80,80,80,80,80,80,80,80,80,80,80,80,80,80,80,80,80,80,80,80,80,80,80,80,80,80],"card_choices":[{"not_picked":["Flex","Evolve"],"picked":"Shrug It Off","floor":1.0},{"not_picked":["Warcry","Seeing Red","Blood for Blood"],"picked":"SKIP","floor":2.0},{"not_picked":["Thunderclap","Wild Strike"],"picked":"Bludgeon","floor":3.0},{"not_picked":["Hemokinesis","Thunderclap"],"picked":"Iron Wave","floor":5.0},{"not_picked":["Sword Boomerang","Warcry","Wild Strike"],"picked":"SKIP","floor":7.0},{"not_picked":["Perfected Strike","Armaments"],"picked":"Flame Barrier","floor":8.0},{"not_picked":["Clothesline","Wild Strike"],"picked":"Immolate","floor":11.0},{"not_picked":["True Grit","Warcry"],"picked":"Feel No Pain","floor":13.0},{"not_picked":["Pommel Strike","Clothesline"],"picked":"Headbutt","floor":14.0},{"not_picked":["Limit Break","Berserk"],"picked":"Offering","floor":16.0},{"not_picked":["Headbutt","Fire Breathing"],"picked":"Intimidate","floor":17.0},{"not_picked":["Pommel Strike","Whirlwind"],"picked":"Intimidate","floor":17.0},{"not_picked":["Warcry","Iron Wave"],"picked":"Power Through","floor":17.0},{"not_picked":["Pommel Strike","Sword Boomerang"],"picked":"Armaments","floor":17.0},{"not_picked":["Dual Wield","Twin Strike"],"picked":"Anger","floor":17.0},{"not_picked":["Fire Breathing+1","Body Slam"],"picked":"Shockwave","floor":18.0},{"not_picked":["Wild Strike","Entrench","Perfected Strike"],"picked":"SKIP","floor":19.0},{"not_picked":["Pommel Strike","Warcry"],"picked":"Inflame+1","floor":22.0},{"not_picked":["Clothesline","Second Wind"],"picked":"Corruption","floor":23.0},{"not_picked":["True Grit","Juggernaut"],"picked":"Battle Trance","floor":25.0},{"not_picked":["Anger+1","Twin Strike+1","Warcry"],"picked":"SKIP","floor":30.0},{"not_picked":["Infernal Blade","Cleave+1"],"picked":"Inflame","floor":31.0},{"not_picked":["Dark Embrace","Feed+1"],"picked":"Offering","floor":33.0},{"not_picked":["Body Slam+1","Sever Soul+1"],"picked":"Rage","floor":35.0},{"not_picked":["Thunderclap+1","Whirlwind+1"],"picked":"Sword Boomerang+1","floor":37.0},{"not_picked":["Iron Wave+1","Wild Strike+1","Flex+1"],"picked":"SKIP","floor":40.0},{"not_picked":["Rage","Flex+1","Clothesline+1"],"picked":"SKIP","floor":41.0},{"not_picked":["Fire Breathing","Cleave+1"],"picked":"Pummel+1","floor":45.0},{"not_picked":["Pommel Strike+1","Entrench+1"],"picked":"Havoc+1","floor":48.0},{"not_picked":["Inflame","Thunderclap+1"],"picked":"Uppercut+1","floor":48.0},{"not_picked":["Metallicize","Anger+1","Flex+1"],"picked":"SKIP","floor":55.0}],"player_experience":1220706,"relics_obtained":[{"floor":7.0,"key":"Blue Candle"},{"floor":9.0,"key":"Centennial Puzzle"},{"floor":11.0,"key":"Boot"},{"floor":14.0,"key":"Odd Mushroom"},{"floor":23.0,"key":"Ornamental Fan"},{"floor":25.0,"key":"Bottled Flame"},{"floor":26.0,"key":"Molten Egg 2"},{"floor":30.0,"key":"Letter Opener"},{"floor":40.0,"key":"Potion Belt"},{"floor":45.0,"key":"Prayer Wheel"},{"floor":55.0,"key":"Bag of Preparation"}],"event_choices":[{"cards_removed":["Strike_R"],"damage_healed":0.0,"max_hp_gain":0.0,"max_hp_loss":0.0,"gold_gain":0.0,"event_name":"Purifier","player_choice":"Purged","floor":4.0,"gold_loss":0.0,"damage_taken":0.0},{"damage_healed":0.0,"max_hp_gain":0.0,"max_hp_loss":0.0,"gold_gain":0.0,"event_name":"Mushrooms","player_choice":"Fought Mushrooms","floor":14.0,"gold_loss":0.0,"damage_taken":0.0},{"damage_healed":0.0,"max_hp_gain":0.0,"max_hp_loss":0.0,"gold_gain":0.0,"event_name":"Addict","player_choice":"Obtained Relic","floor":20.0,"gold_loss":85.0,"damage_taken":0.0,"relics_obtained":["The Courier"]},{"damage_healed":0.0,"max_hp_gain":0.0,"max_hp_loss":0.0,"gold_gain":50.0,"event_name":"Nest","player_choice":"Stole From Cult","floor":21.0,"gold_loss":0.0,"damage_taken":0.0},{"damage_healed":0.0,"max_hp_gain":5.0,"max_hp_loss":0.0,"gold_gain":0.0,"event_name":"Forgotten Altar","player_choice":"Shed Blood","floor":28.0,"gold_loss":0.0,"damage_taken":26.0},{"cards_removed":["Bash"],"damage_healed":0.0,"max_hp_gain":0.0,"max_hp_loss":0.0,"gold_gain":0.0,"event_name":"Falling","player_choice":"Removed Attack","floor":36.0,"gold_loss":0.0,"damage_taken":0.0},{"damage_healed":0.0,"max_hp_gain":0.0,"max_hp_loss":0.0,"gold_gain":999.0,"event_name":"MindBloom","player_choice":"Gold","floor":38.0,"gold_loss":0.0,"damage_taken":0.0,"cards_obtained":["Normality","Normality"]},{"damage_healed":0.0,"max_hp_gain":0.0,"max_hp_loss":0.0,"gold_gain":50.0,"event_name":"Golden Shrine","player_choice":"Pray","floor":44.0,"gold_loss":0.0,"damage_taken":0.0}],"is_beta":false,"boss_relics":[{"not_picked":["White Beast Statue","Black Blood"],"picked":"Orrery"},{"not_picked":["Mark of Pain","Runic Pyramid"],"picked":"Fusion Hammer"}],"items_purged_floors":[29,39,42],"is_endless":false,"potions_floor_spawned":[5,7,11,13,14,18,23,25,31,35,37,45],"killed_by":"The Heart","ascension_level":20}