{"gold_per_floor":[15,95,106,124,124,134,168,168,195,264,276,288,300,337,349,463,475,501,513,536,567,829,841],"floor_reached":23,"playtime":732,"items_purged":[],"score":294,"play_id":"4960b25e-4538-4957-bcdc-3520b24efc6a","local_time":"20180726192444","is_ascension_mode":true,"campfire_choices":[{"floor":8,"key":"REST"},{"floor":11,"key":"REST"},{"floor":13,"key":"REST"},{"floor":15,"key":"REST"}],"neow_cost":"NO_GOLD","seed_source_timestamp":871676707568715,"circlet_count":0,"master_deck":["Strike_R","Strike_R","Strike_R","Strike_R","Strike_R","Defend_R","Defend_R","Defend_R","Defend_R","Bash","Feed","Sword Boomerang","Perfected Strike","Combust","Armaments","Rage","Flame Barrier","Decay","Offering","Bludgeon","Heavy Blade","Writhe","Sword Boomerang"],"relics":["Burning Blood","Red Skull","Blood Vial","MawBank","Bronze Scales","Potion Belt","Busted Crown","Omamori"],"potions_floor_usage":[7,10,18,18,23,23],"damage_taken":[{"damage":7,"enemies":"2 Louse","floor":1,"turns":2},{"damage":7,"enemies":"Jaw Worm","floor":3,"turns":3},{"damage":1,"enemies":"Cultist","floor":4,"turns":4},{"damage":22,"enemies":"3 Louse","floor":6,"turns":3},{"damage":30,"enemies":"Gremlin Nob","floor":7,"turns":4},{"damage":52,"enemies":"Gremlin Nob","floor":10,"turns":5},{"damage":30,"enemies":"3 Sentries","floor":14,"turns":5},{"damage":52,"enemies":"Slime Boss","floor":16,"turns":12},{"damage":43,"enemies":"3 Byrds","floor":18,"turns":4},{"damage":31,"enemies":"Spheric Guardian","floor":20,"turns":4},{"damage":11,"enemies":"Cultist and Chosen","floor":21,"turns":4},{"damage":41,"enemies":"Slavers","floor":23,"turns":3}],"seed_played":"-355001113081613104","potions_obtained":[{"floor":6,"key":"SkillPotion"},{"floor":7,"key":"SkillPotion"},{"floor":14,"key":"BloodPotion"},{"floor":16,"key":"BloodPotion"},{"floor":20,"key":"Dexterity Potion"},{"floor":21,"key":"Swift Potion"}],"is_trial":false,"path_per_floor":["M","?","M","M","?","M","E","R","T","?","R","?","R","E","R","B",null,"M","?","M","M","?"],"character_chosen":"IRONCLAD","items_purchased":[],"campfire_rested":4,"item_purchase_floors":[],"current_hp_per_floor":[74,74,73,78,60,47,26,52,52,11,38,38,65,46,74,30,79,62,62,39,36,36,0],"gold":841,"neow_bonus":"THREE_RARE_CARDS","is_prod":false,"is_daily":false,"chose_seed":false,"campfire_upgraded":0,"win_rate":0,"timestamp":1532625884,"path_taken":["M","?","M","M","?","M","E","R","T","?","R","?","R","E","R","BOSS","M","?","M","?","?","E"],"build_version":"2018-07-19v2","purchased_purges":0,"victory":false,"max_hp_per_floor":[83,83,83,83,83,86,89,89,89,92,92,92,92,95,95,95,95,95,95,95,95,95,95],"card_choices":[{"not_picked":["Impervious","Exhume"],"picked":"Feed","floor":0},{"not_picked":["Heavy Blade","Entrench"],"picked":"Sword Boomerang","floor":1},{"not_picked":["Rupture","Havoc"],"picked":"Perfected Strike","floor":3},{"not_picked":["True Grit","Heavy Blade"],"picked":"Combust","floor":4},{"not_picked":["Carnage","Uppercut"],"picked":"Armaments","floor":6},{"not_picked":["Combust","Fire Breathing"],"picked":"Rage","floor":7},{"not_picked":["Sword Boomerang","Thunderclap"],"picked":"Flame Barrier","floor":10},{"not_picked":["Metallicize","True Grit"],"picked":"Offering","floor":14},{"not_picked":["Berserk","Reaper"],"picked":"Bludgeon","floor":16},{"not_picked":[],"picked":"Heavy Blade","floor":18},{"not_picked":["Dropkick"],"picked":"SKIP","floor":20},{"not_picked":[],"picked":"Sword Boomerang","floor":21}],"player_experience":841627,"relics_obtained":[{"floor":7,"key":"Blood Vial"},{"floor":9,"key":"MawBank"},{"floor":10,"key":"Bronze Scales"},{"floor":14,"key":"Potion Belt"}],"event_choices":[{"event_name":"Golden Wing","player_choice":"Gained Gold","floor":2,"damage_taken":0},{"event_name":"Scrap Ooze","player_choice":"success","floor":5,"damage_taken":18},{"event_name":"Dead Adventurer","player_choice":"Searched \u00273\u0027 times","floor":10,"damage_taken":0},{"event_name":"Wheel of Change","player_choice":"Curse","floor":12,"damage_taken":0},{"event_name":"The Mausoleum","player_choice":"Yes","floor":19,"damage_taken":0},{"event_name":"Golden Shrine","player_choice":"Desecrate","floor":22,"damage_taken":0}],"is_beta":false,"boss_relics":[{"not_picked":["Runic Pyramid","Tiny House"],"picked":"Busted Crown"}],"items_purged_floors":[],"is_endless":false,"potions_floor_spawned":[6,7,14,16,20,21],"killed_by":"Slavers","ascension_level":7}