{"gold_per_floor":[112,62,73,73,73,73,84,109,156,175,175,194,213,229,229,330,330,349,21,33,33,51,51,85,85,85,10,21,21,21,49,49,148,148,163,183,183,200,214,233,283,312,335,335,354,382,382,0,0,0],"floor_reached":51,"playtime":6335,"items_purged":["Strike_R"],"score":774,"play_id":"1ffbf78b-d873-499a-888a-66d9edb564b5","local_time":"20180717025038","is_ascension_mode":false,"campfire_choices":[{"data":"Inflame","floor":6.0,"key":"SMITH"},{"data":"Spot Weakness","floor":11.0,"key":"SMITH"},{"data":"Sword Boomerang","floor":15.0,"key":"SMITH"},{"data":"Seeing Red","floor":23.0,"key":"SMITH"},{"floor":25.0,"key":"REST"},{"floor":30.0,"key":"REST"},{"data":"Offering","floor":32.0,"key":"SMITH"},{"data":"True Grit","floor":44,"key":"SMITH"},{"data":"Limit Break","floor":47,"key":"SMITH"},{"data":"Double Tap","floor":49,"key":"SMITH"}],"neow_cost":"","seed_source_timestamp":0,"circlet_count":0,"master_deck":["Strike_R+1","Strike_R+1","Strike_R","Strike_R","Defend_R","Defend_R","Defend_R","Defend_R","Inflame+1","Spot Weakness+1","Flex","Heavy Blade","Sword Boomerang+1","Flex","Anger","Cleave+1","Flex","Seeing Red+1","Sword Boomerang","Anger","Offering+1","Battle Trance","Impervious","Fire Breathing","True Grit+1","Flash of Steel","Panacea","Dark Shackles","Sword Boomerang","Double Tap+1","Pummel+1","Limit Break+1","Battle Trance+1"],"special_seed":0,"relics":["Burning Blood","Bottled Flame","Bird Faced Urn","Regal Pillow","Black Star","Centennial Puzzle","Meat on the Bone","Pantograph","Pear","Whetstone","Boot","Sozu","Mango","Vajra","Orichalcum","Lantern","Letter Opener","Self Forming Clay","Red Mask"],"potions_floor_usage":[],"damage_taken":[{"damage":0.0,"enemies":"Small Slimes","floor":1.0,"turns":3.0},{"damage":5.0,"enemies":"2 Louse","floor":3.0,"turns":3.0},{"damage":1.0,"enemies":"Jaw Worm","floor":7.0,"turns":3.0},{"damage":31.0,"enemies":"3 Sentries","floor":8.0,"turns":9.0},{"damage":12.0,"enemies":"3 Louse","floor":10.0,"turns":3.0},{"damage":9.0,"enemies":"Blue Slaver","floor":12.0,"turns":4.0},{"damage":18.0,"enemies":"Exordium Thugs","floor":13.0,"turns":4.0},{"damage":0.0,"enemies":"Large Slime","floor":14.0,"turns":3.0},{"damage":64.0,"enemies":"The Guardian","floor":16.0,"turns":7.0},{"damage":16.0,"enemies":"Chosen","floor":18.0,"turns":6.0},{"damage":25.0,"enemies":"2 Thieves","floor":20.0,"turns":3.0},{"damage":21.0,"enemies":"Snake Plant","floor":22.0,"turns":3.0},{"damage":36.0,"enemies":"Book of Stabbing","floor":24.0,"turns":4.0},{"damage":7.0,"enemies":"Centurion and Healer","floor":28.0,"turns":2.0},{"damage":35.0,"enemies":"Gremlin Leader","floor":31.0,"turns":6.0},{"damage":61.0,"enemies":"Collector","floor":33.0,"turns":6.0},{"damage":15.0,"enemies":"Orb Walker","floor":35.0,"turns":3.0},{"damage":4,"enemies":"Flame Bruiser 1 Orb","floor":36,"turns":2},{"damage":14,"enemies":"Transient","floor":38,"turns":5},{"damage":30,"enemies":"3 Darklings","floor":39,"turns":5},{"damage":12,"enemies":"Spire Growth","floor":40,"turns":3},{"damage":15,"floor":41,"turns":3},{"damage":24,"enemies":"2 Orb Walkers","floor":42,"turns":3},{"damage":10,"enemies":"4 Shapes","floor":45,"turns":2},{"damage":7,"enemies":"Giant Head","floor":46,"turns":4},{"damage":31,"enemies":"Time Eater","floor":50,"turns":5}],"seed_played":"-4427383736758874069","potions_obtained":[{"floor":1.0,"key":"SpeedPotion"},{"floor":7.0,"key":"FairyPotion"},{"floor":13.0,"key":"Energy Potion"},{"floor":18.0,"key":"SneckoOil"},{"floor":20.0,"key":"Swift Potion"},{"floor":31.0,"key":"LiquidBronze"}],"is_trial":false,"path_per_floor":["M","?","M","?","T","R","M","E","T","M","R","M","M","M","R","B",null,"M","$","M","?","M","R","E","R","T","$","M","?","R","E","R","B",null,"M","M","?","M","M","M","?","E","T","R","M","E","R","?","R","B"],"character_chosen":"IRONCLAD","items_purchased":["Centennial Puzzle","Flex","Seeing Red","Battle Trance"],"campfire_rested":2,"item_purchase_floors":[19,19,19,27],"current_hp_per_floor":[80,80,80,85,85,85,85,60,60,56,56,55,45,53,53,9,85,75,75,58,58,45,45,17,57,67,67,66,47,92,65,65,49,100,91,95,85,81,61,59,78,74,74,74,70,73,73,73,73,77],"gold":0,"neow_bonus":"","is_prod":false,"is_daily":false,"chose_seed":false,"campfire_upgraded":8,"win_rate":0,"timestamp":1531763438,"path_taken":["M","?","M","?","?","R","M","E","T","M","R","M","M","M","R","BOSS","M","$","M","?","M","R","E","R","T","$","?","?","R","E","R","BOSS","M","M","?","M","M","?","?","E","T","R","M","E","R","?","R","BOSS"],"build_version":"2018-07-12","purchased_purges":1,"victory":true,"max_hp_per_floor":[80,80,80,85,85,85,85,85,85,85,85,85,85,85,85,85,85,85,85,85,85,85,85,85,85,95,95,95,100,100,100,100,100,100,100,100,100,100,100,100,114,114,114,114,114,114,114,114,114,114],"card_choices":[{"not_picked":["Shrug It Off","Armaments"],"picked":"Inflame","floor":1.0},{"not_picked":["Body Slam","Pommel Strike"],"picked":"Spot Weakness","floor":3.0},{"not_picked":["Warcry","Dark Embrace","Perfected Strike"],"picked":"SKIP","floor":7.0},{"not_picked":["Iron Wave","Burning Pact"],"picked":"Flex","floor":8.0},{"not_picked":["Entrench","Clothesline"],"picked":"Heavy Blade","floor":10.0},{"not_picked":["Headbutt","Uppercut"],"picked":"Sword Boomerang","floor":12.0},{"not_picked":["Pommel Strike","Iron Wave"],"picked":"Flex","floor":13.0},{"not_picked":["Twin Strike","Wild Strike"],"picked":"Anger","floor":14.0},{"not_picked":["Iron Wave","Headbutt"],"picked":"Cleave+1","floor":18.0},{"not_picked":["Clash","Twin Strike"],"picked":"Sword Boomerang","floor":20.0},{"not_picked":["Flex","Rupture"],"picked":"Anger","floor":22.0},{"not_picked":["Intimidate","Pommel Strike+1"],"picked":"Offering","floor":24.0},{"not_picked":["Thunderclap+1","Clash","Pommel Strike"],"picked":"SKIP","floor":28.0},{"not_picked":["Dual Wield","Rupture","Warcry"],"picked":"SKIP","floor":31.0},{"not_picked":["Demon Form","Feed"],"picked":"Impervious","floor":33.0},{"not_picked":["Thunderclap","Rupture"],"picked":"Fire Breathing","floor":35},{"not_picked":["Pommel Strike+1","Clothesline"],"picked":"True Grit","floor":36},{"not_picked":["Enlightenment","Dramatic Entrance"],"picked":"Flash of Steel","floor":37},{"not_picked":["Dark Shackles","Mind Blast"],"picked":"Panacea","floor":37},{"not_picked":["Deep Breath","Purity"],"picked":"Dark Shackles","floor":37},{"not_picked":["Clothesline+1","Thunderclap"],"picked":"Sword Boomerang","floor":38},{"not_picked":["Wild Strike","Flex","Entrench+1"],"picked":"SKIP","floor":39},{"not_picked":["Armaments+1","Rage"],"picked":"Double Tap","floor":40},{"not_picked":["Shrug It Off+1","Rampage"],"picked":"Pummel+1","floor":41},{"not_picked":["Body Slam","Intimidate+1"],"picked":"Limit Break","floor":42},{"not_picked":["Warcry+1","Sever Soul"],"picked":"Battle Trance+1","floor":45},{"not_picked":["Headbutt","Clothesline+1","Feed"],"picked":"SKIP","floor":46}],"player_experience":95300,"relics_obtained":[{"floor":5.0,"key":"Bottled Flame"},{"floor":8.0,"key":"Bird Faced Urn"},{"floor":9.0,"key":"Regal Pillow"},{"floor":24.0,"key":"Meat on the Bone"},{"floor":24.0,"key":"Pantograph"},{"floor":26.0,"key":"Pear"},{"floor":31.0,"key":"Whetstone"},{"floor":31.0,"key":"Boot"},{"floor":41,"key":"Mango"},{"floor":42,"key":"Vajra"},{"floor":42,"key":"Orichalcum"},{"floor":43,"key":"Lantern"},{"floor":46,"key":"Letter Opener"},{"floor":46,"key":"Self Forming Clay"}],"event_choices":[{"event_name":"The Cleric","player_choice":"Card Removal","floor":2.0,"damage_taken":0.0},{"event_name":"Big Fish","player_choice":"Donut","floor":4.0,"damage_taken":0.0},{"event_name":"Transmorgrifier","player_choice":"Skipped","floor":21.0,"damage_taken":0.0},{"event_name":"Forgotten Altar","player_choice":"Shed Blood","floor":29.0,"damage_taken":0.0},{"event_name":"SensoryStone","player_choice":"Memory 3","floor":37,"damage_taken":0},{"event_name":"Mysterious Sphere","player_choice":"Fight","floor":41,"damage_taken":0},{"event_name":"Tomb of Lord Red Mask","player_choice":"Paid","floor":48,"damage_taken":0}],"boss_relics":[{"not_picked":["White Beast Statue","Black Blood"],"picked":"Black Star"},{"not_picked":["Philosopher\u0027s Stone","Runic Dome"],"picked":"Sozu"}],"items_purged_floors":[19],"is_endless":false,"potions_floor_spawned":[1,7,13,18,20,31,39,40,45,46],"ascension_level":0}