{"path_per_floor":["M","?","M","M","M","R","E","M","T","R","M","?","$","?","R","B",null,"M","?","?","T","?","E","R","M","T"],"character_chosen":"DEFECT","items_purchased":["Art of War","Multi-Cast"],"gold_per_floor":[118,118,139,164,178,178,217,231,278,278,299,299,69,69,69,195,195,183,108,108,108,88,124,124,139,139,139],"floor_reached":27,"campfire_rested":2,"playtime":2703,"item_purchase_floors":[13,13],"current_hp_per_floor":[68,51,50,45,45,45,39,24,31,31,29,22,22,22,44,20,61,52,52,52,52,52,22,44,44,44,44],"items_purged":[],"gold":139,"score":289,"play_id":"92271570-f664-4f95-bf63-3b45364d397d","local_time":"20180621171138","is_prod":false,"is_daily":false,"chose_seed":false,"is_ascension_mode":true,"campfire_upgraded":2,"win_rate":0,"timestamp":1529593898,"campfire_choices":[{"data":"Zap","floor":6,"key":"SMITH"},{"data":"Defragment","floor":10,"key":"SMITH"},{"floor":15,"key":"REST"},{"floor":24,"key":"REST"}],"path_taken":["M","?","M","?","M","R","E","M","T","R","M","?","$","?","R","BOSS","M","?","?","?","?","E","R","M","T","E"],"build_version":"2018-06-14v2","seed_source_timestamp":686950265026934,"purchased_purges":0,"victory":false,"master_deck":["Strike_B","Defend_B","Defend_B","Defend_B","Defend_B","Zap+1","Dualcast","Cold Snap","Reinforced Body","Ball Lightning","Chill","Defragment+1","Leap","Genetic Algorithm","Coolheaded","Leap","Multi-Cast","Core Surge","Hologram+1","Fusion","Lockon+1","Rebound"],"max_hp_per_floor":[68,68,68,68,68,68,68,68,75,75,75,75,75,75,75,75,75,75,75,75,75,75,75,75,75,75,75],"relics":["Cracked Core","Golden Idol","Ornamental Fan","Strawberry","Kunai","Art of War","Sozu","Torii","DataDisk","Bottled Flame"],"card_choices":[{"not_picked":["Storm","Redo"],"picked":"Ball Lightning","floor":1},{"not_picked":["Coolheaded","Gash"],"picked":"Chill","floor":3},{"not_picked":["Core Surge","Go for the Eyes"],"picked":"Defragment","floor":4},{"not_picked":["Go for the Eyes","Sweeping Beam"],"picked":"Leap","floor":5},{"not_picked":["Scrape","Cold Snap"],"picked":"Genetic Algorithm","floor":7},{"not_picked":["Hologram","Compile Driver"],"picked":"Coolheaded","floor":8},{"not_picked":["Barrage","Turbo"],"picked":"Leap","floor":11},{"not_picked":["Multi-Cast","Biased Cognition"],"picked":"Core Surge","floor":16},{"not_picked":["Leap","Reinforced Body"],"picked":"Hologram+1","floor":18},{"not_picked":["Reprogram+1","Go for the Eyes+1"],"picked":"Lockon+1","floor":23},{"not_picked":["Self Repair","Compile Driver"],"picked":"Rebound","floor":25}],"player_experience":778360,"potions_floor_usage":[16,27],"damage_taken":[{"damage":0,"enemies":"Small Slimes","floor":1,"turns":3},{"damage":1,"enemies":"2 Louse","floor":3,"turns":2},{"damage":5,"enemies":"Jaw Worm","floor":4,"turns":3},{"damage":0,"enemies":"Lots of Slimes","floor":5,"turns":4},{"damage":6,"enemies":"Lagavulin","floor":7,"turns":9},{"damage":15,"enemies":"2 Fungi Beasts","floor":8,"turns":3},{"damage":2,"enemies":"Looter","floor":11,"turns":2},{"damage":24,"enemies":"Slime Boss","floor":16,"turns":11},{"damage":9,"enemies":"2 Thieves","floor":18,"turns":4},{"damage":30,"enemies":"Book of Stabbing","floor":23,"turns":9},{"damage":0,"enemies":"Spheric Guardian","floor":25,"turns":4},{"damage":0,"enemies":"Gremlin Leader","floor":27,"turns":6}],"relics_obtained":[{"floor":7,"key":"Ornamental Fan"},{"floor":9,"key":"Strawberry"},{"floor":21,"key":"Torii"},{"floor":23,"key":"DataDisk"},{"floor":26,"key":"Bottled Flame"}],"event_choices":[{"event_name":"Golden Idol","player_choice":"Take Damage","floor":2,"damage_taken":0},{"event_name":"Scrap Ooze","player_choice":"success","floor":12,"damage_taken":7},{"event_name":"The Lab","player_choice":"Got Potions","floor":14,"damage_taken":0},{"event_name":"Beggar","player_choice":"Gave Gold","floor":19,"damage_taken":0},{"event_name":"The Library","player_choice":"Read","floor":20,"damage_taken":0},{"event_name":"The Woman in Blue","player_choice":"Bought 1 Potion","floor":22,"damage_taken":0}],"boss_relics":[{"not_picked":["Snecko Eye","Coffee Dripper"],"picked":"Sozu"}],"items_purged_floors":[],"is_endless":false,"potions_floor_spawned":[3,8,11,23],"seed_played":"8677215367616704512","killed_by":"Gremlin Leader","ascension_level":5,"potions_obtained":[{"floor":3,"key":"Dexterity Potion"},{"floor":8,"key":"Regen Potion"},{"floor":11,"key":"FearPotion"},{"floor":14,"key":"SpeedPotion"}],"is_trial":false}