{"gold_per_floor":[112,127,302,58,58,58,90,90,90,90,115,125,150,150,150,247,247,260,277,277,30,30,62,62,94,94,119,119],"floor_reached":28,"playtime":665,"items_purged":["Doubt"],"score":584,"play_id":"d8ddadab-5baf-4b29-b9a1-fdb81a933321","local_time":"20190121184818","is_ascension_mode":true,"campfire_choices":[{"data":"Noxious Fumes","floor":6.0,"key":"SMITH"},{"data":"Die Die Die","floor":10.0,"key":"SMITH"},{"data":"Deadly Poison","floor":15.0,"key":"SMITH"},{"floor":24.0,"key":"REST"}],"neow_cost":"NONE","seed_source_timestamp":0,"circlet_count":0,"master_deck":["AscendersBane","Defend_G","Defend_G","Defend_G","Defend_G","Defend_G","Strike_G","Strike_G","Strike_G","Strike_G","Strike_G","Survivor","Neutralize+1","Quick Slash","Noxious Fumes+1","Slice+1","Die Die Die+1","Backstab","Deadly Poison+1","Poisoned Stab","Corpse Explosion","Deadly Poison","Well Laid Plans","Deadly Poison","Endless Agony","Burst","Backflip","All Out Attack+1","Backflip+1","All Out Attack+1"],"special_seed":0,"relics":["Ring of the Snake","NeowsBlessing","PreservedInsect","Happy Flower","Whetstone","Mercury Hourglass","Letter Opener","Bag of Marbles","Orrery","GremlinMask","Kunai","Potion Belt","Lantern","Vajra","Calipers"],"potions_floor_usage":[25,25],"damage_taken":[{"damage":0.0,"enemies":"Cultist","floor":1.0,"turns":1.0},{"damage":0.0,"enemies":"2 Louse","floor":2.0,"turns":1.0},{"damage":0.0,"enemies":"3 Sentries","floor":7.0,"turns":1.0},{"damage":20.0,"enemies":"Lagavulin","floor":11.0,"turns":6.0},{"damage":0.0,"enemies":"Small Slimes","floor":12.0,"turns":1.0},{"damage":0.0,"enemies":"3 Sentries","floor":13.0,"turns":3.0},{"damage":25.0,"enemies":"Hexaghost","floor":16.0,"turns":8.0},{"damage":1.0,"enemies":"Spheric Guardian","floor":18.0,"turns":3.0},{"damage":12.0,"enemies":"Chosen","floor":19.0,"turns":3.0},{"damage":33.0,"enemies":"Book of Stabbing","floor":23.0,"turns":5.0},{"damage":0,"enemies":"Slavers","floor":25,"turns":1},{"damage":28,"enemies":"Gremlin Leader","floor":27,"turns":3},{"damage":0,"enemies":"Snake Plant","floor":28,"turns":1}],"seed_played":"-7887290452270431612","potions_obtained":[{"floor":7.0,"key":"Dexterity Potion"},{"floor":11.0,"key":"SteroidPotion"},{"floor":23.0,"key":"Strength Potion"},{"floor":27,"key":"Energy Potion"}],"is_trial":false,"path_per_floor":["M","M","?","$","?","R","E","?","T","R","E","M","E","$","R","B",null,"M","M","?","$","$","E","R","E","T","E","M"],"character_chosen":"THE_SILENT","items_purchased":["PreservedInsect","Slice","Kunai"],"campfire_rested":1,"item_purchase_floors":[4,4,21],"current_hp_per_floor":[63,63,63,63,60,60,60,60,60,60,40,40,40,40,40,15,56,55,43,43,43,43,10,31,31,31,3,3],"gold":119,"neow_bonus":"THREE_ENEMY_KILL","is_prod":false,"is_daily":false,"chose_seed":false,"campfire_upgraded":3,"win_rate":0,"timestamp":1548092898,"path_taken":["M","M","?","$","?","R","E","?","T","R","E","M","E","$","R","BOSS","M","?","?","?","$","E","R","E","T","E","M"],"build_version":"2019-01-17v2","purchased_purges":1,"victory":false,"max_hp_per_floor":[70,70,70,70,70,70,70,70,70,70,70,70,70,70,70,70,70,70,70,70,70,70,70,70,70,70,70,70],"card_choices":[{"not_picked":["Bane","Blade Dance"],"picked":"Quick Slash","floor":1.0},{"not_picked":["Deflect","Blade Dance"],"picked":"Noxious Fumes","floor":2.0},{"not_picked":["Finisher","Calculated Gamble"],"picked":"Blur","floor":7.0},{"not_picked":["Expertise","Riddle With Holes"],"picked":"Backstab","floor":11.0},{"not_picked":["Finisher","Dagger Spray"],"picked":"Deadly Poison","floor":12.0},{"not_picked":["Reflex","Acrobatics"],"picked":"Poisoned Stab","floor":13.0},{"not_picked":["Bullet Time","Adrenaline"],"picked":"Corpse Explosion","floor":16.0},{"not_picked":["Riddle With Holes","Prepared"],"picked":"Deadly Poison","floor":17.0},{"not_picked":["Cloak And Dagger","Flying Knee"],"picked":"Well Laid Plans","floor":17.0},{"not_picked":["Setup","Backflip"],"picked":"Deadly Poison","floor":17.0},{"not_picked":["Sucker Punch","Quick Slash"],"picked":"Endless Agony","floor":17.0},{"not_picked":["Quick Slash","Heel Hook"],"picked":"Burst","floor":18.0},{"not_picked":["Distraction","Flying Knee"],"picked":"Backflip","floor":19.0},{"not_picked":["Poisoned Stab","Calculated Gamble"],"picked":"All Out Attack+1","floor":23.0},{"not_picked":["Blade Dance","Wraith Form v2"],"picked":"Backflip+1","floor":25},{"not_picked":["Skewer+1","Predator"],"picked":"All Out Attack+1","floor":27}],"player_experience":2011684,"relics_obtained":[{"floor":7.0,"key":"Whetstone"},{"floor":9.0,"key":"Mercury Hourglass"},{"floor":11.0,"key":"Letter Opener"},{"floor":13.0,"key":"Bag of Marbles"},{"floor":23.0,"key":"Potion Belt"},{"floor":25,"key":"Lantern"},{"floor":26,"key":"Vajra"},{"floor":27,"key":"Calipers"}],"event_choices":[{"damage_healed":0.0,"max_hp_gain":0.0,"max_hp_loss":0.0,"gold_gain":175.0,"event_name":"Liars Game","player_choice":"AGREE","floor":3.0,"gold_loss":0.0,"damage_taken":0.0,"cards_obtained":["Doubt"]},{"damage_healed":0.0,"max_hp_gain":0.0,"max_hp_loss":0.0,"gold_gain":0.0,"event_name":"Scrap Ooze","player_choice":"Success","floor":5.0,"gold_loss":0.0,"damage_taken":3.0,"relics_obtained":["Happy Flower"]},{"damage_healed":0.0,"max_hp_gain":0.0,"max_hp_loss":0.0,"gold_gain":0.0,"cards_transformed":["Blur"],"event_name":"Transmorgrifier","player_choice":"Transformed","floor":8.0,"gold_loss":0.0,"damage_taken":0.0,"cards_obtained":["Die Die Die"]},{"damage_healed":0.0,"max_hp_gain":0.0,"max_hp_loss":0.0,"gold_gain":0.0,"event_name":"FaceTrader","player_choice":"Trade","floor":20.0,"gold_loss":0.0,"damage_taken":0.0,"relics_obtained":["GremlinMask"]}],"is_beta":false,"boss_relics":[{"not_picked":["Lizard Tail","Philosopher\u0027s Stone"],"picked":"Orrery"}],"items_purged_floors":[4],"is_endless":false,"potions_floor_spawned":[7,11,12,18,23,27],"killed_by":"Snake Plant","ascension_level":12}