{"gold_per_floor":[115,115,15,15,15,15,51,51,78,78,78,96,246,321,321,321],"floor_reached":16,"playtime":246,"items_purged":[],"score":226,"play_id":"9fd4e68b-de00-48f7-b657-0d6f881b1b1d","local_time":"20190214191524","is_ascension_mode":true,"campfire_choices":[{"floor":6,"key":"REST"},{"data":"Infernal Blade","floor":8,"key":"SMITH"},{"data":"Thunderclap","floor":11,"key":"SMITH"},{"floor":15,"key":"REST"}],"neow_cost":"NONE","seed_source_timestamp":14857896834378092,"circlet_count":0,"master_deck":["AscendersBane","Strike_R","Strike_R","Strike_R","Strike_R","Strike_R","Defend_R","Defend_R","Defend_R","Defend_R","Bash","Infernal Blade+1","Mind Blast+1","Thunderclap+1","Reckless Charge","Doubt","Cleave"],"relics":["Burning Blood","NeowsBlessing","Golden Idol","Blood Vial","Dream Catcher"],"potions_floor_usage":[16],"damage_taken":[{"damage":0,"enemies":"Jaw Worm","floor":1,"turns":1},{"damage":0,"enemies":"3 Sentries","floor":7,"turns":2},{"damage":0,"enemies":"Small Slimes","floor":12,"turns":1},{"damage":93,"enemies":"Slime Boss","floor":16,"turns":8}],"seed_played":"-2025451013996093413","potions_obtained":[{"floor":7,"key":"Regen Potion"}],"is_trial":false,"path_per_floor":["M","?","$","?","$","R","E","R","T","?","R","M","?","?","R","B"],"character_chosen":"IRONCLAD","items_purchased":["Mind Blast"],"campfire_rested":2,"item_purchase_floors":[3],"current_hp_per_floor":[74,48,48,48,48,70,75,75,75,75,75,75,75,64,75,0],"gold":321,"neow_bonus":"THREE_ENEMY_KILL","is_prod":false,"is_daily":false,"chose_seed":false,"campfire_upgraded":2,"win_rate":0,"timestamp":1550168124,"path_taken":["M","?","$","?","$","R","E","R","T","?","R","M","?","?","R","BOSS"],"build_version":"2019-01-23","purchased_purges":0,"victory":false,"max_hp_per_floor":[75,75,75,75,75,75,75,75,75,75,75,75,75,75,75,75],"card_choices":[{"not_picked":["Warcry","Ghostly Armor"],"picked":"Infernal Blade","floor":1},{"not_picked":["Whirlwind","Shockwave"],"picked":"Thunderclap","floor":7},{"not_picked":["Twin Strike","Thunderclap"],"picked":"Reckless Charge","floor":12},{"not_picked":["Searing Blow","Sever Soul"],"picked":"Cleave","floor":15}],"player_experience":398587,"relics_obtained":[{"floor":7,"key":"Blood Vial"},{"floor":9,"key":"Dream Catcher"}],"event_choices":[{"damage_healed":0,"gold_gain":0,"player_choice":"Take Damage","damage_taken":26,"relics_obtained":["Golden Idol"],"max_hp_gain":0,"max_hp_loss":0,"event_name":"Golden Idol","floor":2,"gold_loss":0},{"damage_healed":0,"gold_gain":0,"player_choice":"Grow","damage_taken":0,"max_hp_gain":0,"max_hp_loss":0,"event_name":"Living Wall","floor":4,"gold_loss":0,"cards_upgraded":["Mind Blast"]},{"damage_healed":0,"gold_gain":0,"player_choice":"Leave","damage_taken":0,"max_hp_gain":0,"max_hp_loss":0,"event_name":"The Cleric","floor":10,"gold_loss":0},{"damage_healed":0,"gold_gain":150,"player_choice":"AGREE","damage_taken":0,"max_hp_gain":0,"max_hp_loss":0,"event_name":"Liars Game","floor":13,"gold_loss":0,"cards_obtained":["Doubt"]},{"damage_healed":0,"gold_gain":75,"player_choice":"Gather Gold","damage_taken":11,"max_hp_gain":0,"max_hp_loss":0,"event_name":"World of Goop","floor":14,"gold_loss":0}],"is_beta":false,"boss_relics":[],"items_purged_floors":[],"is_endless":false,"potions_floor_spawned":[7],"killed_by":"Slime Boss","ascension_level":18}