{"gold_per_floor":[18,18,35,47,62,89,101],"floor_reached":7,"playtime":347,"items_purged":[],"score":110,"play_id":"fadfd5e6-8392-44c9-99f9-0c01773f58c1","local_time":"20190117113540","is_ascension_mode":true,"campfire_choices":[],"neow_cost":"NO_GOLD","seed_source_timestamp":638792196851429,"circlet_count":0,"master_deck":["AscendersBane","Strike_R","Strike_R","Strike_R","Strike_R","Strike_R","Defend_R","Defend_R","Defend_R","Bash","Shrug It Off","Exhume","Offering","Pommel Strike","Body Slam","Metallicize"],"relics":["Burning Blood","MawBank","Dodecahedron"],"potions_floor_usage":[6],"damage_taken":[{"damage":8,"enemies":"2 Louse","floor":1,"turns":4},{"damage":8,"enemies":"Cultist","floor":3,"turns":4},{"damage":12,"enemies":"Jaw Worm","floor":4,"turns":3},{"damage":16,"enemies":"3 Louse","floor":5,"turns":3},{"damage":18,"enemies":"Gremlin Nob","floor":6,"turns":3},{"damage":45,"enemies":"Lagavulin Event","floor":7,"turns":6}],"seed_played":"-3953565664071468365","potions_obtained":[{"floor":5,"key":"Weak Potion"}],"is_trial":false,"path_per_floor":["M","?","M","M","M","E","?"],"character_chosen":"IRONCLAD","items_purchased":[],"campfire_rested":0,"item_purchase_floors":[],"current_hp_per_floor":[86,86,84,78,68,56,11],"gold":101,"neow_bonus":"TWENTY_PERCENT_HP_BONUS","is_prod":false,"is_daily":false,"chose_seed":false,"campfire_upgraded":0,"win_rate":0,"timestamp":1547721340,"path_taken":["M","?","M","M","?","E","?"],"build_version":"2019-01-10","purchased_purges":0,"victory":false,"max_hp_per_floor":[96,96,96,96,96,96,96],"card_choices":[{"not_picked":["Warcry","Body Slam"],"picked":"Shrug It Off","floor":1},{"not_picked":["Havoc","Armaments"],"picked":"Offering","floor":3},{"not_picked":["Body Slam","Flex"],"picked":"Pommel Strike","floor":4},{"not_picked":["Iron Wave","Havoc"],"picked":"Body Slam","floor":5},{"not_picked":["Flex","Juggernaut"],"picked":"Metallicize","floor":6}],"player_experience":1965348,"relics_obtained":[{"floor":6,"key":"MawBank"}],"event_choices":[{"damage_healed":0,"gold_gain":0,"cards_transformed":["Defend_R"],"player_choice":"Transformed","damage_taken":0,"max_hp_gain":0,"max_hp_loss":0,"event_name":"Transmorgrifier","floor":2,"gold_loss":0,"cards_obtained":["Exhume"]},{"damage_healed":0,"gold_gain":0,"player_choice":"Searched \u00272\u0027 times","damage_taken":0,"relics_obtained":["Dodecahedron"],"max_hp_gain":0,"max_hp_loss":0,"event_name":"Dead Adventurer","floor":7,"gold_loss":0}],"is_beta":false,"boss_relics":[],"items_purged_floors":[],"is_endless":false,"potions_floor_spawned":[5],"killed_by":"Lagavulin Event","ascension_level":12}