{"gold_per_floor":[111,128,148,40,55,80,80,106,406,79,92,92,125,125,125,197,197,214,187,187,187,187,187,187,215,286,236,252,252,272,55,55,129,129,144,244,8,23,23,23,49,49,49,49,49,69,97,121,121,121],"floor_reached":50,"playtime":2190,"items_purged":["Strike_B","Strike_B+1","Zap+1"],"score":1093,"play_id":"0d3b7734-6065-4d55-8ae1-992c5d7786af","local_time":"20190221000431","is_ascension_mode":true,"campfire_choices":[{"data":"Zap","floor":7.0,"key":"SMITH"},{"floor":12.0,"key":"REST"},{"data":"Static Discharge","floor":15.0,"key":"SMITH"},{"floor":23.0,"key":"REST"},{"floor":24.0,"key":"REST"},{"floor":29.0,"key":"REST"},{"floor":32.0,"key":"REST"},{"floor":40.0,"key":"REST"},{"floor":42.0,"key":"RECALL"},{"floor":49,"key":"REST"}],"neow_cost":"NONE","seed_source_timestamp":110847455295375,"circlet_count":0,"master_deck":["AscendersBane","Defend_B+1","Defend_B+1","Defend_B+1","Defend_B+1","Dualcast","Cold Snap","Gash","Cold Snap","Leap","Compile Driver","Ball Lightning","Static Discharge+1","Loop","Stack","Undo","Cold Snap","Fission","Chill","Blizzard","Defragment","Creative AI","Double Energy","Gash","Capacitor","Buffer","Tempest+1","Coolheaded+1","Apotheosis","Conserve Battery","Writhe"],"special_seed":0,"relics":["Cracked Core","NeowsBlessing","Smiling Mask","Dodecahedron","Old Coin","PreservedInsect","WingedGreaves","Fusion Hammer","Bottled Lightning","Mercury Hourglass","Runic Capacitor","Snecko Eye","Incense Burner","Lantern","Ginger","Vajra"],"potions_floor_usage":[50],"damage_taken":[{"damage":0.0,"enemies":"Jaw Worm","floor":1.0,"turns":1.0},{"damage":0.0,"enemies":"2 Louse","floor":2.0,"turns":1.0},{"damage":0.0,"enemies":"Small Slimes","floor":3.0,"turns":1.0},{"damage":5.0,"enemies":"2 Fungi Beasts","floor":5.0,"turns":4.0},{"damage":24.0,"enemies":"Lagavulin","floor":6.0,"turns":10.0},{"damage":20.0,"enemies":"Gremlin Nob","floor":8.0,"turns":4.0},{"damage":3.0,"enemies":"Blue Slaver","floor":11.0,"turns":4.0},{"damage":12.0,"enemies":"3 Sentries","floor":13.0,"turns":9.0},{"damage":16.0,"enemies":"Hexaghost","floor":16.0,"turns":13.0},{"damage":19.0,"enemies":"Chosen","floor":18.0,"turns":6.0},{"damage":11.0,"enemies":"2 Thieves","floor":19.0,"turns":4.0},{"damage":13.0,"enemies":"Colosseum Slavers","floor":21.0,"turns":5.0},{"damage":25.0,"enemies":"Slavers","floor":25.0,"turns":5.0},{"damage":9.0,"enemies":"Snake Plant","floor":28.0,"turns":6.0},{"damage":9.0,"enemies":"Snecko","floor":30.0,"turns":7.0},{"damage":36.0,"enemies":"Automaton","floor":33.0,"turns":10.0},{"damage":13.0,"enemies":"3 Darklings","floor":35.0,"turns":7.0},{"damage":0.0,"enemies":"Mind Bloom Boss Battle","floor":36.0,"turns":7.0},{"damage":0.0,"enemies":"3 Shapes","floor":38.0,"turns":4.0},{"damage":22.0,"enemies":"Reptomancer","floor":41.0,"turns":5.0},{"damage":35,"enemies":"3 Darklings","floor":46,"turns":6},{"damage":17,"enemies":"Nemesis","floor":47,"turns":7},{"damage":51,"enemies":"Time Eater","floor":50,"turns":3}],"seed_played":"-8781958069275056677","potions_obtained":[{"floor":3.0,"key":"SpeedPotion"},{"floor":6.0,"key":"SpeedPotion"},{"floor":16.0,"key":"FairyPotion"},{"floor":18.0,"key":"Dexterity Potion"},{"floor":25.0,"key":"LiquidBronze"},{"floor":38.0,"key":"Regen Potion"},{"floor":46,"key":"AttackPotion"}],"is_trial":false,"path_per_floor":["M","M","M","$","M","E","R","E","T","$","M","R","E","?","R","B",null,"M","M","?","?","?","R","R","E","T","$","M","R","M","$","R","B",null,"M","?","$","M","?","R","E","R","T","?","?","M","E","T","R","B"],"character_chosen":"DEFECT","items_purchased":["Leap","FocusPotion","PreservedInsect","Loop","Stack","Runic Capacitor","Apotheosis"],"campfire_rested":7,"item_purchase_floors":[4,4,10,10,10,31,37],"current_hp_per_floor":[64,64,64,64,59,35,35,15,15,15,12,33,21,21,21,5,55,36,25,25,12,12,33,54,29,29,29,20,41,32,32,53,17,58,45,45,45,45,45,66,58,58,58,58,71,36,19,19,40,0],"gold":121,"neow_bonus":"THREE_ENEMY_KILL","is_prod":false,"is_daily":false,"chose_seed":false,"campfire_upgraded":2,"win_rate":0,"timestamp":1550725471,"path_taken":["M","M","M","$","M","E","R","E","T","$","M","R","E","?","R","BOSS","M","M","?","?","?","R","R","E","T","$","M","R","M","$","R","BOSS","M","?","$","M","?","R","E","R","T","?","?","?","E","?","R","BOSS"],"build_version":"2019-01-23","purchased_purges":3,"victory":false,"max_hp_per_floor":[71,71,71,71,71,71,71,71,71,71,71,71,71,71,71,71,71,71,71,71,71,71,71,71,71,71,71,71,71,71,71,71,71,71,71,71,71,71,71,71,71,71,71,71,71,71,71,71,71,71],"card_choices":[{"not_picked":["Streamline","Hello World"],"picked":"Cold Snap","floor":1.0},{"not_picked":["Reprogram","Redo"],"picked":"Gash","floor":2.0},{"not_picked":["Sweeping Beam","Leap"],"picked":"Cold Snap","floor":3.0},{"not_picked":["Sweeping Beam","Turbo"],"picked":"Compile Driver","floor":5.0},{"not_picked":["Amplify","Hello World"],"picked":"Ball Lightning","floor":6.0},{"not_picked":["Reprogram","Turbo"],"picked":"Static Discharge","floor":8.0},{"not_picked":["Steam","Rebound"],"picked":"Undo","floor":11.0},{"not_picked":["Compile Driver","Redo"],"picked":"Cold Snap","floor":13.0},{"not_picked":["Amplify","Hyperbeam"],"picked":"Fission","floor":16.0},{"not_picked":["Barrage","Rebound"],"picked":"Chill","floor":18.0},{"not_picked":["White Noise","Stack"],"picked":"Blizzard","floor":19.0},{"not_picked":["Sweeping Beam+1","Amplify"],"picked":"Double Energy","floor":25.0},{"not_picked":["Compile Driver","Beam Cell"],"picked":"Gash","floor":28.0},{"not_picked":["Steam+1","Redo"],"picked":"Capacitor","floor":30.0},{"not_picked":["Hyperbeam","Fission"],"picked":"Buffer","floor":33.0},{"not_picked":["Redo+1","Go for the Eyes"],"picked":"Tempest+1","floor":35.0},{"not_picked":["BootSequence","Conserve Battery"],"picked":"Coolheaded+1","floor":36.0},{"not_picked":["Chaos","Scrape","Stack"],"picked":"SKIP","floor":38.0},{"not_picked":["Tempest","Stack"],"picked":"Conserve Battery","floor":41.0},{"not_picked":["Beam Cell","Hologram","Hyperbeam"],"picked":"SKIP","floor":46},{"not_picked":["Compile Driver","Go for the Eyes","Genetic Algorithm"],"picked":"SKIP","floor":47}],"player_experience":1242243,"relics_obtained":[{"floor":6.0,"key":"Smiling Mask"},{"floor":8.0,"key":"Dodecahedron"},{"floor":9.0,"key":"Old Coin"},{"floor":13.0,"key":"WingedGreaves"},{"floor":25.0,"key":"Bottled Lightning"},{"floor":26.0,"key":"Mercury Hourglass"},{"floor":36.0,"key":"Incense Burner"},{"floor":41.0,"key":"Lantern"},{"floor":47,"key":"Ginger"},{"floor":48,"key":"Vajra"}],"event_choices":[{"damage_healed":0.0,"max_hp_gain":0.0,"max_hp_loss":0.0,"gold_gain":0.0,"event_name":"Shining Light","player_choice":"Ignored","floor":14.0,"gold_loss":0.0,"damage_taken":0.0},{"damage_healed":0.0,"max_hp_gain":0.0,"max_hp_loss":0.0,"gold_gain":0.0,"cards_transformed":["Strike_B","Strike_B"],"event_name":"Drug Dealer","player_choice":"Became Test Subject","floor":20.0,"gold_loss":0.0,"damage_taken":0.0,"cards_obtained":["Defragment","Creative AI"]},{"damage_healed":0.0,"max_hp_gain":0.0,"max_hp_loss":0.0,"gold_gain":0.0,"event_name":"Colosseum","player_choice":"Fight","floor":21.0,"gold_loss":0.0,"damage_taken":0.0},{"damage_healed":0.0,"max_hp_gain":0.0,"max_hp_loss":0.0,"gold_gain":0.0,"event_name":"Colosseum","player_choice":"Fled From Nobs","floor":21.0,"gold_loss":0.0,"damage_taken":0.0},{"damage_healed":0.0,"max_hp_gain":0.0,"max_hp_loss":0.0,"gold_gain":0.0,"event_name":"Back to Basics","player_choice":"Simplicity","floor":22.0,"gold_loss":0.0,"damage_taken":0.0,"cards_upgraded":["Strike_B","Defend_B","Defend_B","Defend_B","Defend_B"]},{"damage_healed":0.0,"max_hp_gain":0.0,"max_hp_loss":0.0,"gold_gain":0.0,"event_name":"MindBloom","player_choice":"Fight","floor":36.0,"gold_loss":0.0,"damage_taken":0.0},{"damage_healed":0.0,"max_hp_gain":0.0,"max_hp_loss":0.0,"gold_gain":0.0,"event_name":"SensoryStone","player_choice":"Memory 1","floor":39.0,"gold_loss":0.0,"damage_taken":0.0},{"damage_healed":0,"gold_gain":0,"player_choice":"Ignored","damage_taken":0,"max_hp_gain":0,"max_hp_loss":0,"event_name":"Mysterious Sphere","floor":44,"gold_loss":0},{"damage_healed":14,"gold_gain":0,"player_choice":"Writhe","damage_taken":0,"max_hp_gain":0,"max_hp_loss":0,"event_name":"Winding Halls","floor":45,"gold_loss":0,"cards_obtained":["Writhe"]}],"is_beta":false,"boss_relics":[{"not_picked":["Pandora\u0027s Box","Velvet Choker"],"picked":"Fusion Hammer"},{"not_picked":["Nuclear Battery","Black Star"],"picked":"Snecko Eye"}],"items_purged_floors":[10,27,37],"is_endless":false,"potions_floor_spawned":[3,5,6,16,18,21,25,30,35,38,46],"killed_by":"Time Eater","ascension_level":20}