{"gold_per_floor":[111,130,149,149,168,168,201,351,375,403,403,54,54,64,64,64],"floor_reached":16,"playtime":414,"items_purged":[],"score":220,"play_id":"23af82f6-dc90-4199-9e19-197bc4effa6a","local_time":"20181214220423","is_ascension_mode":true,"campfire_choices":[{"data":"Streamline","floor":6.0,"key":"SMITH"},{"floor":11.0,"key":"REST"},{"data":"Biased Cognition","floor":15,"key":"SMITH"}],"neow_cost":"NONE","seed_source_timestamp":477143657644005,"circlet_count":0,"master_deck":["AscendersBane","Strike_B","Strike_B","Strike_B","Strike_B","Defend_B","Defend_B","Defend_B","Defend_B","Zap","Dualcast","Streamline+1","Gash","Go for the Eyes","Cold Snap","BootSequence","Doubt","Biased Cognition+1","Self Repair","Parasite","Go for the Eyes"],"special_seed":0,"relics":["Cracked Core","NeowsBlessing","Art of War","Anchor","Bag of Marbles","PreservedInsect","Medical Kit"],"potions_floor_usage":[],"damage_taken":[{"damage":0.0,"enemies":"Small Slimes","floor":1.0,"turns":1.0},{"damage":0.0,"enemies":"2 Louse","floor":2.0,"turns":1.0},{"damage":0.0,"enemies":"Jaw Worm","floor":3.0,"turns":1.0},{"damage":6.0,"enemies":"Exordium Thugs","floor":5.0,"turns":4.0},{"damage":21.0,"enemies":"Lagavulin","floor":7.0,"turns":5.0},{"damage":30.0,"enemies":"3 Sentries","floor":10.0,"turns":8.0},{"damage":0,"enemies":"Large Slime","floor":14,"turns":3},{"damage":26,"enemies":"Hexaghost","floor":16,"turns":9}],"seed_played":"-4637208927106197249","potions_obtained":[{"floor":1.0,"key":"Regen Potion"},{"floor":5.0,"key":"Energy Potion"},{"floor":7.0,"key":"Energy Potion"},{"floor":10.0,"key":"Fire Potion"}],"is_trial":false,"path_per_floor":["M","M","M","?","M","R","E","?","T","E","R","$","?","M","R","B"],"character_chosen":"DEFECT","items_purchased":["Medical Kit","Self Repair","Energy Potion"],"campfire_rested":1,"item_purchase_floors":[12,12,12],"current_hp_per_floor":[64,64,64,46,52,52,31,31,31,1,22,22,39,39,39,13],"gold":64,"neow_bonus":"THREE_ENEMY_KILL","is_prod":false,"is_daily":false,"chose_seed":false,"campfire_upgraded":2,"win_rate":0,"timestamp":1544843063,"path_taken":["M","M","M","?","M","R","E","?","T","E","R","$","?","M","R","BOSS"],"build_version":"2018-12-13","purchased_purges":0,"victory":false,"max_hp_per_floor":[71,71,71,71,71,71,71,71,71,71,71,71,71,71,71,71],"card_choices":[{"not_picked":["Storm","Steam"],"picked":"Streamline","floor":1.0},{"not_picked":["Melter","Steam"],"picked":"Gash","floor":2.0},{"not_picked":["Turbo","Conserve Battery"],"picked":"Go for the Eyes","floor":3.0},{"not_picked":["Sweeping Beam","Static Discharge"],"picked":"Cold Snap","floor":5.0},{"not_picked":["Beam Cell","Leap"],"picked":"BootSequence","floor":7.0},{"not_picked":["Genetic Algorithm","Conserve Battery"],"picked":"Biased Cognition","floor":10.0},{"not_picked":["Redo","Skim"],"picked":"Go for the Eyes","floor":14}],"player_experience":1237228,"relics_obtained":[{"floor":7.0,"key":"Anchor"},{"floor":9.0,"key":"Bag of Marbles"},{"floor":10.0,"key":"PreservedInsect"}],"event_choices":[{"damage_healed":0.0,"max_hp_gain":0.0,"max_hp_loss":0.0,"gold_gain":0.0,"event_name":"Scrap Ooze","player_choice":"Success","floor":4.0,"gold_loss":0.0,"damage_taken":18.0,"relics_obtained":["Art of War"]},{"damage_healed":0.0,"max_hp_gain":0.0,"max_hp_loss":0.0,"gold_gain":150.0,"event_name":"Liars Game","player_choice":"AGREE","floor":8.0,"gold_loss":0.0,"damage_taken":0.0,"cards_obtained":["Doubt"]},{"damage_healed":17.0,"max_hp_gain":0.0,"max_hp_loss":0.0,"gold_gain":0.0,"event_name":"Mushrooms","player_choice":"Healed and dodged fight","floor":13.0,"gold_loss":0.0,"damage_taken":0.0,"cards_obtained":["Parasite"]}],"is_beta":true,"boss_relics":[],"items_purged_floors":[],"is_endless":false,"potions_floor_spawned":[1,5,7,10],"killed_by":"Hexaghost","ascension_level":20}