{"gold_per_floor":[109,109,109,132,132,166,166,180,180,221,239,239,264,303,303,432,432,447,447,141,141,161,199,199,199,224,238,84,102,52,86,86,205,205,230,230,563,577,629,663,663],"floor_reached":41,"playtime":1921,"items_purged":[],"score":816,"play_id":"897d565a-b2e8-4b1e-a742-5d6522f37453","local_time":"20181129093427","is_ascension_mode":true,"campfire_choices":[{"data":"Poisoned Stab","floor":7,"key":"SMITH"},{"data":"Catalyst","floor":12,"key":"SMITH"},{"data":"Venomology","floor":15,"key":"SMITH"},{"floor":24,"key":"REST"},{"floor":32,"key":"REST"}],"neow_cost":"NONE","seed_source_timestamp":992705811464692,"circlet_count":0,"master_deck":["AscendersBane","Defend_G","Defend_G","Defend_G","Defend_G","Strike_G","Strike_G","Strike_G+1","Strike_G","Survivor","Neutralize+1","Deadly Poison+1","Bane","Poisoned Stab+1","Deflect","Flechettes","Catalyst+1","Poisoned Stab","Venomology+1","Envenom+1","Terror","Blur","Envenom+1","Slice","Deadly Poison+1"],"relics":["Ring of the Snake","NeowsBlessing","Frozen Egg 2","FossilizedHelix","Whetstone","Torii","Dead Branch","Busted Crown","Unceasing Top","Blood Vial","Enchiridion","Omamori","Oddly Smooth Stone","Bronze Scales","Coffee Dripper","Tough Bandages","Anchor"],"potions_floor_usage":[10,10,14,18,23,23,23,23,23,27,29,31,33,38,38,40,40],"damage_taken":[{"damage":0,"enemies":"Small Slimes","floor":1,"turns":1},{"damage":0,"enemies":"Jaw Worm","floor":4,"turns":1},{"damage":0,"enemies":"Lagavulin","floor":6,"turns":1},{"damage":0,"enemies":"2 Louse","floor":8,"turns":2},{"damage":3,"enemies":"3 Sentries","floor":10,"turns":8},{"damage":0,"enemies":"Blue Slaver","floor":11,"turns":3},{"damage":8,"enemies":"Lots of Slimes","floor":13,"turns":6},{"damage":0,"enemies":"Lagavulin","floor":14,"turns":3},{"damage":7,"enemies":"The Guardian","floor":16,"turns":7},{"damage":1,"enemies":"Shell Parasite","floor":18,"turns":4},{"damage":0,"enemies":"Chosen","floor":22,"turns":3},{"damage":21,"enemies":"Gremlin Leader","floor":23,"turns":4},{"damage":1,"enemies":"Shelled Parasite and Fungi","floor":27,"turns":3},{"damage":1,"enemies":"Snecko","floor":29,"turns":5},{"damage":10,"enemies":"Book of Stabbing","floor":31,"turns":4},{"damage":16,"enemies":"Champ","floor":33,"turns":8},{"damage":0,"enemies":"Orb Walker","floor":35,"turns":4},{"damage":0,"enemies":"3 Darklings","floor":38,"turns":6},{"damage":16,"enemies":"2 Orb Walkers","floor":39,"turns":4},{"damage":11,"enemies":"Nemesis","floor":40,"turns":7},{"damage":56,"enemies":"Sphere and 2 Shapes","floor":41,"turns":5}],"seed_played":"-6451455964943475137","potions_obtained":[{"floor":4,"key":"Block Potion"},{"floor":6,"key":"Weak Potion"},{"floor":8,"key":"AttackPotion"},{"floor":11,"key":"Strength Potion"},{"floor":22,"key":"Energy Potion"},{"floor":29,"key":"GhostInAJar"}],"is_trial":false,"path_per_floor":["M","?","?","M","?","E","R","M","T","E","M","R","M","E","R","B",null,"M","?","$","?","M","E","R","?","T","M","$","M","?","E","R","B",null,"M","?","?","M","?","E","M"],"character_chosen":"THE_SILENT","items_purchased":["Unceasing Top","Oddly Smooth Stone"],"campfire_rested":2,"item_purchase_floors":[20,28],"current_hp_per_floor":[63,63,63,63,51,51,51,51,51,48,48,48,40,40,40,33,57,56,56,56,56,56,35,54,38,38,39,39,40,40,32,51,37,58,60,60,60,62,48,39,0],"gold":663,"neow_bonus":"THREE_ENEMY_KILL","is_prod":false,"is_daily":false,"chose_seed":false,"campfire_upgraded":3,"win_rate":0,"timestamp":1543480467,"path_taken":["M","?","?","M","?","E","R","M","T","E","M","R","M","E","R","BOSS","M","?","$","?","M","E","R","?","T","?","?","?","?","E","R","BOSS","M","?","?","?","?","E","M"],"build_version":"2018-11-15","purchased_purges":0,"victory":false,"max_hp_per_floor":[70,65,65,65,65,65,65,65,65,65,65,65,65,65,65,65,65,65,65,65,65,65,65,65,65,65,65,65,65,65,65,65,65,65,65,65,65,65,65,65,65],"card_choices":[{"not_picked":["Sucker Punch","Acrobatics"],"picked":"Deadly Poison","floor":1},{"not_picked":["Deadly Poison","Crippling Poison"],"picked":"Bane","floor":4},{"not_picked":["Prepared","PiercingWail"],"picked":"Poisoned Stab","floor":6},{"not_picked":["Acrobatics","Concentrate"],"picked":"Deflect","floor":8},{"not_picked":["Predator","Dagger Spray"],"picked":"Flechettes","floor":10},{"not_picked":["Quick Slash","Poisoned Stab"],"picked":"Catalyst","floor":11},{"not_picked":["Concentrate","Quick Slash"],"picked":"Poisoned Stab","floor":13},{"not_picked":["Acrobatics","Concentrate"],"picked":"Venomology","floor":14},{"not_picked":["Night Terror","A Thousand Cuts+1"],"picked":"Envenom+1","floor":16},{"not_picked":["Concentrate+1"],"picked":"SKIP","floor":18},{"not_picked":[],"picked":"Blur","floor":22},{"not_picked":["Finisher"],"picked":"SKIP","floor":23},{"not_picked":["Reflex"],"picked":"SKIP","floor":27},{"not_picked":["Sucker Punch"],"picked":"SKIP","floor":29},{"not_picked":["Sucker Punch"],"picked":"SKIP","floor":31},{"not_picked":[],"picked":"Envenom+1","floor":33},{"not_picked":["Dagger Throw"],"picked":"SKIP","floor":35},{"not_picked":[],"picked":"Slice","floor":38},{"not_picked":[],"picked":"Deadly Poison+1","floor":40}],"player_experience":1383759,"relics_obtained":[{"floor":6,"key":"FossilizedHelix"},{"floor":9,"key":"Whetstone"},{"floor":10,"key":"Torii"},{"floor":14,"key":"Dead Branch"},{"floor":23,"key":"Blood Vial"},{"floor":25,"key":"Enchiridion"},{"floor":26,"key":"Omamori"},{"floor":31,"key":"Bronze Scales"},{"floor":39,"key":"Tough Bandages"},{"floor":40,"key":"Anchor"}],"event_choices":[{"damage_healed":0,"gold_gain":0,"player_choice":"Lose Max HP","damage_taken":0,"relics_obtained":["Golden Idol"],"max_hp_gain":0,"max_hp_loss":5,"event_name":"Golden Idol","floor":2,"gold_loss":0},{"damage_healed":0,"gold_gain":0,"player_choice":"Grow","damage_taken":0,"max_hp_gain":0,"max_hp_loss":0,"event_name":"Living Wall","floor":3,"gold_loss":0,"cards_upgraded":["Deadly Poison"]},{"damage_healed":0,"gold_gain":0,"player_choice":"Success","damage_taken":12,"relics_obtained":["Frozen Egg 2"],"max_hp_gain":0,"max_hp_loss":0,"event_name":"Scrap Ooze","floor":5,"gold_loss":0},{"damage_healed":0,"gold_gain":0,"cards_transformed":["Strike_G","Defend_G"],"player_choice":"Became Test Subject","damage_taken":0,"max_hp_gain":0,"max_hp_loss":0,"event_name":"Drug Dealer","floor":19,"gold_loss":0,"cards_obtained":["Reflex","Terror"]},{"damage_healed":0,"gold_gain":0,"player_choice":"Ignored","damage_taken":0,"max_hp_gain":0,"max_hp_loss":0,"event_name":"Ghosts","floor":21,"gold_loss":0},{"damage_healed":0,"gold_gain":0,"player_choice":"Obtained Book","damage_taken":16,"max_hp_gain":0,"max_hp_loss":0,"event_name":"Cursed Tome","floor":25,"gold_loss":0},{"damage_healed":0,"gold_gain":0,"player_choice":"Bet on Murderer","damage_taken":0,"max_hp_gain":0,"max_hp_loss":0,"event_name":"The Joust","floor":30,"gold_loss":50},{"cards_removed":["Reflex"],"damage_healed":0,"gold_gain":0,"player_choice":"Removed Skill","damage_taken":0,"max_hp_gain":0,"max_hp_loss":0,"event_name":"Falling","floor":36,"gold_loss":0},{"damage_healed":0,"gold_gain":333,"player_choice":"Gave Idol","damage_taken":0,"max_hp_gain":0,"max_hp_loss":0,"event_name":"The Moai Head","floor":37,"relics_lost":["Golden Idol"],"gold_loss":0},{"damage_healed":0,"gold_gain":0,"player_choice":"Fight","damage_taken":0,"max_hp_gain":0,"max_hp_loss":0,"event_name":"Mysterious Sphere","floor":39,"gold_loss":0}],"is_beta":false,"boss_relics":[{"not_picked":["Cursed Key","Lizard Tail"],"picked":"Busted Crown"},{"not_picked":["Astrolabe","Sozu"],"picked":"Coffee Dripper"}],"items_purged_floors":[],"is_endless":false,"potions_floor_spawned":[4,6,8,11,22,29,35],"killed_by":"Sphere and 2 Shapes","ascension_level":10}