{"path_per_floor":["M","M","M","M","?","?","?","M","T","R","M","R","E","M","R","B",null,"M","T","$","$"],"character_chosen":"IRONCLAD","items_purchased":["Vajra","Block Potion","Mind Blast"],"gold_per_floor":[112,130,145,155,155,155,155,176,176,176,189,189,233,257,257,381,381,395,395,26,26,26],"floor_reached":22,"campfire_rested":2,"playtime":1193,"current_hp_per_floor":[80,80,80,65,65,65,45,45,45,69,73,73,65,68,80,64,80,56,56,56,56,0],"items_purged":["Strike_R"],"gold":26,"score":186,"play_id":"3f81e245-3ba8-4f58-a709-b7c1ed8039ae","local_time":"20180330201625","is_prod":false,"is_daily":false,"is_ascension_mode":false,"campfire_upgraded":1,"timestamp":1522433785,"path_taken":["M","M","M","M","?","?","?","M","T","R","M","R","E","?","R","BOSS","M","?","?","$","?"],"build_version":"2018-03-29v2","purchased_purges":1,"victory":false,"master_deck":["Strike_R","Strike_R","Strike_R+1","Strike_R","Defend_R","Defend_R","Defend_R","Defend_R","Bash+1","Bloodletting","Clothesline+1","Cleave","Armaments","Bludgeon","Armaments","Reckless Charge","Dual Wield","Feed","Flex+1","Mind Blast"],"max_hp_per_floor":[80,80,80,80,80,80,80,80,80,80,80,80,80,80,80,80,80,80,80,80,80,84],"relics":["Burning Blood","NeowsBlessing","Golden Idol","Gambling Chip","Whetstone","Philosopher\u0027s Stone","Regal Pillow","Vajra"],"card_choices":[{"not_picked":["Berserk","True Grit"],"picked":"Bloodletting","floor":1},{"not_picked":["Ghostly Armor","Body Slam"],"picked":"Clothesline","floor":2},{"not_picked":["Spot Weakness","Shrug It Off"],"picked":"Cleave","floor":3},{"not_picked":["Burning Pact","Anger"],"picked":"Armaments","floor":4},{"not_picked":["Clash","Twin Strike"],"picked":"Bludgeon","floor":8},{"not_picked":["Warcry","Fire Breathing"],"picked":"Armaments","floor":11},{"not_picked":["Bloodletting","Combust"],"picked":"Reckless Charge","floor":13},{"not_picked":["Burning Pact","Inflame"],"picked":"Dual Wield","floor":14},{"not_picked":["Berserk","Barricade"],"picked":"Feed","floor":16},{"not_picked":["Sword Boomerang","Dual Wield"],"picked":"Flex","floor":18}],"player_experience":47550,"potions_floor_usage":[16,16,22],"damage_taken":[{"damage":0,"enemies":"Small Slimes","floor":1,"turns":1},{"damage":0,"enemies":"Jaw Worm","floor":2,"turns":1},{"damage":0,"enemies":"Cultist","floor":3,"turns":1},{"damage":21,"enemies":"Large Slime","floor":4,"turns":8},{"damage":6,"enemies":"3 Louse","floor":8,"turns":4},{"damage":2,"enemies":"Looter","floor":11,"turns":3},{"damage":14,"enemies":"Gremlin Nob","floor":13,"turns":5},{"damage":3,"enemies":"2 Fungi Beasts","floor":14,"turns":3},{"damage":37,"enemies":"Slime Boss","floor":16,"turns":11},{"damage":30,"enemies":"Shell Parasite","floor":18,"turns":4},{"damage":62,"enemies":"3 Byrds","floor":22,"turns":4}],"event_choices":[{"event_name":"Liars Game","player_choice":"disagreed","floor":5,"damage_taken":0},{"event_name":"Shining Light","player_choice":"Ignored","floor":6,"damage_taken":0},{"event_name":"Golden Idol","player_choice":"Take Damage","floor":7,"damage_taken":0}],"boss_relics":[{"not_picked":["Runic Cube","Orrery"],"picked":"Philosopher\u0027s Stone"}],"potions_floor_spawned":[1,2,13],"seed_played":"-6982563432537266792","killed_by":"3 Byrds","ascension_level":0,"is_trial":false}