{"gold_per_floor":[113,131,150,165,175,175,175,204,204,219,219,248,260,290,290,290],"floor_reached":16,"playtime":2011,"items_purged":[],"score":248,"play_id":"e0adccac-9b2e-419e-a7a6-29259653fff5","local_time":"20190103204330","is_ascension_mode":true,"campfire_choices":[{"data":"Bash","floor":6.0,"key":"SMITH"},{"data":"Immolate","floor":11.0,"key":"SMITH"},{"data":"Flame Barrier","floor":15,"key":"SMITH"}],"neow_cost":"NONE","seed_source_timestamp":171659758000063,"circlet_count":0,"master_deck":["AscendersBane","Strike_R","Strike_R","Strike_R","Strike_R","Strike_R","Defend_R","Defend_R","Defend_R","Defend_R","Bash+1","Body Slam","Cleave","Ghostly Armor","Flame Barrier+1","Rampage","Pommel Strike","Immolate+1","Clothesline","Headbutt","Flame Barrier"],"special_seed":0,"relics":["Burning Blood","Centennial Puzzle","Orichalcum","Anchor","Frozen Egg 2","Prayer Wheel","Strawberry"],"potions_floor_usage":[13],"damage_taken":[{"damage":10.0,"enemies":"Small Slimes","floor":1.0,"turns":4.0},{"damage":11.0,"enemies":"Jaw Worm","floor":2.0,"turns":4.0},{"damage":6.0,"enemies":"Cultist","floor":3.0,"turns":3.0},{"damage":8.0,"enemies":"Blue Slaver","floor":4.0,"turns":4.0},{"damage":12.0,"enemies":"Exordium Wildlife","floor":5.0,"turns":3.0},{"damage":2.0,"enemies":"Gremlin Nob","floor":8.0,"turns":3.0},{"damage":10.0,"enemies":"Large Slime","floor":10.0,"turns":7.0},{"damage":14,"enemies":"3 Sentries","floor":12,"turns":4},{"damage":0,"enemies":"Red Slaver","floor":13,"turns":3},{"damage":18,"enemies":"Lagavulin","floor":14,"turns":6},{"damage":33,"enemies":"Hexaghost","floor":16,"turns":11}],"seed_played":"4758999935873093473","potions_obtained":[{"floor":1.0,"key":"SteroidPotion"},{"floor":4.0,"key":"Fire Potion"},{"floor":5.0,"key":"FairyPotion"},{"floor":10.0,"key":"Fire Potion"},{"floor":13,"key":"SteroidPotion"}],"is_trial":false,"path_per_floor":["M","M","M","M","M","R","?","E","T","M","R","E","M","E","R","B"],"character_chosen":"IRONCLAD","items_purchased":[],"campfire_rested":0,"item_purchase_floors":[],"current_hp_per_floor":[64,59,59,57,51,51,46,50,50,46,46,38,44,39,39,6],"gold":290,"neow_bonus":"RANDOM_COMMON_RELIC","is_prod":false,"is_daily":false,"chose_seed":false,"campfire_upgraded":3,"win_rate":0,"timestamp":1546519410,"path_taken":["M","M","M","M","M","R","?","E","T","M","R","E","M","E","R","BOSS"],"build_version":"2019-01-02","purchased_purges":0,"victory":false,"max_hp_per_floor":[75,75,75,75,75,75,75,75,75,75,75,75,75,82,82,82],"card_choices":[{"not_picked":["Rage","Havoc"],"picked":"Body Slam","floor":1.0},{"not_picked":["Evolve","Twin Strike"],"picked":"Cleave","floor":2.0},{"not_picked":["Clash","Wild Strike"],"picked":"Ghostly Armor","floor":3.0},{"not_picked":["Sever Soul","Evolve"],"picked":"Flame Barrier","floor":4.0},{"not_picked":["Reckless Charge","Twin Strike"],"picked":"Rampage","floor":5.0},{"not_picked":["Clash","Sentinel"],"picked":"Pommel Strike","floor":8.0},{"not_picked":["Warcry","Headbutt"],"picked":"Immolate","floor":10.0},{"not_picked":["Pommel Strike","Infernal Blade"],"picked":"Clothesline","floor":12},{"not_picked":["Clothesline","Heavy Blade"],"picked":"Headbutt","floor":13},{"not_picked":["Carnage","Fire Breathing+1","Dropkick"],"picked":"SKIP","floor":13},{"not_picked":["Perfected Strike","Sentinel"],"picked":"Flame Barrier","floor":14}],"player_experience":1313192,"relics_obtained":[{"floor":8.0,"key":"Anchor"},{"floor":9.0,"key":"Frozen Egg 2"},{"floor":12,"key":"Prayer Wheel"},{"floor":14,"key":"Strawberry"}],"event_choices":[{"damage_healed":0.0,"max_hp_gain":0.0,"max_hp_loss":0.0,"gold_gain":0.0,"event_name":"Scrap Ooze","player_choice":"Success","floor":7.0,"gold_loss":0.0,"damage_taken":5.0,"relics_obtained":["Orichalcum"]}],"is_beta":true,"boss_relics":[],"items_purged_floors":[],"is_endless":false,"potions_floor_spawned":[1,4,5,10,13],"killed_by":"Hexaghost","ascension_level":20}