{"path_per_floor":["M","?","?","?","M","R","M","E","T","M","R","M","E","$","R"],"character_chosen":"THE_SILENT","items_purchased":["Strength Potion","GhostInAJar","Tiny Chest"],"gold_per_floor":[113,113,113,113,129,129,154,190,245,264,264,284,317,75,75,75],"floor_reached":16,"campfire_rested":1,"playtime":813,"current_hp_per_floor":[62,62,55,55,52,52,52,45,45,45,45,43,28,28,46,0],"items_purged":[],"gold":75,"score":132,"play_id":"cd916cdb-b270-401a-9b94-ab1ee3f42666","local_time":"20180511145043","is_prod":false,"is_daily":false,"chose_seed":false,"is_ascension_mode":true,"campfire_upgraded":2,"timestamp":1526043043,"path_taken":["M","?","?","?","M","R","M","E","T","?","R","M","E","$","R","BOSS"],"build_version":"2018-05-10","seed_source_timestamp":104600003466193,"purchased_purges":0,"victory":false,"master_deck":["Defend_G","Defend_G","Defend_G","Defend_G","Defend_G","Strike_G","Strike_G","Strike_G","Strike_G","Strike_G","Survivor","Neutralize","After Image","Setup+1","Injury","Flying Knee+1","All Out Attack+1","Die Die Die","PiercingWail"],"max_hp_per_floor":[63,63,63,63,63,63,63,63,63,63,63,63,63,63,63,63],"relics":["Ring of the Snake","Golden Idol","Anchor","Kunai","Orichalcum","Bottled Lightning","Tiny Chest"],"card_choices":[{"not_picked":["Corpse Explosion","Doppelganger"],"picked":"After Image","floor":0},{"not_picked":["Dodge and Roll","PiercingWail"],"picked":"Setup","floor":1},{"not_picked":["Sucker Punch","Dagger Throw"],"picked":"Flying Knee","floor":5},{"not_picked":["Noxious Fumes","Slice"],"picked":"All Out Attack","floor":7},{"not_picked":["Infinite Blades","Flying Knee"],"picked":"Die Die Die","floor":10},{"not_picked":["Bane","Malaise"],"picked":"PiercingWail","floor":12}],"player_experience":456517,"potions_floor_usage":[8,13,13,16,16],"damage_taken":[{"damage":1,"enemies":"2 Louse","floor":1,"turns":4},{"damage":3,"enemies":"Small Slimes","floor":5,"turns":4},{"damage":0,"enemies":"Cultist","floor":7,"turns":4},{"damage":7,"enemies":"3 Sentries","floor":8,"turns":6},{"damage":0,"enemies":"Exordium Wildlife","floor":10,"turns":4},{"damage":2,"enemies":"Large Slime","floor":12,"turns":5},{"damage":15,"enemies":"Lagavulin","floor":13,"turns":5},{"damage":55,"enemies":"The Guardian","floor":16,"turns":16}],"event_choices":[{"event_name":"Golden Idol","player_choice":"Take Wound","floor":2,"damage_taken":0},{"event_name":"Scrap Ooze","player_choice":"success","floor":3,"damage_taken":7},{"event_name":"Accursed Blacksmith","player_choice":"Forge","floor":4,"damage_taken":0}],"boss_relics":[],"potions_floor_spawned":[1,8,12],"seed_played":"-1413979595764985667","killed_by":"The Guardian","ascension_level":4,"is_trial":false}