{"gold_per_floor":[119,119,119,131,406,406,441,453,453,453,469,109,109,128,128,221,221,240,240,339,360,310,349,362,380,461,461,461,90,115,135,135,228,228,244,244,267,392,392],"floor_reached":39,"playtime":14173,"items_purged":["Regret"],"score":728,"play_id":"e4c22677-e737-4fc2-a07b-362017fa4f1d","local_time":"20190204213718","is_ascension_mode":true,"campfire_choices":[{"data":"Zap","floor":6.0,"key":"SMITH"},{"data":"Chill","floor":10.0,"key":"SMITH"},{"data":"Glacier","floor":15.0,"key":"SMITH"},{"floor":27,"key":"REST"},{"floor":32,"key":"REST"}],"neow_cost":"NONE","seed_source_timestamp":788084611224016,"circlet_count":0,"master_deck":["AscendersBane","Strike_B","Strike_B+1","Strike_B","Strike_B+1","Defend_B","Defend_B","Defend_B","Defend_B","Zap+1","Dualcast","Chill+1","Reinforced Body","Glacier+1","Hologram","FTL+1","Leap","Skim","Electrodynamics","Ball Lightning+1","Reboot","Electrodynamics","Conserve Battery","BootSequence","Blizzard+1","Machine Learning","Leap+1","White Noise+1","Barrage+1","Cold Snap+1","Leap","Defragment","Madness","Madness"],"special_seed":0,"relics":["Cracked Core","NeowsBlessing","Molten Egg 2","Regal Pillow","Orichalcum","Meat on the Bone","Golden Idol","Fusion Hammer","Juzu Bracelet","Anchor","Pantograph","Kunai","Tiny Chest","Orrery","Prayer Wheel"],"potions_floor_usage":[31,33,38],"damage_taken":[{"damage":0.0,"enemies":"Small Slimes","floor":1.0,"turns":1.0},{"damage":0.0,"enemies":"Jaw Worm","floor":4.0,"turns":1.0},{"damage":0.0,"enemies":"Lagavulin","floor":7.0,"turns":1.0},{"damage":2.0,"enemies":"2 Louse","floor":8.0,"turns":3.0},{"damage":5.0,"enemies":"Exordium Thugs","floor":11.0,"turns":5.0},{"damage":6.0,"enemies":"Looter","floor":14.0,"turns":3.0},{"damage":26.0,"enemies":"The Guardian","floor":16.0,"turns":10.0},{"damage":4.0,"enemies":"Spheric Guardian","floor":18.0,"turns":4.0},{"damage":2.0,"enemies":"Shell Parasite","floor":21.0,"turns":8.0},{"damage":31.0,"enemies":"Slavers","floor":23.0,"turns":5.0},{"damage":19.0,"enemies":"Centurion and Healer","floor":24.0,"turns":6.0},{"damage":3,"enemies":"3 Cultists","floor":25,"turns":4},{"damage":0,"enemies":"Snecko","floor":30,"turns":5},{"damage":1,"enemies":"Shelled Parasite and Fungi","floor":31,"turns":6},{"damage":51,"enemies":"Automaton","floor":33,"turns":14},{"damage":15,"enemies":"Orb Walker","floor":35,"turns":4},{"damage":23,"enemies":"3 Darklings","floor":37,"turns":6},{"damage":0,"enemies":"Mind Bloom Boss Battle","floor":38,"turns":5},{"damage":48,"enemies":"2 Orb Walkers","floor":39,"turns":6}],"seed_played":"-1990950962862974382","potions_obtained":[{"floor":4.0,"key":"Energy Potion"},{"floor":8.0,"key":"Block Potion"},{"floor":11.0,"key":"PowerPotion"},{"floor":24,"key":"LiquidBronze"},{"floor":25,"key":"SpeedPotion"},{"floor":30,"key":"PowerPotion"},{"floor":33,"key":"SteroidPotion"}],"is_trial":false,"path_per_floor":["M","?","?","M","?","R","E","M","T","R","M","$","?","M","R","B",null,"M","?","?","M","?","E","M","M","T","R","?","$","M","M","R","B",null,"M","?","M","?","?"],"character_chosen":"DEFECT","items_purchased":["Leap","Meat on the Bone","Kunai","Tiny Chest"],"campfire_rested":2,"item_purchase_floors":[12,12,29,29],"current_hp_per_floor":[68,56,41,41,41,41,41,39,39,39,34,34,34,40,40,26,58,54,54,54,52,52,33,26,35,35,69,57,57,57,56,74,35,64,49,40,29,54,6],"gold":392,"neow_bonus":"THREE_ENEMY_KILL","is_prod":false,"is_daily":false,"chose_seed":false,"campfire_upgraded":3,"win_rate":0,"timestamp":1549312638,"path_taken":["M","?","?","M","?","R","E","M","T","R","?","$","?","M","R","BOSS","M","?","?","M","?","E","M","M","T","R","?","$","M","M","R","BOSS","M","?","M","?","?"],"build_version":"2019-01-23","purchased_purges":1,"victory":false,"max_hp_per_floor":[75,75,75,75,75,75,75,75,75,75,75,75,69,69,69,69,69,69,69,69,69,69,69,69,69,69,69,74,74,74,74,74,74,74,74,74,74,74,74],"card_choices":[{"not_picked":["Go for the Eyes","Reprogram"],"picked":"Chill","floor":1.0},{"not_picked":["Sweeping Beam+1","Leap"],"picked":"Reinforced Body","floor":4.0},{"not_picked":["Genetic Algorithm","Coolheaded"],"picked":"Glacier","floor":7.0},{"not_picked":["Streamline+1","Heatsinks"],"picked":"Hologram","floor":8.0},{"not_picked":["Heatsinks","Rebound+1"],"picked":"FTL+1","floor":11.0},{"not_picked":["Recycle","Barrage+1"],"picked":"Skim","floor":14.0},{"not_picked":["Creative AI","Machine Learning"],"picked":"Electrodynamics","floor":16.0},{"not_picked":["Sweeping Beam+1","Rebound+1","Streamline+1"],"picked":"SKIP","floor":18.0},{"not_picked":["Go for the Eyes+1","Beam Cell+1"],"picked":"Ball Lightning+1","floor":21.0},{"not_picked":["Compile Driver+1","Leap"],"picked":"Reboot","floor":23.0},{"not_picked":["Rebound+1","Barrage+1"],"picked":"Electrodynamics","floor":24},{"not_picked":["Leap","Ball Lightning+1"],"picked":"Conserve Battery","floor":25},{"not_picked":["Sweeping Beam+1","Conserve Battery"],"picked":"BootSequence","floor":30},{"not_picked":["Turbo","Steam"],"picked":"Blizzard+1","floor":31},{"not_picked":["Reboot","Hyperbeam+1"],"picked":"Machine Learning","floor":33},{"not_picked":["Go for the Eyes+1","Sweeping Beam+1"],"picked":"Leap+1","floor":34},{"not_picked":["Streamline+1","Sweeping Beam+1"],"picked":"White Noise+1","floor":34},{"not_picked":["Sweeping Beam+1","Streamline+1"],"picked":"Barrage+1","floor":34},{"not_picked":["Ball Lightning+1","Compile Driver+1"],"picked":"Cold Snap+1","floor":34},{"not_picked":["Hologram","Reprogram"],"picked":"Leap","floor":34},{"not_picked":["Multi-Cast","Gash+1"],"picked":"Defragment","floor":35},{"not_picked":["Go for the Eyes+1","Static Discharge+1","Steam Power"],"picked":"SKIP","floor":37}],"player_experience":2154223,"relics_obtained":[{"floor":7.0,"key":"Regal Pillow"},{"floor":9.0,"key":"Orichalcum"},{"floor":23.0,"key":"Anchor"},{"floor":26,"key":"Pantograph"},{"floor":38,"key":"Prayer Wheel"}],"event_choices":[{"damage_healed":0.0,"max_hp_gain":0.0,"max_hp_loss":0.0,"gold_gain":0.0,"event_name":"Scrap Ooze","player_choice":"Success","floor":2.0,"gold_loss":0.0,"damage_taken":12.0,"relics_obtained":["Molten Egg 2"]},{"damage_healed":0.0,"max_hp_gain":0.0,"max_hp_loss":0.0,"gold_gain":0.0,"event_name":"Shining Light","player_choice":"Entered Light","floor":3.0,"gold_loss":0.0,"damage_taken":15.0,"cards_upgraded":["Strike_B","Strike_B"]},{"damage_healed":0.0,"max_hp_gain":0.0,"max_hp_loss":0.0,"gold_gain":275.0,"event_name":"Golden Shrine","player_choice":"Desecrate","floor":5.0,"gold_loss":0.0,"damage_taken":0.0,"cards_obtained":["Regret"]},{"damage_healed":0.0,"max_hp_gain":0.0,"max_hp_loss":6.0,"gold_gain":0.0,"event_name":"Golden Idol","player_choice":"Lose Max HP","floor":13.0,"gold_loss":0.0,"damage_taken":0.0,"relics_obtained":["Golden Idol"]},{"damage_healed":0.0,"max_hp_gain":0.0,"max_hp_loss":0.0,"gold_gain":0.0,"event_name":"The Mausoleum","player_choice":"Opened","floor":19.0,"gold_loss":0.0,"damage_taken":0.0,"relics_obtained":["Juzu Bracelet"]},{"damage_healed":0.0,"max_hp_gain":0.0,"max_hp_loss":0.0,"gold_gain":99.0,"event_name":"Nest","player_choice":"Stole From Cult","floor":20.0,"gold_loss":0.0,"damage_taken":0.0},{"damage_healed":0.0,"max_hp_gain":0.0,"max_hp_loss":0.0,"gold_gain":0.0,"event_name":"The Joust","player_choice":"Bet on Murderer","floor":22.0,"gold_loss":50.0,"damage_taken":0.0},{"damage_healed":0,"gold_gain":0,"player_choice":"Shed Blood","damage_taken":17,"max_hp_gain":5,"max_hp_loss":0,"event_name":"Forgotten Altar","floor":28,"gold_loss":0},{"damage_healed":0,"gold_gain":0,"player_choice":"Embrace Madness","damage_taken":9,"max_hp_gain":0,"max_hp_loss":0,"event_name":"Winding Halls","floor":36,"gold_loss":0,"cards_obtained":["Madness","Madness"]},{"damage_healed":0,"gold_gain":0,"player_choice":"Fight","damage_taken":0,"max_hp_gain":0,"max_hp_loss":0,"event_name":"MindBloom","floor":38,"gold_loss":0},{"damage_healed":0,"gold_gain":0,"player_choice":"Fight","damage_taken":0,"max_hp_gain":0,"max_hp_loss":0,"event_name":"Mysterious Sphere","floor":39,"gold_loss":0}],"is_beta":false,"boss_relics":[{"not_picked":["Pandora\u0027s Box","Coffee Dripper"],"picked":"Fusion Hammer"},{"not_picked":["Nuclear Battery","Sozu"],"picked":"Orrery"}],"items_purged_floors":[12],"is_endless":false,"potions_floor_spawned":[4,8,11,24,25,30,33],"killed_by":"2 Orb Walkers","ascension_level":13}