{"gold_per_floor":[116,86,105,105,105,131,131,150,150,77,90,90,90,111,111,200,200,218,418,18,32,55,55,98,116,142,142,160,178,192,228,228,318,318,331,331,229,249,270,270,171,296,368,184,184,200,200,233,233,233],"floor_reached":51,"playtime":13236,"items_purged":[],"score":1217,"play_id":"1cf6a7ff-2026-4189-8a08-e44fee15a0af","local_time":"20190206132742","is_ascension_mode":true,"campfire_choices":[{"data":"Footwork","floor":7.0,"key":"SMITH"},{"floor":12.0,"key":"REST"},{"data":"Distraction","floor":15.0,"key":"SMITH"},{"data":"Leg Sweep","floor":23.0,"key":"SMITH"},{"data":"Crippling Poison","floor":27,"key":"SMITH"},{"floor":32,"key":"REST"},{"floor":40,"key":"REST"},{"data":"Adrenaline","floor":45,"key":"SMITH"},{"floor":49,"key":"REST"}],"neow_cost":"NONE","seed_source_timestamp":0,"circlet_count":0,"master_deck":["AscendersBane","Defend_G+1","Defend_G+1","Defend_G+1","Strike_G","Strike_G","Strike_G","Strike_G","Survivor","Neutralize","Backflip","Well Laid Plans","Footwork+1","Leg Sweep+1","Noxious Fumes+1","Sucker Punch","Distraction+1","After Image+1","Heel Hook","Deflect+1","Deflect+1","Crippling Poison+1","Flechettes","Flechettes","PiercingWail","Deflect","Slice","Adrenaline+1","Slice+1","Choke+1","Masterful Stab+1","Infinite Blades+1","Sucker Punch","Caltrops+1","Calculated Gamble","Chrysalis","PiercingWail+1","Deflect"],"special_seed":0,"relics":["Ring of the Snake","NeowsBlessing","Shuriken","Frozen Egg 2","Golden Idol","Runic Pyramid","Blue Candle","Centennial Puzzle","Oddly Smooth Stone","PreservedInsect","War Paint","Astrolabe","Dream Catcher","Thread and Needle","Pantograph","Pen Nib","The Courier"],"potions_floor_usage":[31,33,35,46,48,50],"damage_taken":[{"damage":0.0,"enemies":"Small Slimes","floor":1.0,"turns":1.0},{"damage":0.0,"enemies":"Cultist","floor":3.0,"turns":1.0},{"damage":0.0,"enemies":"3 Sentries","floor":6.0,"turns":1.0},{"damage":0.0,"enemies":"2 Louse","floor":8.0,"turns":2.0},{"damage":23.0,"enemies":"Large Slime","floor":11.0,"turns":7.0},{"damage":0.0,"enemies":"Blue Slaver","floor":14.0,"turns":5.0},{"damage":7.0,"enemies":"Hexaghost","floor":16.0,"turns":13.0},{"damage":3.0,"enemies":"Spheric Guardian","floor":18.0,"turns":7.0},{"damage":1.0,"enemies":"Shell Parasite","floor":21.0,"turns":8.0},{"damage":3.0,"enemies":"Cultist and Chosen","floor":22.0,"turns":8.0},{"damage":2.0,"enemies":"Book of Stabbing","floor":24.0,"turns":9.0},{"damage":7,"enemies":"Sentry and Sphere","floor":25,"turns":9},{"damage":7,"enemies":"Snecko","floor":28,"turns":6},{"damage":1,"enemies":"Cultist and Chosen","floor":29,"turns":8},{"damage":2,"enemies":"Sentry and Sphere","floor":30,"turns":7},{"damage":22,"enemies":"Slavers","floor":31,"turns":4},{"damage":21,"enemies":"Champ","floor":33,"turns":13},{"damage":8,"enemies":"3 Darklings","floor":35,"turns":5},{"damage":8,"enemies":"Orb Walker","floor":38,"turns":5},{"damage":20,"enemies":"Jaw Worm Horde","floor":39,"turns":7},{"damage":4,"enemies":"Mind Bloom Boss Battle","floor":42,"turns":6},{"damage":29,"enemies":"4 Shapes","floor":46,"turns":5},{"damage":7,"enemies":"Giant Head","floor":48,"turns":7},{"damage":32,"enemies":"Awakened One","floor":50,"turns":14}],"seed_played":"-1339692197907300048","potions_obtained":[{"floor":2.0,"key":"SkillPotion"},{"floor":2.0,"key":"Weak Potion"},{"floor":3.0,"key":"Fire Potion"},{"floor":18.0,"key":"AttackPotion"},{"floor":31,"key":"PowerPotion"},{"floor":33,"key":"Regen Potion"},{"floor":42,"key":"SkillPotion"},{"floor":46,"key":"PowerPotion"},{"floor":48,"key":"Swift Potion"}],"is_trial":false,"path_per_floor":["M","?","M","?","?","E","R","M","T","$","M","R","?","M","R","B",null,"M","?","$","M","M","R","E","M","T","R","M","M","M","E","R","B",null,"M","?","?","M","M","R","$","?","T","$","R","M","T","E","R","B",null],"character_chosen":"THE_SILENT","items_purchased":["Noxious Fumes+1","Blue Candle","Centennial Puzzle","Sucker Punch","Caltrops+1","Chrysalis"],"campfire_rested":4,"item_purchase_floors":[10,20,20,41,41,44],"current_hp_per_floor":[63,63,63,63,49,49,49,49,49,49,26,47,47,47,47,40,59,56,56,56,55,52,52,50,43,43,43,36,35,33,11,30,9,51,55,55,55,47,27,46,46,42,42,42,42,13,13,6,25,18],"gold":233,"neow_bonus":"THREE_ENEMY_KILL","is_prod":false,"is_daily":false,"chose_seed":false,"campfire_upgraded":5,"win_rate":0,"timestamp":1549456062,"path_taken":["M","?","?","?","?","E","R","M","T","?","M","R","?","M","R","BOSS","M","?","$","M","M","R","E","M","T","R","?","M","M","E","R","BOSS","M","?","?","M","?","R","?","?","T","$","R","M","?","E","R","BOSS"],"build_version":"2019-01-23","purchased_purges":0,"victory":true,"max_hp_per_floor":[70,70,70,70,70,70,70,70,70,70,70,70,65,65,65,65,65,65,65,65,65,65,65,65,65,65,65,65,65,65,65,65,65,65,65,65,65,65,65,65,65,65,65,65,65,65,65,65,65,65],"card_choices":[{"not_picked":["Sucker Punch","Slice"],"picked":"Backflip","floor":1.0},{"not_picked":["Expertise","Riddle With Holes"],"picked":"Well Laid Plans","floor":3.0},{"not_picked":["Deflect","Tactician"],"picked":"Footwork","floor":6.0},{"not_picked":["Cloak And Dagger","Noxious Fumes"],"picked":"Leg Sweep","floor":8.0},{"not_picked":["Prepared","Deflect"],"picked":"Sucker Punch","floor":11.0},{"not_picked":["Dagger Throw","Reflex"],"picked":"Distraction","floor":14.0},{"not_picked":["Glass Knife","Grand Finale"],"picked":"After Image+1","floor":16.0},{"not_picked":["Sucker Punch","Caltrops+1"],"picked":"Heel Hook","floor":18.0},{"not_picked":["Blade Dance","Dagger Throw"],"picked":"Deflect+1","floor":21.0},{"not_picked":["Riddle With Holes","Tactician+1"],"picked":"Deflect","floor":22.0},{"not_picked":["Accuracy+1","Blade Dance"],"picked":"Crippling Poison","floor":24.0},{"not_picked":["Dodge and Roll","Poisoned Stab"],"picked":"Flechettes","floor":25},{"not_picked":["Flying Knee","Tactician"],"picked":"Flechettes","floor":28},{"not_picked":["Acrobatics","Leg Sweep"],"picked":"PiercingWail","floor":29},{"not_picked":["Flying Knee","Skewer"],"picked":"Deflect","floor":30},{"not_picked":["Envenom+1","Concentrate"],"picked":"Slice","floor":31},{"not_picked":["Envenom+1","Doppelganger"],"picked":"Adrenaline","floor":33},{"not_picked":["Blade Dance","Backflip+1"],"picked":"Infinite Blades+1","floor":35},{"not_picked":["Blade Dance","Reflex","Acrobatics+1"],"picked":"SKIP","floor":38},{"not_picked":["Reflex+1","Dagger Spray","Dagger Throw"],"picked":"SKIP","floor":39},{"not_picked":["Cloak And Dagger","Concentrate"],"picked":"Calculated Gamble","floor":42},{"not_picked":["Slice","Deflect+1"],"picked":"PiercingWail+1","floor":46},{"not_picked":["Concentrate","Bane+1","Quick Slash"],"picked":"SKIP","floor":48},{"not_picked":["Underhanded Strike","Well Laid Plans+1"],"picked":"Deflect","floor":49}],"player_experience":2209360,"relics_obtained":[{"floor":6.0,"key":"Shuriken"},{"floor":9.0,"key":"Frozen Egg 2"},{"floor":24.0,"key":"Oddly Smooth Stone"},{"floor":26,"key":"PreservedInsect"},{"floor":31,"key":"War Paint"},{"floor":42,"key":"Thread and Needle"},{"floor":43,"key":"Pantograph"},{"floor":47,"key":"Pen Nib"},{"floor":48,"key":"The Courier"}],"event_choices":[{"damage_healed":0.0,"max_hp_gain":0.0,"max_hp_loss":0.0,"gold_gain":0.0,"event_name":"The Woman in Blue","player_choice":"Bought 2 Potions","floor":2.0,"gold_loss":0.0,"damage_taken":0.0},{"damage_healed":0.0,"max_hp_gain":0.0,"max_hp_loss":0.0,"gold_gain":0.0,"event_name":"The Cleric","player_choice":"Leave","floor":4.0,"gold_loss":0.0,"damage_taken":0.0},{"damage_healed":0.0,"max_hp_gain":0.0,"max_hp_loss":0.0,"gold_gain":0.0,"event_name":"Shining Light","player_choice":"Entered Light","floor":5.0,"gold_loss":0.0,"damage_taken":14.0,"cards_upgraded":["Defend_G","Defend_G"]},{"damage_healed":0.0,"max_hp_gain":0.0,"max_hp_loss":5.0,"gold_gain":0.0,"event_name":"Golden Idol","player_choice":"Lose Max HP","floor":13.0,"gold_loss":0.0,"damage_taken":0.0,"relics_obtained":["Golden Idol"]},{"damage_healed":0.0,"max_hp_gain":0.0,"max_hp_loss":0.0,"gold_gain":250.0,"event_name":"The Joust","player_choice":"Bet on Owner","floor":19.0,"gold_loss":50.0,"damage_taken":0.0},{"damage_healed":0,"gold_gain":0,"player_choice":"Ignored","damage_taken":0,"max_hp_gain":0,"max_hp_loss":0,"event_name":"Tomb of Lord Red Mask","floor":36,"gold_loss":0},{"damage_healed":0,"gold_gain":0,"player_choice":"Paid Gold","damage_taken":0,"relics_obtained":["Dream Catcher"],"max_hp_gain":0,"max_hp_loss":0,"event_name":"WeMeetAgain","floor":37,"gold_loss":102},{"damage_healed":0,"gold_gain":0,"player_choice":"Fight","damage_taken":0,"max_hp_gain":0,"max_hp_loss":0,"event_name":"MindBloom","floor":42,"gold_loss":0}],"is_beta":false,"boss_relics":[{"not_picked":["WristBlade","Ring of the Serpent"],"picked":"Runic Pyramid"},{"not_picked":["Coffee Dripper","Busted Crown"],"picked":"Astrolabe"}],"items_purged_floors":[],"is_endless":false,"potions_floor_spawned":[3,6,11,18,21,31,33,42,46,48],"ascension_level":13}