{"gold_per_floor":[110,121,138,138,138,138,163,163,163,193,210,210],"floor_reached":12,"playtime":321,"items_purged":[],"score":176,"play_id":"75d926c3-d65d-4f62-9899-7c954fd50948","local_time":"20181205210544","is_ascension_mode":true,"campfire_choices":[{"data":"Sunder","floor":6,"key":"SMITH"},{"data":"Zap","floor":8,"key":"SMITH"}],"neow_cost":"PERCENT_DAMAGE","seed_source_timestamp":195712690116699,"circlet_count":0,"master_deck":["AscendersBane","Strike_B","Strike_B","Strike_B","Strike_B","Defend_B","Defend_B","Defend_B","Defend_B","Zap+1","Dualcast","Mind Blast","Good Instincts","Sunder+1","Ball Lightning","All For One","Cold Snap","Cold Snap","Ball Lightning"],"relics":["Cracked Core","Frozen Egg 2","Bag of Preparation","Gremlin Horn","Bag of Marbles"],"potions_floor_usage":[7,7],"damage_taken":[{"damage":6,"enemies":"2 Louse","floor":1,"turns":3},{"damage":0,"enemies":"Small Slimes","floor":2,"turns":2},{"damage":1,"enemies":"Cultist","floor":3,"turns":3},{"damage":9,"enemies":"Gremlin Nob","floor":7,"turns":3},{"damage":28,"enemies":"Lagavulin","floor":10,"turns":7},{"damage":0,"enemies":"Lots of Slimes","floor":11,"turns":1},{"damage":14,"enemies":"Exordium Thugs","floor":12,"turns":1}],"seed_played":"-1327634452146832458","potions_obtained":[{"floor":1,"key":"Fire Potion"},{"floor":3,"key":"FearPotion"},{"floor":11,"key":"SpeedPotion"}],"is_trial":false,"path_per_floor":["M","M","M","?","?","R","E","R","T","E","M","M"],"character_chosen":"DEFECT","items_purchased":[],"campfire_rested":0,"item_purchase_floors":[],"current_hp_per_floor":[40,40,39,62,44,44,35,35,35,7,7,0],"gold":210,"neow_bonus":"RANDOM_COLORLESS_2","is_prod":false,"is_daily":false,"chose_seed":false,"campfire_upgraded":2,"win_rate":0,"timestamp":1544061944,"path_taken":["M","M","M","?","?","R","E","R","T","E","M","M"],"build_version":"2018-12-05","purchased_purges":0,"victory":false,"max_hp_per_floor":[71,71,71,71,71,71,71,71,71,71,71,71],"card_choices":[{"not_picked":["Streamline","Stack"],"picked":"Sunder","floor":1},{"not_picked":["Redo","FTL"],"picked":"Ball Lightning","floor":2},{"not_picked":["Leap","Scrape"],"picked":"All For One","floor":3},{"not_picked":["Stack","Chaos"],"picked":"Cold Snap","floor":7},{"not_picked":["Hello World+1","Ball Lightning"],"picked":"Cold Snap","floor":10},{"not_picked":["Cold Snap","FTL"],"picked":"Ball Lightning","floor":11}],"player_experience":1188291,"relics_obtained":[{"floor":7,"key":"Bag of Preparation"},{"floor":9,"key":"Gremlin Horn"},{"floor":10,"key":"Bag of Marbles"}],"event_choices":[{"damage_healed":23,"gold_gain":0,"player_choice":"Banana","damage_taken":0,"max_hp_gain":0,"max_hp_loss":0,"event_name":"Big Fish","floor":4,"gold_loss":0},{"damage_healed":0,"gold_gain":0,"player_choice":"Success","damage_taken":18,"relics_obtained":["Frozen Egg 2"],"max_hp_gain":0,"max_hp_loss":0,"event_name":"Scrap Ooze","floor":5,"gold_loss":0}],"is_beta":true,"boss_relics":[],"items_purged_floors":[],"is_endless":false,"potions_floor_spawned":[1,3,11],"killed_by":"Exordium Thugs","ascension_level":20}