{"path_per_floor":["M","?","?","$","?","E","M","R","T","?","M","R","M","E","R","B",null,"M","$","?","M","$","E","R","E","T","M","E","R","M","M","R"],"character_chosen":"IRONCLAD","items_purchased":["Spot Weakness","Pommel Strike+1","Vajra","Lantern"],"gold_per_floor":[116,189,264,183,133,159,169,169,169,169,187,187,204,233,233,334,334,346,5,5,18,18,53,53,79,151,169,196,196,206,219,219,219],"floor_reached":33,"campfire_rested":3,"playtime":29590,"item_purchase_floors":[],"current_hp_per_floor":[80,80,69,69,69,30,32,58,58,40,47,74,83,78,78,19,78,80,80,80,73,73,46,76,49,49,50,68,68,72,72,72,0],"items_purged":[],"gold":219,"score":457,"play_id":"bddb7fe3-1799-4ab6-b3f2-cb31924ff2d9","local_time":"20180611063030","is_prod":false,"is_daily":false,"chose_seed":false,"is_ascension_mode":true,"campfire_upgraded":3,"win_rate":0,"timestamp":1528691430,"campfire_choices":[{"floor":8.0,"key":"REST"},{"floor":12.0,"key":"REST"},{"data":"Flame Barrier","floor":15.0,"key":"SMITH"},{"floor":24.0,"key":"REST"},{"data":"Bash","floor":29,"key":"SMITH"},{"data":"Heavy Blade","floor":32,"key":"SMITH"}],"path_taken":["M","?","?","$","?","E","M","R","T","?","?","R","M","E","R","BOSS","M","$","?","M","?","E","R","E","T","M","E","R","M","M","R","BOSS"],"build_version":"2018-06-07v3","seed_source_timestamp":0,"purchased_purges":0,"victory":false,"master_deck":["Strike_R+1","Strike_R","Strike_R","Strike_R+1","Defend_R","Defend_R","Defend_R","Defend_R","Bash+1","Feed","Iron Wave","Spot Weakness","Flame Barrier+1","Heavy Blade+1","Headbutt","Warcry","Reaper","Rage","Bludgeon+1","Spot Weakness","Pommel Strike+1","True Grit+1","Whirlwind+1","Headbutt+1","Warcry"],"max_hp_per_floor":[83,83,83,83,83,86,89,89,89,89,92,92,95,95,95,98,98,98,98,98,98,98,101,101,104,104,107,109,109,111,116,116,116],"relics":["Burning Blood","Shuriken","Dream Catcher","Molten Egg 2","Busted Crown","Vajra","Lantern","Bottled Lightning","Singing Bowl","Ornamental Fan","Bottled Flame"],"card_choices":[{"not_picked":["Body Slam","Wild Strike"],"picked":"Iron Wave","floor":1.0},{"not_picked":["Fire Breathing","Rupture"],"picked":"Flame Barrier","floor":6.0},{"not_picked":["Flex","Rampage"],"picked":"Heavy Blade","floor":7.0},{"not_picked":["Clothesline","Flex"],"picked":"Headbutt","floor":11.0},{"not_picked":["Perfected Strike","Clothesline"],"picked":"Warcry","floor":12.0},{"not_picked":["Heavy Blade","Carnage"],"picked":"Reaper","floor":13.0},{"not_picked":["Metallicize","Feel No Pain"],"picked":"Rage","floor":14.0},{"not_picked":["Immolate+1","Feed+1"],"picked":"Bludgeon+1","floor":16.0},{"not_picked":[],"picked":"Spot Weakness","floor":18.0},{"not_picked":[],"picked":"True Grit+1","floor":21.0},{"not_picked":["Whirlwind+1"],"picked":"SKIP","floor":23.0},{"not_picked":[],"picked":"Whirlwind+1","floor":23.0},{"not_picked":[],"picked":"Headbutt+1","floor":24.0},{"not_picked":[],"picked":"Warcry","floor":25.0},{"not_picked":["Body Slam+1"],"picked":"SKIP","floor":27},{"not_picked":["Spot Weakness"],"picked":"Singing Bowl","floor":28},{"not_picked":["Combust"],"picked":"Singing Bowl","floor":30},{"not_picked":["Clothesline+1"],"picked":"Singing Bowl","floor":31}],"player_experience":626045,"potions_floor_usage":[28,28,30],"damage_taken":[{"damage":1.0,"enemies":"Cultist","floor":1.0,"turns":3.0},{"damage":48.0,"enemies":"Gremlin Nob","floor":6.0,"turns":5.0},{"damage":7.0,"enemies":"Small Slimes","floor":7.0,"turns":4.0},{"damage":2.0,"enemies":"2 Louse","floor":11.0,"turns":2.0},{"damage":0.0,"enemies":"2 Fungi Beasts","floor":13.0,"turns":3.0},{"damage":23.0,"enemies":"3 Sentries","floor":14.0,"turns":6.0},{"damage":92.0,"enemies":"Slime Boss","floor":16.0,"turns":15.0},{"damage":4.0,"enemies":"Spheric Guardian","floor":18.0,"turns":4.0},{"damage":13.0,"enemies":"2 Thieves","floor":21.0,"turns":3.0},{"damage":36.0,"enemies":"Book of Stabbing","floor":23.0,"turns":5.0},{"damage":47.0,"enemies":"Slavers","floor":25.0,"turns":4.0},{"damage":24,"enemies":"Centurion and Healer","floor":27,"turns":4},{"damage":37,"enemies":"Gremlin Leader","floor":28,"turns":6},{"damage":4,"enemies":"Snecko","floor":30,"turns":3},{"damage":11,"enemies":"Chosen and Byrds","floor":31,"turns":3},{"damage":78,"enemies":"Collector","floor":33,"turns":6}],"relics_obtained":[{"floor":6.0,"key":"Shuriken"},{"floor":9.0,"key":"Dream Catcher"},{"floor":14.0,"key":"Molten Egg 2"},{"floor":23.0,"key":"Bottled Lightning"},{"floor":25.0,"key":"Singing Bowl"},{"floor":26.0,"key":"Ornamental Fan"},{"floor":28,"key":"Bottled Flame"}],"event_choices":[{"event_name":"Golden Wing","player_choice":"Gained Gold","floor":2.0,"damage_taken":0.0},{"event_name":"World of Goop","player_choice":"Gather Gold","floor":3.0,"damage_taken":0.0},{"event_name":"The Cleric","player_choice":"Card Removal","floor":5.0,"damage_taken":0.0},{"event_name":"Shining Light","player_choice":"Entered Light","floor":10.0,"damage_taken":0.0},{"event_name":"The Lab","player_choice":"Got Potions","floor":20.0,"damage_taken":0.0}],"boss_relics":[{"not_picked":["Black Star","Calling Bell"],"picked":"Busted Crown"}],"items_purged_floors":[],"potions_floor_spawned":[7,11,14,18,25,27],"seed_played":"867610584045166637","killed_by":"Collector","ascension_level":6,"potions_obtained":[{"floor":7.0,"key":"BloodPotion"},{"floor":11.0,"key":"AttackPotion"},{"floor":14.0,"key":"BloodPotion"},{"floor":18.0,"key":"SpeedPotion"},{"floor":25.0,"key":"Swift Potion"}],"is_trial":false}