{"gold_per_floor":[110,130,142,112,35,35,45,74,74,87,120,137,137,137,137,209,209,219,238,288,10,10,41,41,72,72,172,186,186,198,233,233,233],"floor_reached":33,"playtime":1680,"items_purged":[],"score":730,"play_id":"6cfd79ae-57a6-412e-8a0d-50d135f175c6","local_time":"20181212123838","is_ascension_mode":true,"campfire_choices":[{"data":"Crippling Poison","floor":6.0,"key":"SMITH"},{"floor":13.0,"key":"REST"},{"floor":15.0,"key":"REST"},{"data":"Noxious Fumes","floor":24.0,"key":"SMITH"},{"data":"Ghostly","floor":29.0,"key":"SMITH"},{"data":"Ghostly","floor":32,"key":"SMITH"}],"neow_cost":"PERCENT_DAMAGE","seed_source_timestamp":365895659259168,"circlet_count":0,"master_deck":["AscendersBane","Defend_G","Defend_G","Defend_G","Defend_G","Defend_G","Strike_G","Strike_G","Strike_G","Strike_G","Survivor","Neutralize","Crippling Poison+1","Dagger Spray","Noxious Fumes+1","Backstab","Deadly Poison","Well Laid Plans","Caltrops","Deflect","Corpse Explosion","Leg Sweep","Backflip","Ghostly","Ghostly+1","Ghostly+1","Die Die Die","Crippling Poison","Dodge and Roll","Dodge and Roll+1","Backstab","Catalyst"],"special_seed":0,"relics":["Ring of the Snake","Ninja Scroll","Kunai","Sundial","Runic Dome","Sling","Blood Vial","Orichalcum","Oddly Smooth Stone","StoneCalendar","Question Card","Tough Bandages"],"potions_floor_usage":[31,31,33],"damage_taken":[{"damage":10.0,"enemies":"Jaw Worm","floor":1.0,"turns":7.0},{"damage":8.0,"enemies":"Cultist","floor":2.0,"turns":5.0},{"damage":3.0,"enemies":"2 Louse","floor":3.0,"turns":4.0},{"damage":3.0,"enemies":"Looter","floor":7.0,"turns":4.0},{"damage":22.0,"enemies":"Gremlin Nob","floor":8.0,"turns":4.0},{"damage":0.0,"enemies":"2 Fungi Beasts","floor":10.0,"turns":3.0},{"damage":0.0,"enemies":"Lagavulin","floor":11.0,"turns":5.0},{"damage":1.0,"enemies":"Blue Slaver","floor":12.0,"turns":4.0},{"damage":38.0,"enemies":"Slime Boss","floor":16.0,"turns":12.0},{"damage":1.0,"enemies":"2 Thieves","floor":18.0,"turns":2.0},{"damage":4.0,"enemies":"Spheric Guardian","floor":19.0,"turns":5.0},{"damage":6.0,"enemies":"Gremlin Leader","floor":23.0,"turns":6.0},{"damage":0.0,"enemies":"Book of Stabbing","floor":25.0,"turns":5.0},{"damage":3.0,"enemies":"Colosseum Slavers","floor":27.0,"turns":3.0},{"damage":11.0,"enemies":"Colosseum Nobs","floor":27.0,"turns":3.0},{"damage":0.0,"enemies":"Cultist and Chosen","floor":28.0,"turns":5.0},{"damage":0.0,"enemies":"Shelled Parasite and Fungi","floor":30.0,"turns":7.0},{"damage":12,"enemies":"Gremlin Leader","floor":31,"turns":6},{"damage":30,"enemies":"Automaton","floor":33,"turns":10}],"seed_played":"-1705597602854360161","potions_obtained":[{"floor":1.0,"key":"GamblersBrew"},{"floor":4.0,"key":"GamblersBrew"},{"floor":8.0,"key":"EssenceOfSteel"},{"floor":10.0,"key":"Swift Potion"},{"floor":12.0,"key":"Block Potion"},{"floor":18.0,"key":"EssenceOfSteel"},{"floor":25.0,"key":"EssenceOfSteel"},{"floor":27.0,"key":"SteroidPotion"},{"floor":31,"key":"EssenceOfSteel"}],"is_trial":false,"path_per_floor":["M","M","M","?","$","R","M","E","T","M","E","M","R","?","R","B",null,"M","M","?","$","?","E","R","E","T","?","M","R","M","E","R","B"],"character_chosen":"THE_SILENT","items_purchased":["Backstab","Sling","SteroidPotion"],"campfire_rested":2,"item_purchase_floors":[5,21,21],"current_hp_per_floor":[46,38,35,35,35,35,32,10,10,10,10,9,32,25,48,10,61,60,56,56,56,39,33,33,35,35,25,27,27,29,19,19,0],"gold":233,"neow_bonus":"TWENTY_PERCENT_HP_BONUS","is_prod":false,"is_daily":false,"chose_seed":false,"campfire_upgraded":4,"win_rate":0,"timestamp":1544636318,"path_taken":["M","M","M","?","?","R","M","E","T","M","E","M","R","?","R","BOSS","M","M","?","$","?","E","R","E","T","?","M","R","M","E","R","BOSS"],"build_version":"2018-12-10","purchased_purges":0,"victory":false,"max_hp_per_floor":[78,78,78,78,78,78,78,78,78,78,78,78,78,78,78,78,78,78,78,78,78,39,39,39,39,39,39,39,39,39,39,39,39],"card_choices":[{"not_picked":["Acrobatics","Blur"],"picked":"Crippling Poison","floor":1.0},{"not_picked":["Cloak And Dagger","Well Laid Plans"],"picked":"Dagger Spray","floor":2.0},{"not_picked":["Blur","Sucker Punch"],"picked":"Noxious Fumes","floor":3.0},{"not_picked":["Flying Knee","Sucker Punch","Storm of Steel"],"picked":"SKIP","floor":7.0},{"not_picked":["Dagger Spray","Phantasmal Killer"],"picked":"Deadly Poison","floor":8.0},{"not_picked":["Escape Plan","Flying Knee"],"picked":"Well Laid Plans","floor":10.0},{"not_picked":["Riddle With Holes","Backflip"],"picked":"Caltrops","floor":11.0},{"not_picked":["Accuracy","Heel Hook"],"picked":"Deflect","floor":12.0},{"not_picked":["Grand Finale","Malaise"],"picked":"Corpse Explosion","floor":16.0},{"not_picked":["PiercingWail","Accuracy"],"picked":"Leg Sweep","floor":18.0},{"not_picked":["Skewer","Outmaneuver"],"picked":"Backflip","floor":19.0},{"not_picked":["Cloak And Dagger","Poisoned Stab"],"picked":"Die Die Die","floor":23.0},{"not_picked":["Slice","Accuracy"],"picked":"Crippling Poison","floor":25.0},{"not_picked":["Deadly Poison","Poisoned Stab"],"picked":"Dodge and Roll","floor":27.0},{"not_picked":["Distraction","Poisoned Stab","Calculated Gamble"],"picked":"Dodge and Roll+1","floor":28.0},{"not_picked":["Blur","Setup","Bane"],"picked":"Backstab","floor":30.0},{"not_picked":["Flechettes","Bouncing Flask","Acrobatics"],"picked":"Catalyst","floor":31}],"player_experience":1214806,"relics_obtained":[{"floor":8.0,"key":"Ninja Scroll"},{"floor":9.0,"key":"Kunai"},{"floor":11.0,"key":"Sundial"},{"floor":23.0,"key":"Blood Vial"},{"floor":25.0,"key":"Orichalcum"},{"floor":26.0,"key":"Oddly Smooth Stone"},{"floor":27.0,"key":"StoneCalendar"},{"floor":27.0,"key":"Question Card"},{"floor":31,"key":"Tough Bandages"}],"event_choices":[{"damage_healed":0.0,"max_hp_gain":0.0,"max_hp_loss":0.0,"gold_gain":0.0,"event_name":"The Woman in Blue","player_choice":"Bought 2 Potions","floor":4.0,"gold_loss":0.0,"damage_taken":0.0},{"cards_removed":["Strike_G"],"damage_healed":0.0,"max_hp_gain":0.0,"max_hp_loss":0.0,"gold_gain":0.0,"event_name":"Golden Wing","player_choice":"Card Removal","floor":14.0,"gold_loss":0.0,"damage_taken":7.0},{"damage_healed":0.0,"max_hp_gain":0.0,"max_hp_loss":0.0,"gold_gain":50.0,"event_name":"Nest","player_choice":"Stole From Cult","floor":20.0,"gold_loss":0.0,"damage_taken":0.0},{"damage_healed":0.0,"max_hp_gain":0.0,"max_hp_loss":39.0,"gold_gain":0.0,"event_name":"Ghosts","player_choice":"Became a Ghost","floor":22.0,"gold_loss":0.0,"damage_taken":0.0,"cards_obtained":["Ghostly","Ghostly","Ghostly"]},{"damage_healed":0.0,"max_hp_gain":0.0,"max_hp_loss":0.0,"gold_gain":0.0,"event_name":"Colosseum","player_choice":"Fight","floor":27.0,"gold_loss":0.0,"damage_taken":0.0},{"damage_healed":0.0,"max_hp_gain":0.0,"max_hp_loss":0.0,"gold_gain":0.0,"event_name":"Colosseum","player_choice":"Fought Nobs","floor":27.0,"gold_loss":0.0,"damage_taken":0.0}],"is_beta":true,"boss_relics":[{"not_picked":["Ring of the Serpent","White Beast Statue"],"picked":"Runic Dome"}],"items_purged_floors":[],"is_endless":false,"potions_floor_spawned":[1,8,10,12,18,25,27,27,30,31],"killed_by":"Automaton","ascension_level":20}