{"gold_per_floor":[114,133,133,151,8,35,35,35,35,35,35,35],"floor_reached":12,"playtime":253,"items_purged":[],"score":144,"play_id":"9a11aace-3864-4708-a928-7c65e8298031","local_time":"20190217175336","is_ascension_mode":true,"campfire_choices":[{"floor":7,"key":"REST"}],"neow_cost":"NONE","seed_source_timestamp":15112182042935920,"circlet_count":0,"master_deck":["AscendersBane","Strike_R","Strike_R","Strike_R","Strike_R","Strike_R","Defend_R","Defend_R","Defend_R","Defend_R","Bash","Seeing Red","Headbutt","Power Through","Havoc","Feel No Pain","True Grit","Warcry","Parasite"],"relics":["Burning Blood","NeowsBlessing","Blue Candle","Bottled Flame"],"potions_floor_usage":[6],"damage_taken":[{"damage":0,"enemies":"Small Slimes","floor":1,"turns":1},{"damage":0,"enemies":"Jaw Worm","floor":2,"turns":1},{"damage":0,"enemies":"Cultist","floor":4,"turns":1},{"damage":63,"enemies":"Lagavulin","floor":6,"turns":11},{"damage":71,"enemies":"Gremlin Nob","floor":12,"turns":5}],"seed_played":"-6195130855975290278","potions_obtained":[{"floor":1,"key":"SkillPotion"}],"is_trial":false,"path_per_floor":["M","M","$","M","$","E","R","?","T","$","?","?"],"character_chosen":"IRONCLAD","items_purchased":["Havoc","Feel No Pain","True Grit"],"campfire_rested":1,"item_purchase_floors":[5,5,5],"current_hp_per_floor":[74,75,75,75,75,18,40,58,58,58,58,0],"gold":35,"neow_bonus":"THREE_ENEMY_KILL","is_prod":false,"is_daily":false,"chose_seed":false,"campfire_upgraded":0,"win_rate":0,"timestamp":1550422416,"path_taken":["M","M","$","M","$","E","R","?","T","?","?","?"],"build_version":"2019-01-23","purchased_purges":0,"victory":false,"max_hp_per_floor":[75,75,75,75,75,75,75,75,75,75,75,75],"card_choices":[{"not_picked":["Reckless Charge","Perfected Strike"],"picked":"Seeing Red","floor":1},{"not_picked":["Perfected Strike","Clothesline"],"picked":"Headbutt","floor":2},{"not_picked":["Wild Strike","Headbutt"],"picked":"Power Through","floor":4},{"not_picked":["Clothesline","Anger"],"picked":"Warcry","floor":6}],"player_experience":409121,"relics_obtained":[{"floor":6,"key":"Blue Candle"},{"floor":9,"key":"Bottled Flame"}],"event_choices":[{"damage_healed":18,"gold_gain":0,"player_choice":"Healed and dodged fight","damage_taken":0,"max_hp_gain":0,"max_hp_loss":0,"event_name":"Mushrooms","floor":8,"gold_loss":0,"cards_obtained":["Parasite"]},{"damage_healed":0,"gold_gain":0,"player_choice":"Ignored","damage_taken":0,"max_hp_gain":0,"max_hp_loss":0,"event_name":"Shining Light","floor":11,"gold_loss":0},{"damage_healed":0,"gold_gain":0,"player_choice":"Searched \u00271\u0027 times","damage_taken":0,"max_hp_gain":0,"max_hp_loss":0,"event_name":"Dead Adventurer","floor":12,"gold_loss":0}],"is_beta":false,"boss_relics":[],"items_purged_floors":[],"is_endless":false,"potions_floor_spawned":[1],"killed_by":"Gremlin Nob","ascension_level":18}