{"gold_per_floor":[131,143,169,201,231,243,280,292,351,383,395,433,405,433,445,562,574,586],"floor_reached":18,"playtime":681,"items_purged":[],"score":232,"play_id":"78fa7381-fa7b-4dd1-a4ed-56c8bc441a4a","local_time":"20180726200130","is_ascension_mode":true,"campfire_choices":[{"data":"Carnage","floor":6,"key":"SMITH"},{"data":"Brutality","floor":8,"key":"SMITH"},{"floor":15,"key":"REST"}],"neow_cost":"NONE","seed_source_timestamp":873933516579494,"circlet_count":0,"master_deck":["Strike_R+1","Strike_R","Strike_R+1","Strike_R","Strike_R","Defend_R","Defend_R","Defend_R","Defend_R","Bash","Carnage+1","Warcry","Brutality+1","Headbutt","Rupture+1","True Grit","Normality","Disarm","Armaments","Barricade+1"],"relics":["Burning Blood","MawBank","Frozen Egg 2","Blood Vial","Lantern","Vajra","Runic Pyramid"],"potions_floor_usage":[7,7,12,12,14,14,16,16,16,16,16,16],"damage_taken":[{"damage":5,"enemies":"Small Slimes","floor":1,"turns":3},{"damage":9,"enemies":"Jaw Worm","floor":3,"turns":3},{"damage":0,"enemies":"2 Louse","floor":4,"turns":2},{"damage":13,"enemies":"Red Slaver","floor":5,"turns":3},{"damage":18,"enemies":"Lagavulin","floor":7,"turns":4},{"damage":19,"enemies":"Gremlin Gang","floor":10,"turns":5},{"damage":27,"enemies":"3 Sentries","floor":12,"turns":6},{"damage":10,"enemies":"2 Fungi Beasts","floor":14,"turns":3},{"damage":41,"enemies":"The Guardian","floor":16,"turns":10},{"damage":26,"enemies":"3 Byrds","floor":18,"turns":5}],"seed_played":"-4907057406311643907","potions_obtained":[{"floor":1,"key":"SteroidPotion"},{"floor":4,"key":"LiquidBronze"},{"floor":5,"key":"Regen Potion"},{"floor":10,"key":"BloodPotion"},{"floor":13,"key":"EntropicBrew"},{"floor":13,"key":"EssenceOfSteel"},{"floor":13,"key":"EntropicBrew"},{"floor":16,"key":"Weak Potion"}],"is_trial":false,"path_per_floor":["M","?","M","M","M","R","E","R","T","M","?","E","?","M","R","B",null],"character_chosen":"IRONCLAD","items_purchased":[],"campfire_rested":1,"item_purchase_floors":[],"current_hp_per_floor":[73,57,54,60,53,53,53,53,53,42,42,31,31,29,53,20,65,41],"gold":586,"neow_bonus":"RANDOM_COMMON_RELIC","is_prod":false,"is_daily":false,"chose_seed":false,"campfire_upgraded":2,"win_rate":0,"timestamp":1532628090,"path_taken":["M","?","M","M","M","R","E","R","T","M","?","E","?","?","R","BOSS","M"],"build_version":"2018-07-19v2","purchased_purges":0,"victory":false,"max_hp_per_floor":[80,80,80,80,80,80,80,80,80,80,80,80,80,80,80,80,80,80],"card_choices":[{"not_picked":["Twin Strike","Shrug It Off"],"picked":"Carnage","floor":1},{"not_picked":["Intimidate","Corruption"],"picked":"Warcry","floor":3},{"not_picked":["Searing Blow","Havoc"],"picked":"Brutality","floor":4},{"not_picked":["Iron Wave","Warcry"],"picked":"Headbutt","floor":5},{"not_picked":["Cleave","True Grit"],"picked":"Rupture","floor":7},{"not_picked":["Body Slam","Twin Strike"],"picked":"True Grit","floor":10},{"not_picked":["Rage","Dual Wield"],"picked":"Disarm","floor":12},{"not_picked":["True Grit","Warcry"],"picked":"Armaments","floor":14},{"not_picked":["Offering","Limit Break"],"picked":"Barricade+1","floor":16}],"player_experience":843862,"relics_obtained":[{"floor":7,"key":"Frozen Egg 2"},{"floor":9,"key":"Blood Vial"},{"floor":12,"key":"Vajra"}],"event_choices":[{"event_name":"Shining Light","player_choice":"Entered Light","floor":2,"damage_taken":0},{"event_name":"Accursed Blacksmith","player_choice":"Rummage","floor":11,"damage_taken":0},{"event_name":"The Woman in Blue","player_choice":"Bought 3 Potions","floor":13,"damage_taken":0}],"is_beta":false,"boss_relics":[{"not_picked":["Ectoplasm","Empty Cage"],"picked":"Runic Pyramid"}],"items_purged_floors":[],"is_endless":false,"potions_floor_spawned":[1,4,5,10,16],"killed_by":"3 Byrds","ascension_level":7}