{"path_per_floor":["M","?","?","?","M","E","R","E","T","M","M","R","M","?","R"],"character_chosen":"IRONCLAD","items_purchased":[],"gold_per_floor":[113,113,113,188,203,247,247,278,304,329,350,350,364,539,539,539],"floor_reached":16,"campfire_rested":2,"playtime":552,"item_purchase_floors":[],"current_hp_per_floor":[74,74,67,56,61,26,50,12,12,19,25,50,53,53,53,17],"items_purged":[],"gold":539,"score":143,"play_id":"5ca450f0-5aea-4209-85f5-5c805f60fb97","local_time":"20180602231804","is_prod":false,"is_daily":false,"chose_seed":false,"is_ascension_mode":true,"campfire_upgraded":0,"win_rate":0,"timestamp":1527974284,"campfire_choices":[{"floor":7,"key":"REST"},{"floor":12,"key":"REST"},{"floor":15,"key":"DIG"}],"path_taken":["M","?","?","?","M","E","R","E","T","M","M","R","?","?","R","BOSS"],"build_version":"2018-05-31","seed_source_timestamp":15261342691850,"purchased_purges":0,"victory":false,"master_deck":["Strike_R","Strike_R","Strike_R","Strike_R","Strike_R","Defend_R","Defend_R","Defend_R","Defend_R","Bash","Pommel Strike","Injury","Pummel","Spot Weakness","Perfected Strike","Bludgeon","Shockwave","Shrug It Off","Doubt"],"max_hp_per_floor":[80,80,80,80,80,80,80,80,80,80,85,85,85,85,85,85],"relics":["Burning Blood","Golden Idol","Blood Vial","Shovel","Self Forming Clay","Anchor","Pen Nib"],"card_choices":[{"not_picked":["Clash","Combust"],"picked":"Pommel Strike","floor":1},{"not_picked":["Rupture","Warcry"],"picked":"Pummel","floor":5},{"not_picked":["Thunderclap","Flex"],"picked":"Spot Weakness","floor":6},{"not_picked":["Dropkick","Anger"],"picked":"Perfected Strike","floor":8},{"not_picked":["Feel No Pain","Bloodletting"],"picked":"Bludgeon","floor":10},{"not_picked":["Battle Trance","Corruption"],"picked":"Shockwave","floor":11},{"not_picked":["Body Slam","Flex"],"picked":"Shrug It Off","floor":13}],"player_experience":543836,"potions_floor_usage":[6,11,11],"damage_taken":[{"damage":4,"enemies":"2 Louse","floor":1,"turns":3},{"damage":3,"enemies":"Small Slimes","floor":5,"turns":4},{"damage":43,"enemies":"3 Sentries","floor":6,"turns":12},{"damage":46,"enemies":"Gremlin Nob","floor":8,"turns":5},{"damage":1,"enemies":"Cultist","floor":10,"turns":3},{"damage":7,"enemies":"Large Slime","floor":11,"turns":4},{"damage":5,"enemies":"2 Fungi Beasts","floor":13,"turns":3},{"damage":38,"enemies":"Slime Boss","floor":16,"turns":5}],"relics_obtained":[{"floor":6,"key":"Shovel"},{"floor":8,"key":"Self Forming Clay"},{"floor":9,"key":"Anchor"},{"floor":15,"key":"Pen Nib"}],"event_choices":[{"event_name":"Golden Idol","player_choice":"Take Wound","floor":2,"damage_taken":0},{"event_name":"Scrap Ooze","player_choice":"success","floor":3,"damage_taken":7},{"event_name":"World of Goop","player_choice":"Gather Gold","floor":4,"damage_taken":0},{"event_name":"Liars Game","player_choice":"agreed","floor":14,"damage_taken":0}],"boss_relics":[],"items_purged_floors":[],"potions_floor_spawned":[5,8,10],"seed_played":"-636101538806243002","killed_by":"Slime Boss","ascension_level":6,"potions_obtained":[{"floor":5,"key":"Block Potion"},{"floor":8,"key":"Fruit Juice"},{"floor":10,"key":"FearPotion"}],"is_trial":false}