{"gold_per_floor":[111,186,361,18,18,18,18,18,18,18,32,59,72,102,102,203,203,216,216,24,24],"floor_reached":21,"playtime":694,"items_purged":["Doubt"],"score":322,"play_id":"a4f078db-afde-4af5-b798-e3d788f10b21","local_time":"20190116174822","is_ascension_mode":true,"campfire_choices":[{"data":"Bash","floor":6.0,"key":"SMITH"},{"data":"Clash","floor":8.0,"key":"SMITH"},{"data":"Carnage","floor":15.0,"key":"SMITH"}],"neow_cost":"NONE","seed_source_timestamp":0,"circlet_count":0,"master_deck":["AscendersBane","Strike_R","Strike_R","Strike_R","Strike_R","Strike_R","Defend_R","Defend_R","Defend_R","Defend_R","Bash+1","Clash+1","Cleave+1","Shrug It Off","Headbutt","Sentinel","Carnage+1","Offering","Iron Wave+1"],"special_seed":0,"relics":["Burning Blood","NeowsBlessing","Mercury Hourglass","Juzu Bracelet","Orichalcum","Kunai","Black Star","MealTicket"],"potions_floor_usage":[],"damage_taken":[{"damage":0.0,"enemies":"2 Louse","floor":1.0,"turns":1.0},{"damage":0.0,"enemies":"Jaw Worm","floor":11.0,"turns":1.0},{"damage":0.0,"enemies":"Lagavulin","floor":12.0,"turns":1.0},{"damage":0.0,"enemies":"Small Slimes","floor":13.0,"turns":1.0},{"damage":3.0,"enemies":"Gremlin Nob","floor":14.0,"turns":3.0},{"damage":50.0,"enemies":"Hexaghost","floor":16.0,"turns":8.0},{"damage":26,"enemies":"2 Thieves","floor":18,"turns":4},{"damage":0,"enemies":"Masked Bandits","floor":21,"turns":1}],"seed_played":"4482999394339365637","potions_obtained":[{"floor":12.0,"key":"SkillPotion"},{"floor":14.0,"key":"Fire Potion"},{"floor":16.0,"key":"Fire Potion"}],"is_trial":false,"path_per_floor":["M","?","?","$","?","R","?","R","T","$","M","E","M","E","R","B",null,"M","?","$","?"],"character_chosen":"IRONCLAD","items_purchased":["Cleave","Mercury Hourglass","MealTicket"],"campfire_rested":0,"item_purchase_floors":[4,4,20],"current_hp_per_floor":[78,67,67,67,67,67,67,67,67,67,73,79,80,80,80,36,69,49,49,49,49],"gold":24,"neow_bonus":"THREE_ENEMY_KILL","is_prod":false,"is_daily":false,"chose_seed":false,"campfire_upgraded":3,"win_rate":0,"timestamp":1547657302,"path_taken":["M","?","?","$","?","R","?","R","T","$","M","E","M","E","R","BOSS","M","?","$","?"],"build_version":"2019-01-10","purchased_purges":1,"victory":false,"max_hp_per_floor":[80,80,80,80,80,80,80,80,80,80,80,80,80,80,80,80,80,80,80,80,80],"card_choices":[{"not_picked":["Sword Boomerang","Iron Wave"],"picked":"Clash","floor":1.0},{"not_picked":["Uppercut","Havoc"],"picked":"Shrug It Off","floor":11.0},{"not_picked":["Feel No Pain","Sword Boomerang"],"picked":"Headbutt","floor":12.0},{"not_picked":["Wild Strike","Inflame"],"picked":"Sentinel","floor":13.0},{"not_picked":["Warcry","Sword Boomerang"],"picked":"Carnage","floor":14.0},{"not_picked":["Fiend Fire","Brutality"],"picked":"Offering","floor":16.0},{"not_picked":["Body Slam","Battle Trance"],"picked":"Iron Wave+1","floor":18}],"player_experience":1946528,"relics_obtained":[{"floor":9.0,"key":"Juzu Bracelet"},{"floor":12.0,"key":"Orichalcum"},{"floor":14.0,"key":"Kunai"}],"event_choices":[{"damage_healed":0.0,"max_hp_gain":0.0,"max_hp_loss":0.0,"gold_gain":75.0,"event_name":"World of Goop","player_choice":"Gather Gold","floor":2.0,"gold_loss":0.0,"damage_taken":11.0},{"damage_healed":0.0,"max_hp_gain":0.0,"max_hp_loss":0.0,"gold_gain":175.0,"event_name":"Liars Game","player_choice":"AGREE","floor":3.0,"gold_loss":0.0,"damage_taken":0.0,"cards_obtained":["Doubt"]},{"damage_healed":0.0,"max_hp_gain":0.0,"max_hp_loss":0.0,"gold_gain":0.0,"event_name":"The Cleric","player_choice":"Leave","floor":5.0,"gold_loss":0.0,"damage_taken":0.0},{"damage_healed":0.0,"max_hp_gain":0.0,"max_hp_loss":0.0,"gold_gain":0.0,"event_name":"Living Wall","player_choice":"Grow","floor":7.0,"gold_loss":0.0,"damage_taken":0.0,"cards_upgraded":["Cleave"]},{"damage_healed":0,"gold_gain":0,"player_choice":"Ignored","damage_taken":0,"max_hp_gain":0,"max_hp_loss":0,"event_name":"Ghosts","floor":19,"gold_loss":0},{"damage_healed":0,"gold_gain":0,"player_choice":"Fought Bandits","damage_taken":0,"max_hp_gain":0,"max_hp_loss":0,"event_name":"Masked Bandits","floor":21,"gold_loss":0}],"is_beta":false,"boss_relics":[{"not_picked":["Black Blood","Cursed Key"],"picked":"Black Star"}],"items_purged_floors":[4],"is_endless":false,"potions_floor_spawned":[12,14,16],"killed_by":"Masked Bandits","ascension_level":11}