{"gold_per_floor":[117,130,130,130,130,159,159,187,210,228,254,274,274,274,274,400,400,415,269,269,290,305,348,364,364,364,364,377,377,392,392],"floor_reached":31,"playtime":4993,"items_purged":[],"score":465,"play_id":"fb1b291c-07d7-4461-a507-b6c88317f1cd","local_time":"20181204191447","is_ascension_mode":true,"campfire_choices":[{"data":"Poisoned Stab","floor":7.0,"key":"SMITH"},{"floor":13,"key":"REST"},{"data":"Distraction","floor":15,"key":"SMITH"},{"floor":25,"key":"REST"}],"neow_cost":"NONE","seed_source_timestamp":105404190246509,"circlet_count":0,"master_deck":["AscendersBane","Defend_G","Defend_G","Defend_G+1","Defend_G+1","Defend_G+1","Strike_G","Strike_G","Strike_G","Strike_G+1","Survivor","Neutralize","Deadly Poison+1","Poisoned Stab+1","Bane+1","Distraction+1","Bane","Backflip","Glass Knife","Bane","Deflect+1","Dodge and Roll+1","Deadly Poison+1","Pain","Escape Plan"],"special_seed":0,"relics":["Ring of the Serpent","NeowsBlessing","Boot","War Paint","Centennial Puzzle","Whetstone","Ice Cream","Golden Idol","Vajra","MutagenicStrength","Matryoshka","Letter Opener","Ancient Tea Set","Blue Candle","WarpedTongs"],"potions_floor_usage":[16,23,23],"damage_taken":[{"damage":0.0,"enemies":"2 Louse","floor":1.0,"turns":1.0},{"damage":0.0,"enemies":"Small Slimes","floor":2.0,"turns":1.0},{"damage":0.0,"enemies":"3 Sentries","floor":6.0,"turns":2.0},{"damage":3.0,"enemies":"Gremlin Nob","floor":8.0,"turns":4.0},{"damage":0,"enemies":"Jaw Worm","floor":10,"turns":3},{"damage":8,"enemies":"Lagavulin","floor":11,"turns":5},{"damage":0,"enemies":"2 Fungi Beasts","floor":12,"turns":4},{"damage":3,"enemies":"Hexaghost","floor":16,"turns":8},{"damage":10,"enemies":"2 Thieves","floor":18,"turns":4},{"damage":0,"enemies":"Chosen","floor":21,"turns":3},{"damage":3,"enemies":"Shelled Parasite and Fungi","floor":22,"turns":5},{"damage":22,"enemies":"Gremlin Leader","floor":23,"turns":6},{"damage":13,"enemies":"Snake Plant","floor":24,"turns":3},{"damage":4,"enemies":"3 Cultists","floor":28,"turns":5},{"damage":14,"enemies":"Centurion and Healer","floor":30,"turns":5},{"damage":0,"enemies":"Slavers","floor":31,"turns":1}],"seed_played":"-276345867147192550","potions_obtained":[{"floor":2.0,"key":"LiquidBronze"},{"floor":6.0,"key":"GhostInAJar"},{"floor":8,"key":"GhostInAJar"},{"floor":16,"key":"GhostInAJar"},{"floor":18,"key":"Swift Potion"}],"is_trial":false,"path_per_floor":["M","M","?","?","?","E","R","E","E","T","M","E","M","R","?","R","B",null,"M","$","?","M","M","E","M","R","T","?","M","?","M","E"],"character_chosen":"THE_SILENT","items_purchased":["Vajra"],"campfire_rested":2,"item_purchase_floors":[19],"current_hp_per_floor":[63,63,60,46,39,39,39,36,36,36,28,28,49,49,49,46,60,50,50,50,50,47,25,12,31,31,31,27,27,13,13],"gold":392,"neow_bonus":"THREE_ENEMY_KILL","is_prod":false,"is_daily":false,"chose_seed":false,"campfire_upgraded":2,"win_rate":0,"timestamp":1543947287,"path_taken":["M","M","?","?","?","E","R","E","T","M","E","M","R","?","R","BOSS","M","$","?","M","M","E","M","R","T","?","?","?","M","E"],"build_version":"2018-11-15","purchased_purges":0,"victory":false,"max_hp_per_floor":[70,70,70,70,70,70,70,70,70,70,70,70,70,65,65,65,65,65,65,65,65,65,65,65,65,65,65,65,65,65,65],"card_choices":[{"not_picked":["Underhanded Strike","Terror"],"picked":"Deadly Poison","floor":1.0},{"not_picked":["Dagger Throw","Deadly Poison"],"picked":"Poisoned Stab","floor":2.0},{"not_picked":["Acrobatics","Noxious Fumes"],"picked":"Bane","floor":6.0},{"not_picked":["Tactician","Expertise"],"picked":"Distraction","floor":8},{"not_picked":["PiercingWail","Slice"],"picked":"Bane","floor":10},{"not_picked":["Quick Slash","Dagger Spray"],"picked":"Backflip","floor":11},{"not_picked":["Slice","Blade Dance","Quick Slash"],"picked":"SKIP","floor":12},{"not_picked":["Unload","Night Terror"],"picked":"Glass Knife","floor":16},{"not_picked":["Reflex","PiercingWail"],"picked":"Bane","floor":18},{"not_picked":["Slice+1","Well Laid Plans"],"picked":"Deflect+1","floor":21},{"not_picked":["Infinite Blades","Blade Dance"],"picked":"Dodge and Roll+1","floor":22},{"not_picked":["Dagger Spray","Predator"],"picked":"Dodge and Roll+1","floor":23},{"not_picked":["Grand Finale","Sucker Punch","Slice"],"picked":"SKIP","floor":24},{"not_picked":["Underhanded Strike","Acrobatics"],"picked":"Deadly Poison+1","floor":28},{"not_picked":["Accuracy","Dash+1"],"picked":"Escape Plan","floor":30}],"player_experience":1651370,"relics_obtained":[{"floor":6.0,"key":"War Paint"},{"floor":8,"key":"Centennial Puzzle"},{"floor":9,"key":"Whetstone"},{"floor":11,"key":"Ice Cream"},{"floor":23,"key":"Matryoshka"},{"floor":26,"key":"Letter Opener"},{"floor":26,"key":"Ancient Tea Set"}],"event_choices":[{"damage_healed":0.0,"max_hp_gain":0.0,"max_hp_loss":0.0,"gold_gain":0.0,"event_name":"Scrap Ooze","player_choice":"Success","floor":3.0,"gold_loss":0.0,"damage_taken":3.0,"relics_obtained":["Boot"]},{"damage_healed":0.0,"max_hp_gain":0.0,"max_hp_loss":0.0,"gold_gain":0.0,"event_name":"Shining Light","player_choice":"Entered Light","floor":4.0,"gold_loss":0.0,"damage_taken":14.0,"cards_upgraded":["Defend_G","Deadly Poison"]},{"cards_removed":["Strike_G"],"damage_healed":0.0,"max_hp_gain":0.0,"max_hp_loss":0.0,"gold_gain":0.0,"event_name":"Golden Wing","player_choice":"Card Removal","floor":5.0,"gold_loss":0.0,"damage_taken":7.0},{"damage_healed":0,"gold_gain":0,"player_choice":"Lose Max HP","damage_taken":0,"relics_obtained":["Golden Idol"],"max_hp_gain":0,"max_hp_loss":5,"event_name":"Golden Idol","floor":14,"gold_loss":0},{"damage_healed":0,"gold_gain":0,"player_choice":"Inject Mutagens","damage_taken":0,"relics_obtained":["MutagenicStrength"],"max_hp_gain":0,"max_hp_loss":0,"event_name":"Drug Dealer","floor":20,"gold_loss":0},{"cards_removed":["Dodge and Roll"],"damage_healed":0,"gold_gain":0,"player_choice":"Gave Card","damage_taken":0,"relics_obtained":["Blue Candle"],"max_hp_gain":0,"max_hp_loss":0,"event_name":"WeMeetAgain","floor":27,"gold_loss":0},{"damage_healed":0,"gold_gain":0,"player_choice":"Rummage","damage_taken":0,"relics_obtained":["WarpedTongs"],"max_hp_gain":0,"max_hp_loss":0,"event_name":"Accursed Blacksmith","floor":29,"gold_loss":0,"cards_obtained":["Pain"]}],"is_beta":false,"boss_relics":[{"not_picked":["Busted Crown","Fusion Hammer"],"picked":"Ring of the Serpent"}],"items_purged_floors":[],"is_endless":false,"potions_floor_spawned":[2,6,8,16,18,21],"killed_by":"Slavers","ascension_level":11}