{"gold_per_floor":[117,117,167,179,179,204,204,221,268,418,418,444,281,281,281,281],"floor_reached":16,"playtime":333,"items_purged":["Doubt"],"score":249,"play_id":"37e67570-4ea5-4f3e-976b-b2b30c0ed870","local_time":"20190217125224","is_ascension_mode":true,"campfire_choices":[{"data":"Sentinel","floor":7,"key":"SMITH"},{"data":"Cleave","floor":11,"key":"SMITH"},{"floor":15,"key":"REST"}],"neow_cost":"NONE","seed_source_timestamp":15094029670444393,"circlet_count":0,"master_deck":["AscendersBane","Strike_R","Strike_R","Strike_R","Strike_R","Strike_R","Defend_R","Defend_R","Defend_R","Defend_R","Bash","Cleave+1","Shrug It Off","Sentinel+1","Reckless Charge","Spot Weakness","Corruption"],"relics":["Burning Blood","NeowsBlessing","Centennial Puzzle","Bag of Preparation","Anchor","Strawberry","Girya"],"potions_floor_usage":[12,16],"damage_taken":[{"damage":0,"enemies":"Small Slimes","floor":1,"turns":1},{"damage":0,"enemies":"2 Louse","floor":4,"turns":1},{"damage":0,"enemies":"Lagavulin","floor":6,"turns":2},{"damage":1,"enemies":"Cultist","floor":8,"turns":3},{"damage":32,"enemies":"Gremlin Nob","floor":12,"turns":4},{"damage":70,"enemies":"Slime Boss","floor":16,"turns":8}],"seed_played":"-8615797774821303714","potions_obtained":[{"floor":8,"key":"Fire Potion"},{"floor":12,"key":"Swift Potion"}],"is_trial":false,"path_per_floor":["M","?","?","M","?","E","R","M","T","?","R","E","$","T","R","B"],"character_chosen":"IRONCLAD","items_purchased":["Corruption"],"campfire_rested":1,"item_purchase_floors":[13],"current_hp_per_floor":[74,48,48,54,54,60,60,65,65,65,65,46,46,46,70,0],"gold":281,"neow_bonus":"THREE_ENEMY_KILL","is_prod":false,"is_daily":false,"chose_seed":false,"campfire_upgraded":2,"win_rate":0,"timestamp":1550404344,"path_taken":["M","?","?","?","?","E","R","M","T","?","R","E","$","?","R","BOSS"],"build_version":"2019-01-23","purchased_purges":1,"victory":false,"max_hp_per_floor":[75,75,75,75,75,75,75,75,75,75,75,82,82,82,82,82],"card_choices":[{"not_picked":["Flex","Twin Strike"],"picked":"Cleave","floor":1},{"not_picked":["Pommel Strike","Reckless Charge"],"picked":"Shrug It Off","floor":4},{"not_picked":["Exhume","Fire Breathing"],"picked":"Sentinel","floor":6},{"not_picked":["Combust","Anger"],"picked":"Reckless Charge","floor":8},{"not_picked":["Pommel Strike","Heavy Blade"],"picked":"Spot Weakness","floor":12}],"player_experience":401426,"relics_obtained":[{"floor":6,"key":"Bag of Preparation"},{"floor":9,"key":"Anchor"},{"floor":12,"key":"Strawberry"},{"floor":14,"key":"Girya"}],"event_choices":[{"damage_healed":0,"gold_gain":0,"player_choice":"Success","damage_taken":26,"relics_obtained":["Centennial Puzzle"],"max_hp_gain":0,"max_hp_loss":0,"event_name":"Scrap Ooze","floor":2,"gold_loss":0},{"damage_healed":0,"gold_gain":50,"player_choice":"Pray","damage_taken":0,"max_hp_gain":0,"max_hp_loss":0,"event_name":"Golden Shrine","floor":3,"gold_loss":0},{"damage_healed":0,"gold_gain":0,"player_choice":"Ignored","damage_taken":0,"max_hp_gain":0,"max_hp_loss":0,"event_name":"Shining Light","floor":5,"gold_loss":0},{"damage_healed":0,"gold_gain":150,"player_choice":"AGREE","damage_taken":0,"max_hp_gain":0,"max_hp_loss":0,"event_name":"Liars Game","floor":10,"gold_loss":0,"cards_obtained":["Doubt"]}],"is_beta":false,"boss_relics":[],"items_purged_floors":[13],"is_endless":false,"potions_floor_spawned":[8,12],"killed_by":"Slime Boss","ascension_level":18}