{"gold_per_floor":[119,119,9,88,108,108,140,156,236,236,236,236,236,33,33,112,112,131,131,146,158,174,174,185,185,185,185,204,58,68,82,82,156,156,175,50,62,62,62,62,62,62,86,186,199,199,209,209,209,209],"floor_reached":50,"playtime":2975,"items_purged":["Strike_R","Strike_R","Strike_R"],"score":805,"play_id":"8db6173a-dc41-44a6-8071-6a86a72b3509","local_time":"20190126123043","is_ascension_mode":true,"campfire_choices":[{"data":"Feed","floor":6.0,"key":"SMITH"},{"data":"Iron Wave","floor":10.0,"key":"SMITH"},{"data":"Bash","floor":15.0,"key":"SMITH"},{"floor":23.0,"key":"REST"},{"floor":25.0,"key":"REST"},{"floor":32.0,"key":"REST"},{"floor":40.0,"key":"REST"},{"floor":46,"key":"REST"},{"floor":49,"key":"REST"}],"neow_cost":"PERCENT_DAMAGE","seed_source_timestamp":13188653579066310,"circlet_count":0,"master_deck":["AscendersBane","Strike_R","Strike_R","Defend_R","Defend_R+1","Bash+1","Feed+1","Iron Wave+1","Rampage","Reckless Charge+1","Shrug It Off","Iron Wave","Armaments","Body Slam+1","True Grit","Reaper","Writhe","Parasite","Dropkick"],"special_seed":0,"relics":["Burning Blood","Pear","Dodecahedron","Shuriken","Lee\u0027s Waffle","Runic Pyramid","Nunchaku","Eternal Feather","Dream Catcher","Ice Cream"],"potions_floor_usage":[45,50],"damage_taken":[{"damage":8.0,"enemies":"Jaw Worm","floor":1.0,"turns":4.0},{"damage":10.0,"enemies":"Cultist","floor":5.0,"turns":5.0},{"damage":40.0,"enemies":"3 Sentries","floor":7.0,"turns":10.0},{"damage":0.0,"enemies":"2 Louse","floor":8.0,"turns":2.0},{"damage":0.0,"enemies":"Looter","floor":13.0,"turns":1.0},{"damage":36.0,"enemies":"The Guardian","floor":16.0,"turns":7.0},{"damage":16.0,"enemies":"Spheric Guardian","floor":18.0,"turns":4.0},{"damage":44.0,"enemies":"Shell Parasite","floor":20.0,"turns":7.0},{"damage":31.0,"enemies":"3 Cultists","floor":21.0,"turns":7.0},{"damage":27.0,"enemies":"Chosen and Byrds","floor":22.0,"turns":6.0},{"damage":17.0,"enemies":"Centurion and Healer","floor":24.0,"turns":7.0},{"damage":2.0,"enemies":"Snecko","floor":28.0,"turns":6.0},{"damage":21.0,"enemies":"Cultist and Chosen","floor":30.0,"turns":7.0},{"damage":34.0,"enemies":"Chosen and Byrds","floor":31.0,"turns":7.0},{"damage":59.0,"enemies":"Automaton","floor":33.0,"turns":12.0},{"damage":49.0,"enemies":"3 Darklings","floor":35.0,"turns":7.0},{"damage":39.0,"enemies":"Orb Walker","floor":37.0,"turns":5.0},{"damage":0.0,"enemies":"Transient","floor":41.0,"turns":1.0},{"damage":66.0,"enemies":"Mind Bloom Boss Battle","floor":44.0,"turns":8.0},{"damage":64,"enemies":"Writhing Mass","floor":45,"turns":7},{"damage":70,"enemies":"Spire Growth","floor":47,"turns":8},{"damage":125,"enemies":"Donu and Deca","floor":50,"turns":6}],"seed_played":"-8230537386037796072","potions_obtained":[{"floor":1.0,"key":"Regen Potion"},{"floor":8.0,"key":"SmokeBomb"},{"floor":18.0,"key":"Swift Potion"},{"floor":21.0,"key":"EntropicBrew"},{"floor":24.0,"key":"Weak Potion"},{"floor":33.0,"key":"Weak Potion"},{"floor":35.0,"key":"SmokeBomb"},{"floor":47,"key":"SteroidPotion"}],"is_trial":false,"path_per_floor":["M","?","$","T","M","R","E","M","T","R","?","?","M","$","R","B",null,"M","?","M","M","M","R","M","R","T","?","M","$","M","M","R","B",null,"M","$","M","?","$","R","M","?","T","?","M","R","M","?","R","B"],"character_chosen":"IRONCLAD","items_purchased":["Rampage","Lee\u0027s Waffle","True Grit"],"campfire_rested":6,"item_purchase_floors":[3,14,29],"current_hp_per_floor":[51,51,51,61,60,60,45,55,55,55,35,35,41,106,106,76,99,93,93,59,38,21,57,50,87,87,87,95,95,84,60,101,48,116,89,89,66,103,103,146,146,146,146,93,46,100,44,44,99,0],"gold":209,"neow_bonus":"THREE_RARE_CARDS","is_prod":false,"is_daily":false,"chose_seed":false,"campfire_upgraded":3,"win_rate":0,"timestamp":1548502243,"path_taken":["M","?","$","?","M","R","E","M","T","R","?","?","M","?","R","BOSS","M","?","M","?","M","R","M","R","T","?","M","$","M","?","R","BOSS","M","$","M","?","$","R","M","?","T","?","M","R","M","?","R","BOSS"],"build_version":"2019-01-23","purchased_purges":3,"victory":false,"max_hp_per_floor":[78,78,78,88,91,91,95,99,99,99,99,99,99,106,106,106,106,110,110,114,118,122,122,126,126,126,126,130,130,134,138,138,138,138,142,142,146,146,146,146,146,146,146,146,150,150,154,154,154,154],"card_choices":[{"not_picked":["Immolate","Reaper"],"picked":"Feed","floor":0.0},{"not_picked":["Seeing Red","Uppercut"],"picked":"Iron Wave","floor":1.0},{"not_picked":["Cleave","Heavy Blade"],"picked":"Reckless Charge","floor":5.0},{"not_picked":["Clash","Uppercut"],"picked":"Shrug It Off","floor":7.0},{"not_picked":["Anger","Shrug It Off","Body Slam"],"picked":"SKIP","floor":8.0},{"not_picked":["Havoc","Rupture"],"picked":"Iron Wave","floor":18.0},{"not_picked":["Twin Strike","Pommel Strike+1"],"picked":"Body Slam","floor":20.0},{"not_picked":["Sword Boomerang","Anger","Perfected Strike"],"picked":"SKIP","floor":21.0},{"not_picked":["Body Slam","Sentinel","True Grit"],"picked":"SKIP","floor":22.0},{"not_picked":["Infernal Blade","Searing Blow","Pummel"],"picked":"SKIP","floor":24.0},{"not_picked":["Disarm","Hemokinesis","Perfected Strike"],"picked":"SKIP","floor":28.0},{"not_picked":["Demon Form","Pommel Strike","Combust"],"picked":"SKIP","floor":30.0},{"not_picked":["Shockwave+1","Bloodletting","Flex"],"picked":"SKIP","floor":31.0},{"not_picked":["Limit Break","Exhume"],"picked":"Reaper","floor":33.0},{"not_picked":["Warcry","Thunderclap+1","Iron Wave"],"picked":"SKIP","floor":35.0},{"not_picked":["Iron Wave","Burning Pact","Twin Strike"],"picked":"SKIP","floor":37.0},{"not_picked":["Twin Strike","Havoc+1","Anger"],"picked":"SKIP","floor":45},{"not_picked":["True Grit+1","Shrug It Off","Brutality"],"picked":"SKIP","floor":47},{"not_picked":["Anger","True Grit"],"picked":"Dropkick","floor":49}],"player_experience":336952,"relics_obtained":[{"floor":4.0,"key":"Pear"},{"floor":7.0,"key":"Dodecahedron"},{"floor":9.0,"key":"Shuriken"},{"floor":26.0,"key":"Nunchaku"},{"floor":43.0,"key":"Dream Catcher"},{"floor":44.0,"key":"Ice Cream"}],"event_choices":[{"cards_removed":["Defend_R"],"damage_healed":0.0,"max_hp_gain":0.0,"max_hp_loss":0.0,"gold_gain":0.0,"event_name":"Purifier","player_choice":"Purged","floor":2.0,"gold_loss":0.0,"damage_taken":0.0},{"damage_healed":0.0,"max_hp_gain":0.0,"max_hp_loss":0.0,"gold_gain":0.0,"event_name":"Shining Light","player_choice":"Entered Light","floor":11.0,"gold_loss":0.0,"damage_taken":20.0,"cards_upgraded":["Defend_R","Reckless Charge"]},{"damage_healed":0.0,"max_hp_gain":0.0,"max_hp_loss":0.0,"gold_gain":0.0,"event_name":"Liars Game","player_choice":"Ignored","floor":12.0,"gold_loss":0.0,"damage_taken":0.0},{"damage_healed":0.0,"max_hp_gain":0.0,"max_hp_loss":0.0,"gold_gain":0.0,"cards_transformed":["Defend_R"],"event_name":"Transmorgrifier","player_choice":"Transformed","floor":19.0,"gold_loss":0.0,"damage_taken":0.0,"cards_obtained":["Armaments"]},{"damage_healed":0.0,"max_hp_gain":0.0,"max_hp_loss":0.0,"gold_gain":0.0,"event_name":"Upgrade Shrine","player_choice":"Upgraded","floor":27.0,"gold_loss":0.0,"damage_taken":0.0,"cards_upgraded":["Body Slam"]},{"damage_healed":37.0,"max_hp_gain":0.0,"max_hp_loss":0.0,"gold_gain":0.0,"event_name":"Winding Halls","player_choice":"Writhe","floor":38.0,"gold_loss":0.0,"damage_taken":0.0,"cards_obtained":["Writhe"]},{"damage_healed":0.0,"max_hp_gain":0.0,"max_hp_loss":0.0,"gold_gain":0.0,"event_name":"Mysterious Sphere","player_choice":"Ignored","floor":42.0,"gold_loss":0.0,"damage_taken":0.0},{"damage_healed":0.0,"max_hp_gain":0.0,"max_hp_loss":0.0,"gold_gain":0.0,"event_name":"MindBloom","player_choice":"Fight","floor":44.0,"gold_loss":0.0,"damage_taken":0.0},{"damage_healed":0,"gold_gain":0,"player_choice":"0 cards matched","damage_taken":0,"max_hp_gain":0,"max_hp_loss":0,"event_name":"Match and Keep!","floor":48,"gold_loss":0,"cards_obtained":[]}],"is_beta":false,"boss_relics":[{"not_picked":["Tiny House","Fusion Hammer"],"picked":"Runic Pyramid"},{"not_picked":["Runic Dome","Calling Bell"],"picked":"Eternal Feather"}],"items_purged_floors":[3,29,36],"is_endless":false,"potions_floor_spawned":[1,8,18,21,24,33,35,37,41,47],"killed_by":"Donu and Deca","ascension_level":14}