{"gold_per_floor":[119,119,69,144,14,14,14,45,45,86,107,120,120,138,138,268,268,287,61,61,61,81,121,142,142,166,166,190,203,234,255,255,378,378,391,109,234,253,276,276,309,329,329,329,329,345,345,381,381,381],"floor_reached":51,"playtime":7718,"items_purged":["Strike_R"],"score":881,"play_id":"780f00c9-7c33-45ea-9fdc-9a17ff817705","local_time":"20181228181415","is_ascension_mode":true,"campfire_choices":[{"floor":6,"key":"REST"},{"floor":13,"key":"REST"},{"data":"Shockwave","floor":15,"key":"SMITH"},{"floor":25,"key":"REST"},{"data":"Reaper","floor":27,"key":"SMITH"},{"data":"Disarm","floor":32,"key":"SMITH"},{"data":"Limit Break","floor":40,"key":"SMITH"},{"floor":45,"key":"REST"},{"data":"Pommel Strike","floor":47,"key":"SMITH"},{"data":"Flex","floor":49,"key":"SMITH"}],"neow_cost":"NONE","seed_source_timestamp":246838925530352,"circlet_count":0,"master_deck":["Strike_R","Defend_R","Defend_R","Bash+1","Pommel Strike+1","Disarm+1","Anger","Injury","Cleave","Anger","Flex+1","Armaments+1","Shockwave+1","Dropkick","Reaper+1","Blood for Blood","Metallicize+1","Fire Breathing+1","Iron Wave+1","Iron Wave+1","Dropkick+1","Armaments+1","Inflame+1","Limit Break+1","Fiend Fire+1","Spot Weakness+1","Flex+1","Dropkick","Shockwave+1","Battle Trance","Headbutt+1","Parasite","Juggernaut+1"],"relics":["Burning Blood","Golden Idol","Frozen Egg 2","Nunchaku","Dream Catcher","Eternal Feather","Blood Vial","Nilry\u0027s Codex","Magic Flower","PreservedInsect","Gambling Chip","Astrolabe","HandDrill","Mango","Ancient Tea Set","Mummified Hand","Darkstone Periapt"],"potions_floor_usage":[16,23,50],"damage_taken":[{"damage":12,"enemies":"Jaw Worm","floor":1,"turns":3},{"damage":40,"enemies":"3 Sentries","floor":8,"turns":9},{"damage":32,"enemies":"Gremlin Nob","floor":10,"turns":5},{"damage":0,"enemies":"2 Louse","floor":11,"turns":2},{"damage":0,"enemies":"Small Slimes","floor":12,"turns":2},{"damage":0,"enemies":"2 Fungi Beasts","floor":14,"turns":2},{"damage":20,"enemies":"Slime Boss","floor":16,"turns":9},{"damage":8,"enemies":"3 Byrds","floor":18,"turns":5},{"damage":34,"enemies":"Spheric Guardian","floor":22,"turns":6},{"damage":20,"enemies":"Slavers","floor":23,"turns":5},{"damage":17,"enemies":"Shelled Parasite and Fungi","floor":24,"turns":5},{"damage":24,"enemies":"Cultist and Chosen","floor":28,"turns":7},{"damage":31,"enemies":"Centurion and Healer","floor":29,"turns":5},{"damage":17,"enemies":"Gremlin Leader","floor":30,"turns":5},{"damage":16,"enemies":"Snake Plant","floor":31,"turns":5},{"damage":62,"enemies":"Collector","floor":33,"turns":11},{"damage":49,"enemies":"3 Shapes","floor":35,"turns":12},{"damage":15,"enemies":"Mind Bloom Boss Battle","floor":37,"turns":7},{"damage":8,"enemies":"Orb Walker","floor":38,"turns":4},{"damage":25,"enemies":"Sphere and 2 Shapes","floor":39,"turns":5},{"damage":86,"enemies":"Reptomancer","floor":41,"turns":6},{"damage":47,"enemies":"Spire Growth","floor":42,"turns":5},{"damage":18,"enemies":"Writhing Mass","floor":46,"turns":3},{"damage":37,"enemies":"Nemesis","floor":48,"turns":5},{"damage":68,"enemies":"Awakened One","floor":50,"turns":7}],"seed_played":"-4999306394338600875","potions_obtained":[{"floor":10,"key":"AttackPotion"},{"floor":12,"key":"AttackPotion"},{"floor":14,"key":"BloodPotion"},{"floor":22,"key":"Weak Potion"},{"floor":23,"key":"Fire Potion"},{"floor":28,"key":"Energy Potion"}],"is_trial":false,"path_per_floor":["M","?","?","?","$","R","?","E","T","E","M","M","R","M","R","B",null,"M","$","?","?","M","E","M","R","T","R","M","M","E","M","R","B",null,"M","$","?","M","M","R","E","M","T","?","R","M","R","E","R","B",null],"character_chosen":"IRONCLAD","items_purchased":["Disarm","Anger","Blood Vial","Metallicize+1","HandDrill"],"campfire_rested":4,"item_purchase_floors":[5,5,19,19,36],"current_hp_per_floor":[74,67,67,56,56,80,80,46,46,20,26,32,56,62,62,48,72,79,79,63,63,37,25,34,70,70,80,73,65,72,68,80,80,80,57,57,94,94,85,94,59,24,24,24,70,64,82,81,94,35],"gold":381,"neow_bonus":"UPGRADE_CARD","is_prod":false,"is_daily":false,"chose_seed":false,"campfire_upgraded":6,"win_rate":0,"timestamp":1545988455,"path_taken":["M","?","?","?","$","R","?","E","T","E","?","M","R","M","R","BOSS","M","$","?","?","M","E","M","R","T","R","M","?","E","M","R","BOSS","M","$","?","M","M","R","E","M","T","?","R","M","R","E","R","BOSS"],"build_version":"2018-12-20","purchased_purges":1,"victory":true,"max_hp_per_floor":[80,80,80,80,80,80,80,80,80,80,80,80,80,80,80,80,80,80,80,80,80,80,80,80,80,80,80,80,80,80,80,80,80,80,80,80,94,94,94,94,94,94,94,94,94,94,94,94,94,94],"card_choices":[{"not_picked":["Heavy Blade","Warcry"],"picked":"Pommel Strike","floor":1},{"not_picked":["Twin Strike","Perfected Strike"],"picked":"Cleave","floor":8},{"not_picked":["Burning Pact","Headbutt"],"picked":"Anger","floor":10},{"not_picked":["Dropkick","Wild Strike"],"picked":"Flex","floor":11},{"not_picked":["Offering","Clothesline"],"picked":"Armaments","floor":12},{"not_picked":["Warcry","Dropkick"],"picked":"Shockwave","floor":13},{"not_picked":["Armaments","Body Slam"],"picked":"Dropkick","floor":14},{"not_picked":["Exhume","Offering"],"picked":"Reaper","floor":16},{"not_picked":["Wild Strike","Thunderclap"],"picked":"Blood for Blood","floor":18},{"not_picked":["Bloodletting","Perfected Strike","Anger"],"picked":"SKIP","floor":22},{"not_picked":["Battle Trance","Flex"],"picked":"Fire Breathing+1","floor":23},{"not_picked":["Rampage","Hemokinesis"],"picked":"Iron Wave+1","floor":24},{"not_picked":["Shrug It Off","Pommel Strike+1"],"picked":"Iron Wave+1","floor":25},{"not_picked":["Sentinel+1","Clash","Twin Strike"],"picked":"SKIP","floor":28},{"not_picked":["Body Slam+1","Wild Strike"],"picked":"Dropkick+1","floor":29},{"not_picked":["Shockwave","Heavy Blade"],"picked":"Armaments+1","floor":30},{"not_picked":["Carnage+1","Clothesline"],"picked":"Inflame+1","floor":31},{"not_picked":["Dark Embrace+1","Barricade+1"],"picked":"Limit Break","floor":33},{"not_picked":["True Grit+1","Twin Strike"],"picked":"Dropkick","floor":35},{"not_picked":["Twin Strike+1","Flex"],"picked":"Shockwave+1","floor":37},{"not_picked":["Armaments","Flame Barrier+1"],"picked":"Battle Trance","floor":38},{"not_picked":["Feel No Pain+1","Carnage","Sever Soul"],"picked":"SKIP","floor":39},{"not_picked":["Iron Wave","Bloodletting","Body Slam"],"picked":"SKIP","floor":41},{"not_picked":["Cleave+1","Hemokinesis+1"],"picked":"Whirlwind+1","floor":42},{"not_picked":["Perfected Strike+1","Clash"],"picked":"Headbutt+1","floor":45},{"not_picked":["Immolate","Twin Strike","Feel No Pain+1"],"picked":"SKIP","floor":46},{"not_picked":["Anger+1","Combust+1"],"picked":"Juggernaut+1","floor":48}],"player_experience":224643,"relics_obtained":[{"floor":8,"key":"Frozen Egg 2"},{"floor":9,"key":"Nunchaku"},{"floor":10,"key":"Dream Catcher"},{"floor":20,"key":"Nilry\u0027s Codex"},{"floor":23,"key":"Magic Flower"},{"floor":26,"key":"PreservedInsect"},{"floor":30,"key":"Gambling Chip"},{"floor":37,"key":"Mango"},{"floor":41,"key":"Ancient Tea Set"},{"floor":43,"key":"Mummified Hand"},{"floor":48,"key":"Darkstone Periapt"}],"event_choices":[{"cards_removed":["Strike_R"],"damage_healed":0,"gold_gain":0,"player_choice":"Card Removal","damage_taken":7,"max_hp_gain":0,"max_hp_loss":0,"event_name":"Golden Wing","floor":2,"gold_loss":0},{"cards_removed":["Strike_R"],"damage_healed":0,"gold_gain":0,"player_choice":"Card Removal","damage_taken":0,"max_hp_gain":0,"max_hp_loss":0,"event_name":"The Cleric","floor":3,"gold_loss":50},{"damage_healed":0,"gold_gain":75,"player_choice":"Gather Gold","damage_taken":11,"max_hp_gain":0,"max_hp_loss":0,"event_name":"World of Goop","floor":4,"gold_loss":0},{"damage_healed":0,"gold_gain":0,"player_choice":"Take Wound","damage_taken":0,"relics_obtained":["Golden Idol"],"max_hp_gain":0,"max_hp_loss":0,"event_name":"Golden Idol","floor":7,"gold_loss":0,"cards_obtained":["Injury"]},{"damage_healed":0,"gold_gain":0,"player_choice":"Obtained Book","damage_taken":16,"max_hp_gain":0,"max_hp_loss":0,"event_name":"Cursed Tome","floor":20,"gold_loss":0},{"damage_healed":0,"gold_gain":0,"player_choice":"Upgraded","damage_taken":0,"max_hp_gain":0,"max_hp_loss":0,"event_name":"Upgrade Shrine","floor":21,"gold_loss":0,"cards_upgraded":["Armaments"]},{"damage_healed":0,"gold_gain":0,"player_choice":"Fight","damage_taken":0,"max_hp_gain":0,"max_hp_loss":0,"event_name":"MindBloom","floor":37,"gold_loss":0},{"cards_removed":["Whirlwind"],"damage_healed":0,"gold_gain":0,"player_choice":"Removed Attack","damage_taken":0,"max_hp_gain":0,"max_hp_loss":0,"event_name":"Falling","floor":44,"gold_loss":0}],"is_beta":false,"boss_relics":[{"not_picked":["Runic Cube","Fusion Hammer"],"picked":"Eternal Feather"},{"not_picked":["Runic Dome","Philosopher\u0027s Stone"],"picked":"Astrolabe"}],"items_purged_floors":[36],"is_endless":false,"potions_floor_spawned":[10,12,14,22,23,28,31,37,39,48],"ascension_level":5}