{"gold_per_floor":[114,134,50,20,34,34,62,62,62,95,170,170],"floor_reached":12,"playtime":312,"items_purged":[],"score":133,"play_id":"64657e10-7dad-475f-aca2-d531cb6a3ecd","local_time":"20181218142014","is_ascension_mode":true,"campfire_choices":[{"data":"Choke","floor":6.0,"key":"SMITH"},{"floor":8.0,"key":"REST"}],"neow_cost":"NONE","seed_source_timestamp":0,"circlet_count":0,"master_deck":["AscendersBane","Defend_G","Defend_G","Defend_G","Defend_G","Defend_G","Strike_G","Strike_G","Strike_G","Strike_G","Strike_G","Survivor","Neutralize","Quick Slash","Dagger Throw","Dark Shackles","Choke+1","Unload","Backflip"],"special_seed":0,"relics":["Ring of the Snake","NeowsBlessing","Incense Burner","Pear","Centennial Puzzle"],"potions_floor_usage":[],"damage_taken":[{"damage":0.0,"enemies":"Cultist","floor":1.0,"turns":1.0},{"damage":0.0,"enemies":"Jaw Worm","floor":2.0,"turns":1.0},{"damage":0.0,"enemies":"2 Louse","floor":5.0,"turns":1.0},{"damage":27.0,"enemies":"3 Sentries","floor":7.0,"turns":7.0},{"damage":21.0,"enemies":"Lagavulin","floor":10.0,"turns":7.0},{"damage":0,"enemies":"3 Sentries","floor":12,"turns":1}],"seed_played":"5151199733567955048","potions_obtained":[{"floor":4.0,"key":"Swift Potion"},{"floor":4.0,"key":"FearPotion"},{"floor":5.0,"key":"LiquidBronze"},{"floor":10.0,"key":"SpeedPotion"}],"is_trial":false,"path_per_floor":["M","M","$","?","M","R","E","R","T","E","?","E"],"character_chosen":"THE_SILENT","items_purchased":["Dark Shackles"],"campfire_rested":1,"item_purchase_floors":[3],"current_hp_per_floor":[63,63,63,63,63,63,36,57,67,46,35,35],"gold":170,"neow_bonus":"THREE_ENEMY_KILL","is_prod":false,"is_daily":false,"chose_seed":false,"campfire_upgraded":1,"win_rate":0,"timestamp":1545139214,"path_taken":["M","M","?","?","?","R","E","R","T","E","?","E"],"build_version":"2018-12-13","purchased_purges":0,"victory":false,"max_hp_per_floor":[70,70,70,70,70,70,70,70,80,80,80,80],"card_choices":[{"not_picked":["Sucker Punch","Underhanded Strike"],"picked":"Quick Slash","floor":1.0},{"not_picked":["Blade Dance","Riddle With Holes"],"picked":"Dagger Throw","floor":2.0},{"not_picked":["Riddle With Holes","Catalyst"],"picked":"Choke","floor":5.0},{"not_picked":["Deadly Poison","Bane"],"picked":"Unload","floor":7.0},{"not_picked":["Predator","Masterful Stab"],"picked":"Backflip","floor":10.0}],"player_experience":1895981,"relics_obtained":[{"floor":7.0,"key":"Incense Burner"},{"floor":9.0,"key":"Pear"},{"floor":10.0,"key":"Centennial Puzzle"}],"event_choices":[{"damage_healed":0.0,"max_hp_gain":0.0,"max_hp_loss":0.0,"gold_gain":0.0,"event_name":"The Woman in Blue","player_choice":"Bought 2 Potions","floor":4.0,"gold_loss":0.0,"damage_taken":0.0},{"damage_healed":0.0,"max_hp_gain":0.0,"max_hp_loss":0.0,"gold_gain":75.0,"event_name":"World of Goop","player_choice":"Gather Gold","floor":11.0,"gold_loss":0.0,"damage_taken":11.0}],"is_beta":false,"boss_relics":[],"items_purged_floors":[],"is_endless":false,"potions_floor_spawned":[5,10],"killed_by":"3 Sentries","ascension_level":11}