{"gold_per_floor":[361,6,24,24,24,24,45,76,76,76,95,120,160,160,160,289,289,314,314,337,353,134,134,134],"floor_reached":24,"playtime":1538,"items_purged":["Defend_R"],"score":330,"play_id":"029b3a77-7e73-4bbb-aeb9-7e033fc20543","local_time":"20190121200503","is_ascension_mode":true,"campfire_choices":[{"floor":6,"key":"REST"},{"floor":10,"key":"REST"},{"floor":15,"key":"DIG"},{"data":"Iron Wave","floor":23,"key":"SMITH"}],"neow_cost":"TEN_PERCENT_HP_LOSS","seed_source_timestamp":12785982645274799,"circlet_count":0,"master_deck":["AscendersBane","Strike_R","Strike_R","Strike_R","Strike_R","Strike_R","Defend_R","Defend_R","Bash","Power Through","Shrug It Off","Fiend Fire","Metallicize","Demon Form","Ghostly Armor","Iron Wave+1"],"relics":["Black Blood","Membership Card","Singing Bowl","Golden Idol","Pocketwatch","Mercury Hourglass","Oddly Smooth Stone","Shovel","Mummified Hand","Enchiridion","Sling","Vajra"],"potions_floor_usage":[8,13],"damage_taken":[{"damage":10,"enemies":"Cultist","floor":1,"turns":4},{"damage":9,"enemies":"2 Louse","floor":3,"turns":3},{"damage":9,"enemies":"Small Slimes","floor":7,"turns":5},{"damage":44,"enemies":"3 Sentries","floor":8,"turns":14},{"damage":9,"enemies":"3 Louse","floor":11,"turns":3},{"damage":0,"enemies":"2 Fungi Beasts","floor":12,"turns":3},{"damage":9,"enemies":"Lagavulin","floor":13,"turns":6},{"damage":17,"enemies":"The Guardian","floor":16,"turns":11},{"damage":16,"enemies":"Shell Parasite","floor":18,"turns":7},{"damage":1,"enemies":"Spheric Guardian","floor":20,"turns":5},{"damage":24,"enemies":"Snake Plant","floor":21,"turns":4},{"damage":47,"enemies":"Slavers","floor":24,"turns":3}],"seed_played":"985079529650767101","potions_obtained":[{"floor":1,"key":"Dexterity Potion"},{"floor":3,"key":"GamblersBrew"},{"floor":12,"key":"FearPotion"},{"floor":18,"key":"SpeedPotion"},{"floor":21,"key":"PowerPotion"}],"is_trial":false,"path_per_floor":["M","$","M","?","?","R","M","E","T","R","M","M","E","?","R","B",null,"M","?","M","M","$","R","E"],"character_chosen":"IRONCLAD","items_purchased":["Membership Card","Singing Bowl","Shrug It Off","Sling","Vajra"],"campfire_rested":2,"item_purchase_floors":[2,2,2,22,22],"current_hp_per_floor":[68,68,67,67,49,71,70,32,32,54,53,59,56,53,53,44,71,65,49,58,46,46,46,0],"gold":134,"neow_bonus":"TWO_FIFTY_GOLD","is_prod":false,"is_daily":false,"chose_seed":false,"campfire_upgraded":1,"win_rate":0,"timestamp":1548097503,"path_taken":["M","$","M","?","?","R","M","E","T","R","M","M","E","?","R","BOSS","M","?","M","M","$","R","E"],"build_version":"2019-01-17v2","purchased_purges":1,"victory":false,"max_hp_per_floor":[72,72,74,74,74,74,76,76,76,76,78,78,78,78,78,80,80,80,80,80,82,82,82,82],"card_choices":[{"not_picked":["Anger","Pommel Strike"],"picked":"Power Through","floor":1},{"not_picked":["Clothesline","Perfected Strike","Shockwave"],"picked":"Singing Bowl","floor":3},{"not_picked":["Sword Boomerang","Flame Barrier","Uppercut"],"picked":"Singing Bowl","floor":7},{"not_picked":["Perfected Strike","Spot Weakness"],"picked":"Fiend Fire","floor":8},{"not_picked":["Bloodletting","Headbutt","Corruption"],"picked":"Singing Bowl","floor":11},{"not_picked":["Bloodletting","Seeing Red"],"picked":"Metallicize","floor":12},{"not_picked":["Anger","Iron Wave"],"picked":"Demon Form","floor":13},{"not_picked":["Exhume","Juggernaut","Bludgeon"],"picked":"Singing Bowl","floor":16},{"not_picked":["Warcry","Pommel Strike"],"picked":"Ghostly Armor","floor":18},{"not_picked":["True Grit","Berserk"],"picked":"Iron Wave","floor":20},{"not_picked":["Armaments","Warcry","Wild Strike"],"picked":"Singing Bowl","floor":21}],"player_experience":287921,"relics_obtained":[{"floor":8,"key":"Pocketwatch"},{"floor":9,"key":"Mercury Hourglass"},{"floor":13,"key":"Oddly Smooth Stone"},{"floor":15,"key":"Mummified Hand"},{"floor":19,"key":"Enchiridion"}],"event_choices":[{"cards_removed":["Defend_R"],"damage_healed":0,"gold_gain":0,"player_choice":"Forget","damage_taken":0,"max_hp_gain":0,"max_hp_loss":0,"event_name":"Living Wall","floor":4,"gold_loss":0},{"damage_healed":0,"gold_gain":0,"player_choice":"Take Damage","damage_taken":18,"relics_obtained":["Golden Idol"],"max_hp_gain":0,"max_hp_loss":0,"event_name":"Golden Idol","floor":5,"gold_loss":0},{"damage_healed":0,"gold_gain":0,"player_choice":"Success","damage_taken":3,"relics_obtained":["Shovel"],"max_hp_gain":0,"max_hp_loss":0,"event_name":"Scrap Ooze","floor":14,"gold_loss":0},{"damage_healed":0,"gold_gain":0,"player_choice":"Obtained Book","damage_taken":16,"max_hp_gain":0,"max_hp_loss":0,"event_name":"Cursed Tome","floor":19,"gold_loss":0}],"is_beta":false,"boss_relics":[{"not_picked":["White Beast Statue","Ectoplasm"],"picked":"Black Blood"}],"items_purged_floors":[22],"is_endless":false,"potions_floor_spawned":[1,3,12,18,21],"killed_by":"Slavers","ascension_level":12}