{"path_per_floor":["M","?","M","M","?","R","E","M","T","E","M","$","T","M","R","B",null,"M","M","M","?","M","R","M","M","T","?","E","M","R","M","R","B",null,"M","$","?","?","M","E","R","M","T","M","M","M","E","$","R","B"],"character_chosen":"THE_SILENT","items_purchased":["Panache","Bag of Marbles","Regen Potion","Dexterity Potion","Fire Potion","Weak Potion"],"gold_per_floor":[119,119,134,151,151,151,184,202,202,233,249,174,174,192,192,288,288,307,325,343,443,457,457,472,482,482,397,430,448,448,462,462,566,596,612,134,134,134,151,183,183,200,200,216,232,251,279,47,47,47],"floor_reached":51,"campfire_rested":1,"playtime":2753,"current_hp_per_floor":[62,55,55,55,55,55,58,49,49,12,6,6,6,6,27,23,70,70,70,70,70,69,69,65,63,63,63,57,57,57,61,61,60,75,75,75,75,75,74,69,69,66,66,62,64,56,63,63,63,49],"items_purged":["Strike_G","Injury","Strike_G"],"gold":47,"score":840,"play_id":"8e01aed2-fa5b-4155-abb4-84cc638d2c7f","local_time":"20180508125827","is_prod":false,"is_daily":false,"chose_seed":false,"is_ascension_mode":true,"campfire_upgraded":3,"timestamp":1525777107,"path_taken":["M","?","M","?","?","R","E","?","T","E","M","?","?","M","R","BOSS","M","M","M","?","?","R","M","M","T","?","E","M","R","?","R","BOSS","M","$","?","?","M","E","R","M","T","M","M","M","E","$","R","BOSS"],"build_version":"2018-05-03","seed_source_timestamp":0,"purchased_purges":3,"victory":true,"master_deck":["Defend_G","Defend_G+1","Defend_G","Defend_G+1","Strike_G","Strike_G","Strike_G+1","Survivor","Neutralize","Cloak And Dagger+1","Masterful Stab+1","Dagger Throw","Infinite Blades+1","Dagger Spray+1","Backstab+1","Cloak And Dagger+1","Storm of Steel+1","Footwork","All Out Attack+1","Flying Knee+1","Backflip+1","Malaise+1","Cloak And Dagger+1","Night Terror+1","Escape Plan+1","Accuracy+1","Panache+1","Cloak And Dagger+1","Acrobatics+1","Distraction+1","Well Laid Plans+1","Acrobatics+1","PiercingWail+1","PiercingWail+1","Terror+1"],"max_hp_per_floor":[70,70,70,70,70,70,70,70,70,70,70,70,70,70,70,70,70,70,70,70,70,70,70,70,70,70,70,70,70,70,70,70,70,75,75,75,75,75,75,75,75,75,75,75,75,75,75,75,75,75],"relics":["Ring of the Snake","Oddly Smooth Stone","Omamori","Orichalcum","Toxic Egg 2","Vajra","Calling Bell","War Paint","Mercury Hourglass","Girya","Toolbox","Blood Vial","Bird Faced Urn","Tiny House","Bag of Marbles","Whetstone","The Courier","Centennial Puzzle"],"card_choices":[{"not_picked":["Outmaneuver","Sucker Punch"],"picked":"Cloak And Dagger","floor":1.0},{"not_picked":["Deflect","Backflip"],"picked":"Masterful Stab","floor":4.0},{"not_picked":["Outmaneuver","Corpse Explosion"],"picked":"Dagger Throw","floor":7.0},{"not_picked":["Slice","Calculated Gamble"],"picked":"Infinite Blades","floor":8.0},{"not_picked":["Riddle With Holes","Heel Hook"],"picked":"Dagger Spray","floor":10.0},{"not_picked":["Caltrops","Backflip"],"picked":"Backstab","floor":11.0},{"not_picked":["Concentrate","Deflect"],"picked":"Cloak And Dagger","floor":14.0},{"not_picked":["After Image","Venomology"],"picked":"Storm of Steel","floor":16.0},{"not_picked":["Acrobatics","Finisher"],"picked":"Footwork","floor":18},{"not_picked":["Outmaneuver","PiercingWail"],"picked":"All Out Attack","floor":19},{"not_picked":["Dagger Spray","Dash"],"picked":"Flying Knee","floor":20},{"not_picked":["Underhanded Strike","Unload"],"picked":"Backflip","floor":22},{"not_picked":["Caltrops","Catalyst"],"picked":"Malaise","floor":25},{"not_picked":["Accuracy","Predator"],"picked":"Cloak And Dagger","floor":31},{"not_picked":["Grand Finale","Wraith Form v2"],"picked":"Night Terror","floor":33},{"not_picked":["Outmaneuver","Poisoned Stab"],"picked":"Escape Plan","floor":34},{"not_picked":["Acrobatics","Quick Slash"],"picked":"Accuracy","floor":35},{"not_picked":["Well Laid Plans","Riddle With Holes"],"picked":"Acrobatics","floor":39},{"not_picked":["Outmaneuver","Underhanded Strike"],"picked":"Distraction","floor":40},{"not_picked":["Dagger Spray","Catalyst"],"picked":"Well Laid Plans","floor":42},{"not_picked":["Flechettes","Outmaneuver"],"picked":"Acrobatics","floor":44},{"not_picked":["A Thousand Cuts","Choke"],"picked":"PiercingWail","floor":45},{"not_picked":["Deadly Poison","Blur"],"picked":"PiercingWail","floor":46},{"not_picked":["Backflip","Crippling Poison"],"picked":"Terror","floor":47}],"player_experience":409724,"potions_floor_usage":[22,25,25,28,33,39,42,44,46,47,47,50,50],"damage_taken":[{"damage":8.0,"enemies":"Jaw Worm","floor":1.0,"turns":6.0},{"damage":0.0,"enemies":"2 Louse","floor":3.0,"turns":2.0},{"damage":0.0,"enemies":"Cultist","floor":4.0,"turns":4.0},{"damage":12.0,"enemies":"3 Sentries","floor":7.0,"turns":7.0},{"damage":9.0,"enemies":"2 Fungi Beasts","floor":8.0,"turns":3.0},{"damage":37.0,"enemies":"Gremlin Nob","floor":10.0,"turns":5.0},{"damage":6.0,"enemies":"3 Louse","floor":11.0,"turns":4.0},{"damage":0.0,"enemies":"Exordium Thugs","floor":14.0,"turns":3.0},{"damage":4.0,"enemies":"Hexaghost","floor":16.0,"turns":8.0},{"damage":0,"enemies":"3 Byrds","floor":18,"turns":3},{"damage":0,"enemies":"Spheric Guardian","floor":19,"turns":3},{"damage":0,"enemies":"Chosen and Byrds","floor":20,"turns":5},{"damage":1,"enemies":"Cultist and Chosen","floor":22,"turns":3},{"damage":4,"enemies":"3 Cultists","floor":24,"turns":4},{"damage":2,"enemies":"Snake Plant","floor":25,"turns":4},{"damage":8,"enemies":"Slavers","floor":28,"turns":4},{"damage":8,"enemies":"Snecko","floor":29,"turns":4},{"damage":0,"enemies":"Centurion and Healer","floor":31,"turns":4},{"damage":7,"enemies":"Collector","floor":33,"turns":6},{"damage":0,"enemies":"Orb Walker","floor":35,"turns":1},{"damage":1,"enemies":"3 Darklings","floor":39,"turns":2},{"damage":10,"enemies":"2 Orb Walkers","floor":40,"turns":5},{"damage":7,"enemies":"Sphere and 2 Shapes","floor":42,"turns":3},{"damage":8,"enemies":"4 Shapes","floor":44,"turns":2},{"damage":0,"enemies":"3 Darklings","floor":45,"turns":2},{"damage":20,"enemies":"Maw","floor":46,"turns":5},{"damage":22,"enemies":"Giant Head","floor":47,"turns":6},{"damage":26,"enemies":"Time Eater","floor":50,"turns":8}],"event_choices":[{"event_name":"Golden Wing","player_choice":"Card Removal","floor":2.0,"damage_taken":0.0},{"event_name":"Living Wall","player_choice":"Grow","floor":5.0,"damage_taken":0.0},{"event_name":"Golden Shrine","player_choice":"Pray","floor":21,"damage_taken":0},{"event_name":"Addict","player_choice":"Obtained Relic","floor":27,"damage_taken":0},{"event_name":"Accursed Blacksmith","player_choice":"Forge","floor":37,"damage_taken":0},{"event_name":"Duplicator","player_choice":"One dupe","floor":38,"damage_taken":0}],"boss_relics":[{"not_picked":["White Beast Statue","Orrery"],"picked":"Calling Bell"},{"not_picked":["Velvet Choker","Philosopher\u0027s Stone"],"picked":"Tiny House"}],"potions_floor_spawned":[3,4,10,16,20,24,25,31,33,40,42,45],"seed_played":"7207499352582128791","ascension_level":2,"is_trial":false}