{"gold_per_floor":[112,187,199,55,85,118,76,102,114,155,167,204,216,260,272,389,401,424,456,487,499,530,542,554,566,624,648,677,689,716,588,588,692,692,702,154,154,154,154,154,174,174,174,185,185,197,211,211],"floor_reached":48,"playtime":13399,"items_purged":[],"score":865,"play_id":"186641f2-8bdf-4edd-98c2-2651f023d244","local_time":"20181112145321","is_ascension_mode":true,"campfire_choices":[{"data":"Genetic Algorithm","floor":13.0,"key":"SMITH"},{"data":"Conserve Battery","floor":15.0,"key":"SMITH"},{"data":"Defragment","floor":23.0,"key":"SMITH"},{"data":"Buffer","floor":25.0,"key":"SMITH"},{"floor":32,"key":"REST"},{"floor":40,"key":"REST"},{"floor":45,"key":"REST"}],"neow_cost":"NONE","seed_source_timestamp":408648272143599,"circlet_count":0,"master_deck":["AscendersBane","Strike_B","Strike_B","Strike_B","Defend_B","Defend_B","Defend_B","Defend_B","Zap","Dualcast","Streamline+1","Conserve Battery+1","Echo Form","Ball Lightning","Genetic Algorithm+1","Undo","Buffer+1","Doom and Gloom","Defragment+1","Redo+1","Electrodynamics","Leap+1","Conserve Battery","Rainbow","White Noise+1","Decay","Jack Of All Trades","Beam Cell","Conserve Battery+1"],"special_seed":0,"relics":["Cracked Core","NeowsBlessing","Oddly Smooth Stone","Tiny Chest","The Courier","MawBank","Bottled Tornado","Singing Bowl","Vajra","Whetstone","Velvet Choker","DataDisk","Strawberry","Sozu","Art of War","Ginger","Bottled Flame","Centennial Puzzle","Ice Cream"],"potions_floor_usage":[30,35],"damage_taken":[{"damage":0.0,"enemies":"Cultist","floor":1.0,"turns":1.0},{"damage":0.0,"enemies":"2 Louse","floor":3.0,"turns":1.0},{"damage":0.0,"enemies":"3 Sentries","floor":6.0,"turns":1.0},{"damage":9.0,"enemies":"Gremlin Nob","floor":10.0,"turns":4.0},{"damage":20.0,"enemies":"Lagavulin","floor":14.0,"turns":6.0},{"damage":0.0,"enemies":"Slime Boss","floor":16.0,"turns":5.0},{"damage":1.0,"enemies":"Chosen","floor":18.0,"turns":4.0},{"damage":7.0,"enemies":"Spheric Guardian","floor":19.0,"turns":5.0},{"damage":13.0,"enemies":"Shelled Parasite and Fungi","floor":20.0,"turns":6.0},{"damage":9.0,"enemies":"Centurion and Healer","floor":22.0,"turns":7.0},{"damage":0.0,"enemies":"Book of Stabbing","floor":24.0,"turns":1.0},{"damage":6.0,"enemies":"Snecko","floor":27.0,"turns":4.0},{"damage":31.0,"enemies":"Snake Plant","floor":28.0,"turns":4.0},{"damage":0,"enemies":"Chosen and Byrds","floor":30,"turns":4},{"damage":5,"enemies":"Champ","floor":33,"turns":9},{"damage":33,"enemies":"3 Darklings","floor":35,"turns":5},{"damage":24,"enemies":"Orb Walker","floor":41,"turns":4},{"damage":5,"enemies":"Maw","floor":44,"turns":8},{"damage":29,"enemies":"Spire Growth","floor":46,"turns":5},{"damage":17,"enemies":"Sphere and 2 Shapes","floor":47,"turns":3},{"damage":30,"enemies":"4 Shapes","floor":48,"turns":1}],"seed_played":"6046145880017668097","potions_obtained":[{"floor":6.0,"key":"Weak Potion"},{"floor":10.0,"key":"Strength Potion"},{"floor":14.0,"key":"SteroidPotion"},{"floor":18.0,"key":"SmokeBomb"},{"floor":27.0,"key":"SteroidPotion"},{"floor":30,"key":"AttackPotion"}],"is_trial":false,"path_per_floor":["M","?","M","$","?","E","$","T","T","E","?","T","R","E","R","B",null,"M","M","M","?","M","R","E","R","T","M","M","?","M","$","R","B",null,"M","$","?","T","?","R","M","?","T","M","R","M","M","M"],"character_chosen":"DEFECT","items_purchased":["Oddly Smooth Stone","Ball Lightning","Strawberry","Conserve Battery","Art of War","Ginger","Bottled Flame"],"campfire_rested":3,"item_purchase_floors":[4,7,31,31,36,36,36],"current_hp_per_floor":[68,57,57,57,45,45,45,45,45,36,61,61,61,41,41,41,67,68,61,50,50,41,41,41,41,41,35,6,6,6,13,39,34,75,42,42,44,44,44,71,49,49,49,46,74,47,30,0],"gold":211,"neow_bonus":"THREE_ENEMY_KILL","is_prod":false,"is_daily":false,"chose_seed":false,"campfire_upgraded":4,"win_rate":0,"timestamp":1542030801,"path_taken":["M","?","M","$","?","E","?","?","T","E","?","?","R","E","R","BOSS","M","?","M","?","M","R","E","R","T","M","M","?","M","$","R","BOSS","M","?","?","?","?","R","?","?","T","M","R","?","M","M"],"build_version":"2018-11-08","purchased_purges":0,"victory":false,"max_hp_per_floor":[75,75,75,75,75,75,75,75,75,75,75,75,75,75,75,75,75,77,77,79,79,79,79,79,79,79,79,81,81,81,88,88,88,88,88,88,90,90,90,90,92,92,92,94,94,96,96,96],"card_choices":[{"not_picked":["Go for the Eyes","Undo"],"picked":"Streamline","floor":1.0},{"not_picked":["Storm","Barrage"],"picked":"Conserve Battery","floor":3.0},{"not_picked":["Cold Snap","Ball Lightning"],"picked":"Echo Form","floor":6.0},{"not_picked":["Rebound","Beam Cell"],"picked":"Genetic Algorithm","floor":10.0},{"not_picked":["Consume","Ball Lightning"],"picked":"Undo","floor":14.0},{"not_picked":["Echo Form","Core Surge"],"picked":"Buffer","floor":16.0},{"not_picked":["Conserve Battery","Compile Driver+1","Barrage+1"],"picked":"Singing Bowl","floor":18.0},{"not_picked":["Ball Lightning","Go for the Eyes"],"picked":"Doom and Gloom","floor":19.0},{"not_picked":["Genetic Algorithm","Conserve Battery","Compile Driver"],"picked":"Singing Bowl","floor":20.0},{"not_picked":["Steam Power","Lockon+1"],"picked":"Defragment","floor":22.0},{"not_picked":["Steam","Gash+1"],"picked":"Redo+1","floor":27.0},{"not_picked":["Beam Cell","Electrodynamics","Hologram"],"picked":"Singing Bowl","floor":28.0},{"not_picked":["Turbo+1","Cold Snap"],"picked":"Leap+1","floor":30},{"not_picked":["Multi-Cast","Core Surge"],"picked":"Rainbow","floor":33},{"not_picked":["Conserve Battery+1","Turbo+1"],"picked":"White Noise+1","floor":35},{"not_picked":["Blind","Transmutation","Madness"],"picked":"Singing Bowl","floor":37},{"not_picked":["Beam Cell+1","Leap","Steam"],"picked":"Singing Bowl","floor":41},{"not_picked":["Go for the Eyes","Conserve Battery+1","Darkness+1"],"picked":"Singing Bowl","floor":44},{"not_picked":["Core Surge","Melter","Capacitor"],"picked":"Singing Bowl","floor":46},{"not_picked":["Hologram","Gash+1"],"picked":"Conserve Battery+1","floor":47}],"player_experience":1155538,"relics_obtained":[{"floor":6.0,"key":"The Courier"},{"floor":8.0,"key":"MawBank"},{"floor":9.0,"key":"Bottled Tornado"},{"floor":10.0,"key":"Singing Bowl"},{"floor":12.0,"key":"Vajra"},{"floor":14.0,"key":"Whetstone"},{"floor":26.0,"key":"DataDisk"},{"floor":38,"key":"Centennial Puzzle"},{"floor":43,"key":"Ice Cream"}],"event_choices":[{"damage_healed":0.0,"max_hp_gain":0.0,"max_hp_loss":0.0,"gold_gain":75.0,"event_name":"World of Goop","player_choice":"Gather Gold","floor":2.0,"gold_loss":0.0,"damage_taken":11.0},{"damage_healed":0.0,"max_hp_gain":0.0,"max_hp_loss":0.0,"gold_gain":0.0,"event_name":"Scrap Ooze","player_choice":"Success","floor":5.0,"gold_loss":0.0,"damage_taken":12.0,"relics_obtained":["Tiny Chest"]},{"damage_healed":25.0,"max_hp_gain":0.0,"max_hp_loss":0.0,"gold_gain":0.0,"event_name":"Big Fish","player_choice":"Banana","floor":11.0,"gold_loss":0.0,"damage_taken":0.0},{"damage_healed":0.0,"max_hp_gain":0.0,"max_hp_loss":0.0,"gold_gain":0.0,"event_name":"Ghosts","player_choice":"Ignored","floor":21.0,"gold_loss":0.0,"damage_taken":0.0},{"damage_healed":0.0,"max_hp_gain":0.0,"max_hp_loss":0.0,"gold_gain":0.0,"event_name":"Match and Keep!","player_choice":"1 cards matched","floor":29.0,"gold_loss":0.0,"damage_taken":0.0,"cards_obtained":["Electrodynamics"]},{"damage_healed":0,"gold_gain":0,"player_choice":"Memory 1","damage_taken":0,"max_hp_gain":0,"max_hp_loss":0,"event_name":"SensoryStone","floor":37,"gold_loss":0},{"cards_removed":["Strike_B"],"damage_healed":0,"gold_gain":0,"player_choice":"Removed Attack","damage_taken":0,"max_hp_gain":0,"max_hp_loss":0,"event_name":"Falling","floor":39,"gold_loss":0},{"damage_healed":0,"gold_gain":0,"player_choice":"3 cards matched","damage_taken":0,"max_hp_gain":0,"max_hp_loss":0,"event_name":"Match and Keep!","floor":42,"gold_loss":0,"cards_obtained":["Decay","Jack Of All Trades","Beam Cell"]}],"is_beta":false,"boss_relics":[{"not_picked":["Snecko Eye","Empty Cage"],"picked":"Velvet Choker"},{"not_picked":["Astrolabe","White Beast Statue"],"picked":"Sozu"}],"items_purged_floors":[],"is_endless":false,"potions_floor_spawned":[6,10,14,18,27,30,41,47],"killed_by":"4 Shapes","ascension_level":10}