{"gold_per_floor":[112,122,122,135,135,135,171,171,171,171,197,197,238,4,4,123,123,123],"floor_reached":18,"playtime":501,"items_purged":[],"score":232,"play_id":"596f484b-c8bf-4e76-9953-47a59e81cda1","local_time":"20180820161836","is_ascension_mode":true,"campfire_choices":[{"data":"Zap","floor":6,"key":"SMITH"},{"floor":10,"key":"REST"},{"data":"Lockon","floor":12,"key":"SMITH"},{"floor":15,"key":"REST"}],"neow_cost":"TEN_PERCENT_HP_LOSS","seed_source_timestamp":501128166713972,"circlet_count":0,"master_deck":["Strike_B","Strike_B","Strike_B","Strike_B","Defend_B","Defend_B","Defend_B","Defend_B","Zap+1","Dualcast","Lockon+1","Stack","Turbo","Conserve Battery","Darkness","Echo Form","Decay","Doubt","Decay"],"relics":["Cracked Core","Calipers","Oddly Smooth Stone","Golden Idol","Lantern","Singing Bowl","Happy Flower","Strawberry","Runic Capacitor","Calling Bell","Potion Belt","Toxic Egg 2","Ginger"],"potions_floor_usage":[7,7,16],"damage_taken":[{"damage":2,"enemies":"Jaw Worm","floor":1,"turns":3},{"damage":1,"enemies":"Cultist","floor":2,"turns":3},{"damage":9,"enemies":"2 Louse","floor":4,"turns":2},{"damage":14,"enemies":"3 Sentries","floor":7,"turns":7},{"damage":22,"enemies":"Gremlin Nob","floor":13,"turns":4},{"damage":24,"enemies":"Hexaghost","floor":16,"turns":8},{"damage":22,"enemies":"3 Byrds","floor":18,"turns":3}],"seed_played":"4742907280100091846","potions_obtained":[{"floor":1,"key":"Dexterity Potion"},{"floor":4,"key":"LiquidBronze"},{"floor":7,"key":"Energy Potion"},{"floor":13,"key":"LiquidBronze"}],"is_trial":false,"path_per_floor":["M","M","?","M","?","R","E","?","T","R","T","R","E","$","R","B",null],"character_chosen":"DEFECT","items_purchased":["Runic Capacitor","Darkness"],"campfire_rested":2,"item_purchase_floors":[14,14],"current_hp_per_floor":[66,65,40,31,31,31,17,17,17,35,35,35,22,22,43,19,59,37],"gold":123,"neow_bonus":"ONE_RARE_RELIC","is_prod":false,"is_daily":false,"chose_seed":false,"campfire_upgraded":2,"win_rate":0,"timestamp":1534774716,"path_taken":["M","M","?","M","?","R","E","?","T","R","?","R","E","?","R","BOSS","M"],"build_version":"2018-08-16","purchased_purges":0,"victory":false,"max_hp_per_floor":[68,68,68,68,63,63,63,63,63,63,63,63,72,72,72,72,72,72],"card_choices":[{"not_picked":["Blizzard","Go for the Eyes"],"picked":"Lockon","floor":1},{"not_picked":["Gash","Beam Cell"],"picked":"Stack","floor":2},{"not_picked":["Steam","Static Discharge"],"picked":"Turbo","floor":4},{"not_picked":["Defragment","White Noise"],"picked":"Conserve Battery","floor":7},{"not_picked":["Gash","Barrage","Glacier"],"picked":"Singing Bowl","floor":13},{"not_picked":["Creative AI","Thunder Strike"],"picked":"Echo Form","floor":16}],"player_experience":914307,"relics_obtained":[{"floor":7,"key":"Lantern"},{"floor":9,"key":"Singing Bowl"},{"floor":11,"key":"Happy Flower"},{"floor":13,"key":"Strawberry"},{"floor":17,"key":"Potion Belt"},{"floor":17,"key":"Toxic Egg 2"},{"floor":17,"key":"Ginger"}],"event_choices":[{"event_name":"Scrap Ooze","player_choice":"success","floor":3,"damage_taken":25},{"event_name":"Golden Idol","player_choice":"Lose Max HP","floor":5,"damage_taken":0},{"event_name":"Golden Wing","player_choice":"Ignored","floor":8,"damage_taken":0}],"is_beta":false,"boss_relics":[{"not_picked":["Philosopher\u0027s Stone","Snecko Eye"],"picked":"Calling Bell"}],"items_purged_floors":[],"is_endless":false,"potions_floor_spawned":[1,4,7,13],"killed_by":"3 Byrds","ascension_level":8}