{"gold_per_floor":[114,131,141,161,174,174,207,207,207,218,232,232,249,276,276,371,371,391,391,391,360,373,400,400,400,448,458,490,512,536,558,570,687,699,722,754,780,809,821,861,540,558,558,577,597,597,547,547,547,547],"floor_reached":51,"playtime":3822,"items_purged":["Decay","Writhe"],"score":814,"play_id":"c8a810e6-b41c-416c-8228-44c175aa3792","local_time":"20181031120634","is_ascension_mode":false,"campfire_choices":[{"data":"Zap","floor":6.0,"key":"SMITH"},{"data":"Defragment","floor":12.0,"key":"SMITH"},{"data":"Glacier","floor":15.0,"key":"SMITH"},{"data":"Rainbow","floor":25.0,"key":"SMITH"},{"data":"Seek","floor":32,"key":"SMITH"},{"data":"Consume","floor":49,"key":"SMITH"}],"neow_cost":"NONE","seed_source_timestamp":0,"circlet_count":0,"master_deck":["Strike_B","Strike_B","Strike_B","Strike_B","Defend_B","Defend_B","Defend_B","Defend_B","Zap+1","Dualcast+1","Conserve Battery","Glacier+1","Compile Driver","Reinforced Body+1","Defragment+1","Chill","Seek+1","FTL","Rainbow+1","Cold Snap+1","Cold Snap","Core Surge","Machine Learning","Blizzard+1","Double Energy+1","Coolheaded+1","Consume+1","Go for the Eyes+1"],"special_seed":0,"relics":["Cracked Core","Regal Pillow","Singing Bowl","Cables","Smiling Mask","Inserter","Kunai","Bottled Tornado","CultistMask","Omamori","MawBank","Calling Bell","DataDisk","Shuriken","Incense Burner","Sundial","Ornamental Fan","Bottled Flame"],"potions_floor_usage":[31,33,35,50,50,50],"damage_taken":[{"damage":0.0,"enemies":"Cultist","floor":1.0,"turns":3.0},{"damage":5.0,"enemies":"Small Slimes","floor":2.0,"turns":3.0},{"damage":0.0,"enemies":"Jaw Worm","floor":3.0,"turns":4.0},{"damage":1.0,"enemies":"Red Slaver","floor":4.0,"turns":4.0},{"damage":3.0,"enemies":"Blue Slaver","floor":5.0,"turns":4.0},{"damage":5.0,"enemies":"Gremlin Nob","floor":7.0,"turns":4.0},{"damage":5.0,"enemies":"Exordium Thugs","floor":10.0,"turns":4.0},{"damage":6.0,"enemies":"Large Slime","floor":11.0,"turns":5.0},{"damage":1.0,"enemies":"Looter","floor":13.0,"turns":3.0},{"damage":0.0,"enemies":"Lagavulin","floor":14.0,"turns":7.0},{"damage":0.0,"enemies":"Slime Boss","floor":16.0,"turns":15.0},{"damage":0.0,"enemies":"Spheric Guardian","floor":18.0,"turns":4.0},{"damage":10.0,"enemies":"2 Thieves","floor":21.0,"turns":5.0},{"damage":6.0,"enemies":"Chosen and Byrds","floor":22.0,"turns":8.0},{"damage":10.0,"enemies":"Gremlin Leader","floor":23.0,"turns":13.0},{"damage":0.0,"enemies":"Cultist and Chosen","floor":27.0,"turns":6.0},{"damage":40.0,"enemies":"Slavers","floor":28.0,"turns":9.0},{"damage":0.0,"enemies":"Snecko","floor":29.0,"turns":4.0},{"damage":0.0,"enemies":"Centurion and Healer","floor":30.0,"turns":7.0},{"damage":8,"enemies":"Snake Plant","floor":31,"turns":5},{"damage":21,"enemies":"Collector","floor":33,"turns":19},{"damage":21,"enemies":"3 Darklings","floor":35,"turns":6},{"damage":0,"enemies":"Orb Walker","floor":36,"turns":5},{"damage":8,"enemies":"4 Shapes","floor":37,"turns":5},{"damage":0,"enemies":"Maw","floor":38,"turns":6},{"damage":11,"enemies":"Reptomancer","floor":40,"turns":7},{"damage":1,"enemies":"Spire Growth","floor":42,"turns":6},{"damage":0,"enemies":"3 Darklings","floor":44,"turns":7},{"damage":28,"enemies":"Jaw Worm Horde","floor":45,"turns":5},{"damage":0,"enemies":"Awakened One","floor":50,"turns":13}],"seed_played":"-7945076152696689460","potions_obtained":[{"floor":3.0,"key":"Poison Potion"},{"floor":4.0,"key":"LiquidBronze"},{"floor":5.0,"key":"Ancient Potion"},{"floor":14.0,"key":"SpeedPotion"},{"floor":16.0,"key":"Regen Potion"},{"floor":29.0,"key":"SteroidPotion"},{"floor":30.0,"key":"Regen Potion"},{"floor":31,"key":"Regen Potion"},{"floor":37,"key":"FocusPotion"},{"floor":38,"key":"LiquidBronze"},{"floor":40,"key":"Dexterity Potion"},{"floor":45,"key":"FocusPotion"}],"is_trial":false,"path_per_floor":["M","M","M","M","M","R","E","?","T","M","M","R","M","E","R","B",null,"M","?","?","M","M","E","?","R","T","M","E","M","M","M","R","B",null,"M","M","M","M","?","E","$","M","T","M","M","?","$","?","R","B",null],"character_chosen":"DEFECT","items_purchased":["Consume","Ornamental Fan"],"campfire_rested":0,"item_purchase_floors":[41,41],"current_hp_per_floor":[75,70,70,69,66,66,61,46,46,41,37,37,38,40,40,40,81,83,83,83,75,84,74,74,74,74,74,36,36,36,44,44,23,89,78,80,72,74,74,63,63,64,64,64,38,38,38,80,80,80],"gold":547,"neow_bonus":"RANDOM_COMMON_RELIC","is_prod":false,"is_daily":false,"chose_seed":false,"campfire_upgraded":6,"win_rate":0,"timestamp":1541001994,"path_taken":["M","M","M","M","?","R","E","?","T","M","M","R","M","E","R","BOSS","M","?","?","?","M","E","?","R","T","M","E","M","M","M","R","BOSS","M","M","M","M","?","E","$","M","T","M","M","?","$","?","R","BOSS"],"build_version":"2018-10-30","purchased_purges":2,"victory":true,"max_hp_per_floor":[75,75,75,75,75,75,75,75,75,75,77,77,79,81,81,81,81,83,83,83,85,85,85,85,85,85,85,87,87,87,89,89,89,89,89,91,91,93,93,93,93,95,95,95,97,92,92,80,80,80],"card_choices":[{"not_picked":["Redo","Chaos"],"picked":"Conserve Battery","floor":1.0},{"not_picked":["Chill","Leap"],"picked":"Glacier","floor":2.0},{"not_picked":["Stack","Coolheaded"],"picked":"Compile Driver","floor":3.0},{"not_picked":["Compile Driver","Barrage"],"picked":"Reinforced Body","floor":4.0},{"not_picked":["Barrage","Multi-Cast","Turbo"],"picked":"SKIP","floor":5.0},{"not_picked":["Beam Cell","Coolheaded"],"picked":"Defragment","floor":7.0},{"not_picked":["Leap","Lockon"],"picked":"Chill","floor":10.0},{"not_picked":["Undo","Melter","Steam"],"picked":"Singing Bowl","floor":11.0},{"not_picked":["Sweeping Beam","Stack","Turbo"],"picked":"Singing Bowl","floor":13.0},{"not_picked":["Conserve Battery","Compile Driver","Streamline"],"picked":"Singing Bowl","floor":14.0},{"not_picked":["Meteor Strike","Multi-Cast"],"picked":"Seek","floor":16.0},{"not_picked":["Skim","Gash","Capacitor+1"],"picked":"Singing Bowl","floor":18.0},{"not_picked":["Gash+1","Streamline+1","Rebound+1"],"picked":"Singing Bowl","floor":21.0},{"not_picked":["Melter","Rebound"],"picked":"FTL","floor":22.0},{"not_picked":["Stack","Rip and Tear+1"],"picked":"Rainbow","floor":23.0},{"not_picked":["Go for the Eyes","FTL"],"picked":"Cold Snap+1","floor":27.0},{"not_picked":["Turbo","Fusion","Auto Shields"],"picked":"Singing Bowl","floor":28.0},{"not_picked":["Compile Driver+1","Conserve Battery"],"picked":"Cold Snap","floor":29.0},{"not_picked":["Ball Lightning","Cold Snap"],"picked":"Core Surge","floor":30.0},{"not_picked":["Ball Lightning","Compile Driver","Redo"],"picked":"Singing Bowl","floor":31},{"not_picked":["Meteor Strike","Thunder Strike"],"picked":"Machine Learning","floor":33},{"not_picked":["Go for the Eyes","Barrage"],"picked":"Blizzard+1","floor":35},{"not_picked":["Fusion","Beam Cell","Gash+1"],"picked":"Singing Bowl","floor":36},{"not_picked":["Conserve Battery","Sweeping Beam"],"picked":"Double Energy+1","floor":37},{"not_picked":["Leap","Streamline","Turbo"],"picked":"Singing Bowl","floor":38},{"not_picked":["Streamline+1","Reinforced Body"],"picked":"Coolheaded+1","floor":40},{"not_picked":["Aggregate","Blizzard","Undo"],"picked":"Singing Bowl","floor":42},{"not_picked":["Rebound","Self Repair"],"picked":"Go for the Eyes+1","floor":44},{"not_picked":["Go for the Eyes","Gash","Streamline"],"picked":"Singing Bowl","floor":45}],"player_experience":1118712,"relics_obtained":[{"floor":7.0,"key":"Singing Bowl"},{"floor":9.0,"key":"Cables"},{"floor":14.0,"key":"Smiling Mask"},{"floor":23.0,"key":"Bottled Tornado"},{"floor":26.0,"key":"Omamori"},{"floor":28.0,"key":"MawBank"},{"floor":34,"key":"DataDisk"},{"floor":34,"key":"Shuriken"},{"floor":34,"key":"Incense Burner"},{"floor":40,"key":"Sundial"},{"floor":43,"key":"Bottled Flame"}],"event_choices":[{"damage_healed":0.0,"max_hp_gain":0.0,"max_hp_loss":0.0,"gold_gain":0.0,"event_name":"Shining Light","player_choice":"Entered Light","floor":8.0,"gold_loss":0.0,"damage_taken":15.0,"cards_upgraded":["Reinforced Body","Dualcast"]},{"damage_healed":0.0,"max_hp_gain":0.0,"max_hp_loss":0.0,"gold_gain":0.0,"event_name":"The Mausoleum","player_choice":"Opened","floor":19.0,"gold_loss":0.0,"damage_taken":0.0,"relics_obtained":["Kunai"],"cards_obtained":["Writhe"]},{"damage_healed":0.0,"max_hp_gain":0.0,"max_hp_loss":0.0,"gold_gain":0.0,"event_name":"Lab","player_choice":"Got Potions","floor":20.0,"gold_loss":0.0,"damage_taken":0.0},{"damage_healed":0.0,"max_hp_gain":0.0,"max_hp_loss":0.0,"gold_gain":0.0,"event_name":"FaceTrader","player_choice":"Trade","floor":24.0,"gold_loss":0.0,"damage_taken":0.0,"relics_obtained":["CultistMask"]},{"damage_healed":0,"gold_gain":0,"player_choice":"Ignored","damage_taken":0,"max_hp_gain":0,"max_hp_loss":0,"event_name":"Tomb of Lord Red Mask","floor":39,"gold_loss":0},{"damage_healed":0,"gold_gain":0,"player_choice":"Max HP","damage_taken":0,"max_hp_gain":0,"max_hp_loss":5,"event_name":"Winding Halls","floor":46,"gold_loss":0},{"damage_healed":80,"gold_gain":0,"player_choice":"Heal","damage_taken":0,"max_hp_gain":0,"max_hp_loss":12,"event_name":"The Moai Head","floor":48,"gold_loss":0}],"is_beta":true,"boss_relics":[{"not_picked":["Snecko Eye","Cursed Key"],"picked":"Inserter"},{"not_picked":["Tiny House","Velvet Choker"],"picked":"Calling Bell"}],"items_purged_floors":[41,47],"is_endless":false,"potions_floor_spawned":[3,4,5,14,16,29,30,31,37,38,40,45],"ascension_level":0}