{"gold_per_floor":[112,112,112,287,307,307,108,121,196,224,285,137,167,182,182,287,287,297,312,512,174,188,188,249,267,267,298,211,246,263,263],"floor_reached":31,"playtime":13497,"items_purged":["Doubt"],"score":542,"play_id":"c963fd64-b037-4508-b1ad-024ae83e572e","local_time":"20181201205932","is_ascension_mode":true,"campfire_choices":[{"data":"Terror","floor":6,"key":"SMITH"},{"data":"Underhanded Strike","floor":15,"key":"SMITH"},{"data":"Apotheosis","floor":23,"key":"SMITH"}],"neow_cost":"TEN_PERCENT_HP_LOSS","seed_source_timestamp":1194826970458599,"circlet_count":0,"master_deck":["AscendersBane","Defend_G","Defend_G","Defend_G+1","Defend_G","Defend_G","Strike_G","Strike_G","Strike_G","Strike_G","Strike_G","Survivor","Neutralize","Dagger Throw","Underhanded Strike+1","Dagger Throw","Terror+1","All Out Attack","Dramatic Entrance","Escape Plan+1","Backstab","Well Laid Plans","Underhanded Strike+1","Bouncing Flask","Dodge and Roll","Unload","Prepared","Acrobatics","Dagger Throw","Tactician","Prepared","All Out Attack","Underhanded Strike","Apotheosis+1","Backflip+1","Tactician","Escape Plan+1","Blind","Dagger Throw","Dagger Throw","Backstab"],"special_seed":0,"relics":["Ring of the Snake","Prayer Wheel","Mercury Hourglass","Singing Bowl","War Paint","Pen Nib","Art of War","Orrery","PreservedInsect","Tiny Chest","Mummified Hand","Bottled Flame","Bag of Preparation"],"potions_floor_usage":[10,11,13,24,24,25,25,29],"damage_taken":[{"damage":0.0,"enemies":"Cultist","floor":1.0,"turns":5.0},{"damage":0,"enemies":"Jaw Worm","floor":5,"turns":3},{"damage":0,"enemies":"Small Slimes","floor":8,"turns":1},{"damage":8,"enemies":"Lagavulin","floor":10,"turns":6},{"damage":0,"enemies":"Gremlin Nob","floor":11,"turns":2},{"damage":0,"enemies":"3 Sentries","floor":13,"turns":4},{"damage":0,"enemies":"2 Fungi Beasts","floor":14,"turns":1},{"damage":56,"enemies":"Slime Boss","floor":16,"turns":7},{"damage":7,"enemies":"Chosen","floor":18,"turns":2},{"damage":0,"enemies":"3 Byrds","floor":19,"turns":2},{"damage":6,"enemies":"3 Cultists","floor":22,"turns":3},{"damage":14,"enemies":"Book of Stabbing","floor":24,"turns":4},{"damage":9,"enemies":"Shelled Parasite and Fungi","floor":25,"turns":3},{"damage":9,"enemies":"Gremlin Leader","floor":27,"turns":4},{"damage":13,"enemies":"Slavers","floor":29,"turns":2},{"damage":0,"enemies":"Centurion and Healer","floor":30,"turns":3},{"damage":0,"enemies":"Snake Plant","floor":31,"turns":1}],"seed_played":"4241593217130081980","potions_obtained":[{"floor":5,"key":"Ancient Potion"},{"floor":8,"key":"EssenceOfSteel"},{"floor":10,"key":"Poison Potion"},{"floor":14,"key":"Dexterity Potion"},{"floor":16,"key":"EssenceOfSteel"},{"floor":18,"key":"Dexterity Potion"},{"floor":24,"key":"EssenceOfSteel"},{"floor":27,"key":"Poison Potion"}],"is_trial":false,"path_per_floor":["M","M","?","?","?","M","R","$","M","T","E","?","$","E","M","R","B",null,"M","M","?","$","M","R","E","M","T","E","$","E","M","M"],"character_chosen":"THE_SILENT","items_purchased":["All Out Attack","Dramatic Entrance","Pen Nib","Apotheosis","PreservedInsect","Blind"],"campfire_rested":0,"item_purchase_floors":[7,7,12,21,21,28],"current_hp_per_floor":[63,63,63,63,63,63,63,63,63,55,55,55,55,57,57,1,51,44,46,46,46,44,44,30,21,21,14,14,1,1,1],"gold":263,"neow_bonus":"ONE_RARE_RELIC","is_prod":false,"is_daily":false,"chose_seed":false,"campfire_upgraded":3,"win_rate":0,"timestamp":1543694372,"path_taken":["M","?","?","?","M","R","$","M","T","E","?","?","E","M","R","BOSS","M","M","?","?","M","R","E","M","T","E","$","E","M","?"],"build_version":"2018-11-15","purchased_purges":1,"victory":false,"max_hp_per_floor":[63,63,63,63,63,63,63,63,63,63,63,63,63,65,65,65,67,67,69,69,69,73,73,73,73,73,75,75,75,75,75],"card_choices":[{"not_picked":["Slice","Finisher"],"picked":"Dagger Throw","floor":1},{"not_picked":["Dagger Throw","PiercingWail"],"picked":"Underhanded Strike","floor":1},{"not_picked":["Bane","Flying Knee"],"picked":"Dagger Throw","floor":5},{"not_picked":["Storm of Steel","Calculated Gamble"],"picked":"Terror","floor":5},{"not_picked":["Skewer","Concentrate"],"picked":"Escape Plan","floor":8},{"not_picked":["Noxious Fumes","Distraction"],"picked":"Backstab","floor":8},{"not_picked":["Deflect","Blade Dance"],"picked":"Well Laid Plans","floor":10},{"not_picked":["Cloak And Dagger","Catalyst"],"picked":"Underhanded Strike","floor":11},{"not_picked":["After Image","Backstab"],"picked":"Bouncing Flask","floor":13},{"not_picked":["Prepared","Flying Knee"],"picked":"Dodge and Roll","floor":14},{"not_picked":["Leg Sweep","Accuracy","Prepared"],"picked":"Singing Bowl","floor":14},{"not_picked":["A Thousand Cuts","Night Terror"],"picked":"Unload","floor":16},{"not_picked":["Eviscerate","Underhanded Strike"],"picked":"Prepared","floor":17},{"not_picked":["Deadly Poison","Flying Knee","Poisoned Stab"],"picked":"Singing Bowl","floor":17},{"not_picked":["Riddle With Holes","Slice"],"picked":"Acrobatics","floor":17},{"not_picked":["Skewer","Catalyst"],"picked":"Dagger Throw","floor":17},{"not_picked":["Infinite Blades","Cloak And Dagger"],"picked":"Tactician","floor":17},{"not_picked":["Heel Hook","Flying Knee"],"picked":"Prepared","floor":18},{"not_picked":["Poisoned Stab","Expertise"],"picked":"All Out Attack","floor":18},{"not_picked":["Dagger Spray","Noxious Fumes"],"picked":"Underhanded Strike","floor":19},{"not_picked":["Quick Slash","Flechettes+1","Well Laid Plans"],"picked":"Singing Bowl","floor":19},{"not_picked":["Flying Knee+1","Burst","Choke"],"picked":"Singing Bowl","floor":22},{"not_picked":["Infinite Blades","Poisoned Stab","Quick Slash"],"picked":"Singing Bowl","floor":22},{"not_picked":["Deadly Poison","Catalyst+1"],"picked":"Backflip+1","floor":24},{"not_picked":["Masterful Stab","Dodge and Roll"],"picked":"Tactician","floor":25},{"not_picked":["Choke","Predator+1"],"picked":"Escape Plan+1","floor":25},{"not_picked":["Envenom","Doppelganger","Quick Slash+1"],"picked":"Singing Bowl","floor":27},{"not_picked":["Poisoned Stab","Well Laid Plans"],"picked":"Dagger Throw","floor":29},{"not_picked":["Poisoned Stab","Slice"],"picked":"Dagger Throw","floor":30},{"not_picked":["Sucker Punch","Poisoned Stab"],"picked":"Backstab","floor":30}],"player_experience":1493691,"relics_obtained":[{"floor":9,"key":"Mercury Hourglass"},{"floor":10,"key":"Singing Bowl"},{"floor":11,"key":"War Paint"},{"floor":13,"key":"Art of War"},{"floor":24,"key":"Tiny Chest"},{"floor":26,"key":"Mummified Hand"},{"floor":27,"key":"Bottled Flame"},{"floor":29,"key":"Bag of Preparation"}],"event_choices":[{"damage_healed":0,"gold_gain":0,"player_choice":"Grow","damage_taken":0,"max_hp_gain":0,"max_hp_loss":0,"event_name":"Living Wall","floor":2,"gold_loss":0,"cards_upgraded":["Underhanded Strike"]},{"damage_healed":0,"gold_gain":0,"player_choice":"Leave","damage_taken":0,"max_hp_gain":0,"max_hp_loss":0,"event_name":"The Cleric","floor":3,"gold_loss":0},{"damage_healed":0,"gold_gain":175,"player_choice":"AGREE","damage_taken":0,"max_hp_gain":0,"max_hp_loss":0,"event_name":"Liars Game","floor":4,"gold_loss":0,"cards_obtained":["Doubt"]},{"damage_healed":0,"gold_gain":0,"player_choice":"Searched \u00271\u0027 times","damage_taken":0,"max_hp_gain":0,"max_hp_loss":0,"event_name":"Dead Adventurer","floor":11,"gold_loss":0},{"damage_healed":0,"gold_gain":200,"player_choice":"Gold","damage_taken":0,"max_hp_gain":0,"max_hp_loss":0,"event_name":"Wheel of Change","floor":20,"gold_loss":0}],"is_beta":false,"boss_relics":[{"not_picked":["Astrolabe","WristBlade"],"picked":"Orrery"}],"items_purged_floors":[7],"is_endless":false,"potions_floor_spawned":[5,8,10,14,16,18,24,27],"killed_by":"Snake Plant","ascension_level":10}