{"gold_per_floor":[111,128,146,146,157,190,190,215,241,256,256,267,278,311,311,385,385,401,421,433,433,260,287,287,320,320,320,320,334,366,416,416,416],"floor_reached":33,"playtime":1553,"items_purged":["Strike_B"],"score":704,"play_id":"62849dfc-6c6d-4468-b337-f7ace794c95b","local_time":"20181210220653","is_ascension_mode":true,"campfire_choices":[{"data":"Buffer","floor":7.0,"key":"SMITH"},{"floor":11.0,"key":"REST"},{"data":"Sunder","floor":15.0,"key":"SMITH"},{"floor":24.0,"key":"REST"},{"data":"Consume","floor":27.0,"key":"SMITH"},{"data":"Hologram","floor":32,"key":"SMITH"}],"neow_cost":"NONE","seed_source_timestamp":0,"circlet_count":0,"master_deck":["AscendersBane","Strike_B","Strike_B","Defend_B","Defend_B","Defend_B","Defend_B","Zap","Dualcast","Undo","Ball Lightning","Reinforced Body","Double Energy","Buffer+1","Hologram+1","Sunder+1","Auto Shields","BootSequence","Electrodynamics","Thunder Strike","Compile Driver+1","Consume+1"],"special_seed":0,"relics":["Cracked Core","NeowsBlessing","Orichalcum","Happy Flower","Vajra","Regal Pillow","Snecko Eye","Mango","WingedGreaves","Darkstone Periapt"],"potions_floor_usage":[30,30],"damage_taken":[{"damage":0.0,"enemies":"Jaw Worm","floor":1.0,"turns":1.0},{"damage":0.0,"enemies":"Cultist","floor":2.0,"turns":1.0},{"damage":0.0,"enemies":"Small Slimes","floor":3.0,"turns":1.0},{"damage":0.0,"enemies":"3 Louse","floor":5.0,"turns":4.0},{"damage":30.0,"enemies":"3 Sentries","floor":6.0,"turns":7.0},{"damage":10.0,"enemies":"Lagavulin","floor":8.0,"turns":8.0},{"damage":8.0,"enemies":"Blue Slaver","floor":10.0,"turns":3.0},{"damage":9.0,"enemies":"Large Slime","floor":12.0,"turns":6.0},{"damage":1.0,"enemies":"Looter","floor":13.0,"turns":3.0},{"damage":4.0,"enemies":"3 Sentries","floor":14.0,"turns":7.0},{"damage":34.0,"enemies":"Hexaghost","floor":16.0,"turns":11.0},{"damage":8.0,"enemies":"Spheric Guardian","floor":18.0,"turns":3.0},{"damage":0.0,"enemies":"2 Thieves","floor":19.0,"turns":3.0},{"damage":0.0,"enemies":"Centurion and Healer","floor":20.0,"turns":3.0},{"damage":45.0,"enemies":"Book of Stabbing","floor":23.0,"turns":5.0},{"damage":4.0,"enemies":"Slavers","floor":25.0,"turns":3.0},{"damage":11.0,"enemies":"Sentry and Sphere","floor":29.0,"turns":4.0},{"damage":0,"enemies":"Gremlin Leader","floor":30,"turns":5},{"damage":55,"enemies":"Automaton","floor":33,"turns":8}],"seed_played":"1001270673935736631","potions_obtained":[{"floor":2.0,"key":"Swift Potion"},{"floor":5.0,"key":"SteroidPotion"},{"floor":13.0,"key":"FocusPotion"},{"floor":14.0,"key":"Regen Potion"},{"floor":25.0,"key":"Regen Potion"}],"is_trial":false,"path_per_floor":["M","M","M","?","M","E","R","E","T","M","R","M","M","E","R","B",null,"M","M","M","?","$","E","R","E","T","R","$","M","E","?","R","B"],"character_chosen":"DEFECT","items_purchased":["Consume","Energy Potion"],"campfire_rested":2,"item_purchase_floors":[22,22],"current_hp_per_floor":[64,64,64,64,64,34,34,24,24,16,37,28,27,23,23,4,54,46,46,46,46,46,15,55,51,51,51,51,40,54,54,54,0],"gold":416,"neow_bonus":"THREE_ENEMY_KILL","is_prod":false,"is_daily":false,"chose_seed":false,"campfire_upgraded":4,"win_rate":0,"timestamp":1544497613,"path_taken":["M","M","M","?","M","E","R","E","T","M","R","M","?","E","R","BOSS","M","M","M","?","$","E","R","E","T","R","$","M","E","?","R","BOSS"],"build_version":"2018-12-06","purchased_purges":1,"victory":false,"max_hp_per_floor":[71,71,71,71,71,71,71,71,71,71,71,71,71,71,71,71,71,71,71,71,71,71,85,85,85,85,85,85,85,85,85,85,85],"card_choices":[{"not_picked":["Beam Cell","Leap"],"picked":"Undo","floor":1.0},{"not_picked":["Gash","Turbo"],"picked":"Ball Lightning","floor":2.0},{"not_picked":["Streamline","Compile Driver"],"picked":"Reinforced Body","floor":3.0},{"not_picked":["Loop","Hologram"],"picked":"Buffer","floor":5.0},{"not_picked":["Chaos","Conserve Battery"],"picked":"Hologram","floor":6.0},{"not_picked":["FTL","Ball Lightning"],"picked":"Sunder","floor":8.0},{"not_picked":["Leap","Storm"],"picked":"Auto Shields","floor":10.0},{"not_picked":["Redo","Storm","Hologram"],"picked":"SKIP","floor":12.0},{"not_picked":["Rebound","Reprogram"],"picked":"BootSequence","floor":13.0},{"not_picked":["Redo","Skim"],"picked":"Electrodynamics","floor":14.0},{"not_picked":["Meteor Strike","Seek"],"picked":"Thunder Strike","floor":16.0},{"not_picked":["Stack","Skim","Compile Driver"],"picked":"SKIP","floor":18.0},{"not_picked":["Coolheaded","Steam"],"picked":"Compile Driver+1","floor":19.0},{"not_picked":["Hologram","Redo","Turbo"],"picked":"SKIP","floor":20.0},{"not_picked":["Machine Learning","Barrage","Skim"],"picked":"SKIP","floor":23.0},{"not_picked":["Redo","Scrape","Cold Snap"],"picked":"SKIP","floor":25.0},{"not_picked":["Go for the Eyes+1","Barrage","Reinforced Body"],"picked":"SKIP","floor":29.0},{"not_picked":["Streamline","Melter","Barrage"],"picked":"SKIP","floor":30}],"player_experience":1191806,"relics_obtained":[{"floor":6.0,"key":"Orichalcum"},{"floor":8.0,"key":"Happy Flower"},{"floor":9.0,"key":"Vajra"},{"floor":14.0,"key":"Regal Pillow"},{"floor":23.0,"key":"Mango"},{"floor":25.0,"key":"WingedGreaves"},{"floor":30,"key":"Darkstone Periapt"}],"event_choices":[{"damage_healed":0.0,"max_hp_gain":0.0,"max_hp_loss":0.0,"gold_gain":0.0,"cards_transformed":["Strike_B"],"event_name":"Transmorgrifier","player_choice":"Transformed","floor":4.0,"gold_loss":0.0,"damage_taken":0.0,"cards_obtained":["Double Energy"]},{"damage_healed":0.0,"max_hp_gain":0.0,"max_hp_loss":0.0,"gold_gain":0.0,"event_name":"Vampires","player_choice":"Ignored","floor":21.0,"gold_loss":0.0,"damage_taken":0.0},{"damage_healed":0,"gold_gain":50,"player_choice":"Stole From Cult","damage_taken":0,"max_hp_gain":0,"max_hp_loss":0,"event_name":"Nest","floor":31,"gold_loss":0}],"is_beta":true,"boss_relics":[{"not_picked":["Inserter","Eternal Feather"],"picked":"Snecko Eye"}],"items_purged_floors":[22],"is_endless":false,"potions_floor_spawned":[2,5,13,14,25,29],"killed_by":"Automaton","ascension_level":20}