{"gold_per_floor":[216,231,231,241,341,341,360,386,466,481,116,116,116,16,16,94,94,108,108,122,136,153,153,180,180,192,204,216,247,279,291,303,386,398,428,488,500,512,372,372,372,382,382,382,15,0,0,14,14,14],"floor_reached":51,"playtime":6967,"items_purged":["Strike_B","Strike_B","Thunder Strike","Recycle"],"score":1136,"play_id":"106007e1-2ec8-4fcf-96ea-4bff5e33fa5e","local_time":"20190216005718","is_ascension_mode":true,"campfire_choices":[{"data":"Defragment","floor":6.0,"key":"SMITH"},{"floor":12.0,"key":"REST"},{"floor":15.0,"key":"REST"},{"floor":23.0,"key":"REST"},{"floor":28,"key":"REST"},{"floor":32,"key":"REST"},{"data":"Capacitor","floor":40,"key":"SMITH"},{"data":"Defragment","floor":41,"key":"SMITH"},{"data":"Beam Cell","floor":44,"key":"SMITH"},{"data":"Loop","floor":47,"key":"SMITH"},{"floor":49,"key":"REST"}],"neow_cost":"NONE","seed_source_timestamp":0,"circlet_count":0,"master_deck":["AscendersBane","Defend_B+1","Defend_B+1","Defend_B+1","Defend_B+1","Zap+1","Dualcast","Coolheaded","Capacitor+1","Defragment+1","Reprogram","Defragment+1","Conserve Battery","Seek","Loop+1","All For One","Regret","Injury","Writhe","Go for the Eyes","Cold Snap","Beam Cell+1","Force Field+1","Rip and Tear+1","Shame","Glacier","Barrage","Echo Form","Double Energy","Barrage+1","Madness","Madness","Beam Cell","Clumsy","Rip and Tear+1"],"special_seed":0,"relics":["Cracked Core","Dead Branch","Blue Candle","Oddly Smooth Stone","FaceOfCleric","Calling Bell","Bag of Marbles","Cables","Du-Vu Doll","War Paint","MawBank","Darkstone Periapt","Cursed Key","WingedGreaves","Molten Egg 2","Orichalcum","Red Mask"],"potions_floor_usage":[33,33,33,50],"damage_taken":[{"damage":10.0,"enemies":"2 Louse","floor":1.0,"turns":2.0},{"damage":0.0,"enemies":"Cultist","floor":2.0,"turns":3.0},{"damage":2.0,"enemies":"Small Slimes","floor":4.0,"turns":4.0},{"damage":10.0,"enemies":"Red Slaver","floor":7.0,"turns":4.0},{"damage":30.0,"enemies":"Gremlin Nob","floor":8.0,"turns":4.0},{"damage":11.0,"enemies":"Blue Slaver","floor":10.0,"turns":4.0},{"damage":13.0,"enemies":"Hexaghost","floor":16.0,"turns":9.0},{"damage":17.0,"enemies":"2 Thieves","floor":18.0,"turns":3.0},{"damage":15.0,"enemies":"Spheric Guardian","floor":20.0,"turns":4.0},{"damage":16.0,"enemies":"Chosen and Byrds","floor":21.0,"turns":6.0},{"damage":17.0,"enemies":"Snake Plant","floor":22.0,"turns":3.0},{"damage":26.0,"enemies":"Slavers","floor":24.0,"turns":7.0},{"damage":2,"enemies":"Centurion and Healer","floor":29,"turns":4},{"damage":8,"enemies":"Chosen and Byrds","floor":30,"turns":5},{"damage":19,"enemies":"Champ","floor":33,"turns":10},{"damage":14,"enemies":"3 Darklings","floor":35,"turns":7},{"damage":38,"enemies":"2 Orb Walkers","floor":36,"turns":6},{"damage":0,"enemies":"Orb Walker","floor":42,"turns":3},{"damage":9,"enemies":"Spire Growth","floor":48,"turns":5},{"damage":73,"enemies":"Donu and Deca","floor":50,"turns":7}],"seed_played":"-4584945184329659554","potions_obtained":[{"floor":1.0,"key":"AttackPotion"},{"floor":8.0,"key":"SteroidPotion"},{"floor":20.0,"key":"Weak Potion"},{"floor":22.0,"key":"Strength Potion"},{"floor":24.0,"key":"EntropicBrew"},{"floor":35,"key":"SteroidPotion"}],"is_trial":false,"path_per_floor":["M","M","?","M","?","R","M","E","T","M","$","R","?","$","R","B",null,"M","?","M","M","M","R","E","?","T","?","R","M","M","?","R","B",null,"M","?","?","?","$","R","R","M","T","R","$","?","R","M","R","B",null],"character_chosen":"DEFECT","items_purchased":["Oddly Smooth Stone","Seek","Loop","Beam Cell","Rip and Tear+1","Orichalcum"],"campfire_rested":6,"item_purchase_floors":[11,11,11,39,45,45],"current_hp_per_floor":[58,58,58,56,56,56,46,16,16,5,5,27,27,27,49,37,66,50,50,36,21,5,29,4,4,4,4,28,27,20,20,44,26,70,57,20,75,66,66,66,66,67,73,73,73,73,73,65,83,11],"gold":14,"neow_bonus":"HUNDRED_GOLD","is_prod":false,"is_daily":false,"chose_seed":false,"campfire_upgraded":5,"win_rate":0,"timestamp":1550246238,"path_taken":["M","M","?","?","?","R","M","E","T","M","?","R","?","$","R","BOSS","M","?","M","M","M","R","E","?","T","?","R","M","M","?","R","BOSS","M","?","?","?","$","R","R","M","T","R","$","?","R","?","R","BOSS"],"build_version":"2019-01-23","purchased_purges":4,"victory":true,"max_hp_per_floor":[75,75,75,75,75,75,75,75,75,75,75,75,75,75,75,76,76,77,77,78,79,80,80,81,81,81,81,81,82,83,83,83,84,84,85,86,75,75,75,75,75,76,82,82,82,82,82,83,83,84],"card_choices":[{"not_picked":["Darkness","Leap"],"picked":"Coolheaded","floor":1.0},{"not_picked":["Gash","FTL"],"picked":"Capacitor","floor":2.0},{"not_picked":["Gash","Redo"],"picked":"Defragment","floor":4.0},{"not_picked":["Redo","Sweeping Beam"],"picked":"Reprogram","floor":7.0},{"not_picked":["Barrage","Tempest"],"picked":"Defragment","floor":8.0},{"not_picked":["Leap","Force Field"],"picked":"Conserve Battery","floor":10.0},{"not_picked":["Rainbow","Meteor Strike"],"picked":"All For One","floor":16.0},{"not_picked":["Chaos","Lockon"],"picked":"Go for the Eyes","floor":18.0},{"not_picked":["Ball Lightning+1","Redo"],"picked":"Cold Snap","floor":20.0},{"not_picked":["BootSequence","Coolheaded"],"picked":"Beam Cell","floor":21.0},{"not_picked":["Streamline","Lockon"],"picked":"Force Field","floor":22.0},{"not_picked":["Steam","Stack"],"picked":"Rip and Tear+1","floor":24.0},{"not_picked":["Steam Power","Rebound"],"picked":"Glacier","floor":29},{"not_picked":["Redo","Tempest"],"picked":"Barrage","floor":30},{"not_picked":["All For One","Machine Learning"],"picked":"Echo Form","floor":33},{"not_picked":["Reinforced Body","Sweeping Beam"],"picked":"Double Energy","floor":35},{"not_picked":["Redo+1","Multi-Cast"],"picked":"Barrage+1","floor":36},{"not_picked":["Hello World+1","Streamline+1","Aggregate"],"picked":"SKIP","floor":42},{"not_picked":["Darkness","Heatsinks","Ball Lightning+1"],"picked":"SKIP","floor":48}],"player_experience":566394,"relics_obtained":[{"floor":8.0,"key":"Dead Branch"},{"floor":9.0,"key":"Blue Candle"},{"floor":17.0,"key":"Bag of Marbles"},{"floor":17.0,"key":"Cables"},{"floor":17.0,"key":"Du-Vu Doll"},{"floor":24.0,"key":"War Paint"},{"floor":26.0,"key":"Darkstone Periapt"},{"floor":36,"key":"WingedGreaves"},{"floor":43,"key":"Molten Egg 2"}],"event_choices":[{"damage_healed":0.0,"max_hp_gain":0.0,"max_hp_loss":0.0,"gold_gain":0.0,"event_name":"Accursed Blacksmith","player_choice":"Forge","floor":3.0,"gold_loss":0.0,"damage_taken":0.0,"cards_upgraded":["Zap"]},{"damage_healed":0.0,"max_hp_gain":0.0,"max_hp_loss":0.0,"gold_gain":100.0,"event_name":"Golden Shrine","player_choice":"Pray","floor":5.0,"gold_loss":0.0,"damage_taken":0.0},{"damage_healed":0.0,"max_hp_gain":0.0,"max_hp_loss":0.0,"gold_gain":0.0,"event_name":"FaceTrader","player_choice":"Trade","floor":13.0,"gold_loss":0.0,"damage_taken":0.0,"relics_obtained":["FaceOfCleric"]},{"damage_healed":0.0,"max_hp_gain":0.0,"max_hp_loss":0.0,"gold_gain":0.0,"event_name":"Ghosts","player_choice":"Ignored","floor":19.0,"gold_loss":0.0,"damage_taken":0.0},{"damage_healed":0.0,"max_hp_gain":0.0,"max_hp_loss":0.0,"gold_gain":0.0,"event_name":"Addict","player_choice":"Stole Relic","floor":25.0,"gold_loss":0.0,"damage_taken":0.0,"relics_obtained":["MawBank"],"cards_obtained":["Shame"]},{"damage_healed":0,"gold_gain":0,"cards_transformed":["Strike_B","Strike_B"],"player_choice":"Became Test Subject","damage_taken":0,"max_hp_gain":0,"max_hp_loss":0,"event_name":"Drug Dealer","floor":27,"gold_loss":0,"cards_obtained":["Thunder Strike","Recycle"]},{"damage_healed":0,"gold_gain":0,"player_choice":"Simplicity","damage_taken":0,"max_hp_gain":0,"max_hp_loss":0,"event_name":"Back to Basics","floor":31,"gold_loss":0,"cards_upgraded":["Defend_B","Defend_B","Defend_B"]},{"damage_healed":0,"gold_gain":0,"player_choice":"Fight","damage_taken":0,"max_hp_gain":0,"max_hp_loss":0,"event_name":"Mysterious Sphere","floor":36,"gold_loss":0},{"damage_healed":75,"gold_gain":0,"player_choice":"Heal","damage_taken":0,"max_hp_gain":0,"max_hp_loss":11,"event_name":"The Moai Head","floor":37,"gold_loss":0},{"damage_healed":0,"gold_gain":0,"player_choice":"Embrace Madness","damage_taken":9,"max_hp_gain":0,"max_hp_loss":0,"event_name":"Winding Halls","floor":38,"gold_loss":0,"cards_obtained":["Madness","Madness"]},{"damage_healed":0,"gold_gain":0,"player_choice":"Paid","damage_taken":0,"relics_obtained":["Red Mask"],"max_hp_gain":0,"max_hp_loss":0,"event_name":"Tomb of Lord Red Mask","floor":46,"gold_loss":15}],"is_beta":false,"boss_relics":[{"not_picked":["Black Star","Empty Cage"],"picked":"Calling Bell"},{"not_picked":["Coffee Dripper","Runic Pyramid"],"picked":"Cursed Key"}],"items_purged_floors":[11,14,39,45],"is_endless":false,"potions_floor_spawned":[1,8,20,22,24,35,36],"ascension_level":13}