{"gold_per_floor":[119,132,132,282,298,298,131,160,187,187,220,232,244,289,301,392,404,432,444,456,483,495],"floor_reached":22,"playtime":1082,"items_purged":["Doubt"],"score":400,"play_id":"2a1aaf80-fabf-4535-83b0-bc51ce776e22","local_time":"20190102224221","is_ascension_mode":true,"campfire_choices":[{"data":"Double Energy","floor":6.0,"key":"SMITH"},{"floor":12.0,"key":"REST"},{"data":"Hologram","floor":15.0,"key":"SMITH"}],"neow_cost":"PERCENT_DAMAGE","seed_source_timestamp":146226284355961,"circlet_count":0,"master_deck":["AscendersBane","Strike_B","Strike_B","Defend_B","Defend_B","Defend_B","Defend_B","Zap+1","Dualcast","Echo Form","Echo Form","Double Energy+1","Go for the Eyes","Gash","Chill","Cold Snap","Capacitor","Hologram+1","Creative AI","Consume+1"],"special_seed":0,"relics":["Cracked Core","Turnip","Potion Belt","Omamori","MawBank","Bronze Scales","White Beast Statue"],"potions_floor_usage":[19,22,22],"damage_taken":[{"damage":0.0,"enemies":"Cultist","floor":1.0,"turns":4.0},{"damage":0.0,"enemies":"2 Louse","floor":2.0,"turns":4.0},{"damage":7.0,"enemies":"Jaw Worm","floor":5.0,"turns":4.0},{"damage":3.0,"enemies":"3 Sentries","floor":8.0,"turns":9.0},{"damage":1.0,"enemies":"Lagavulin","floor":11.0,"turns":7.0},{"damage":10.0,"enemies":"3 Sentries","floor":14.0,"turns":11.0},{"damage":18.0,"enemies":"Slime Boss","floor":16.0,"turns":11.0},{"damage":20.0,"enemies":"Chosen","floor":18.0,"turns":7.0},{"damage":14,"enemies":"Colosseum Slavers","floor":19,"turns":4},{"damage":18,"enemies":"Spheric Guardian","floor":21,"turns":5},{"damage":15,"enemies":"Masked Bandits","floor":22,"turns":2}],"seed_played":"-1920400539064711505","potions_obtained":[{"floor":1.0,"key":"Energy Potion"},{"floor":5.0,"key":"Fire Potion"},{"floor":14.0,"key":"Ancient Potion"},{"floor":18.0,"key":"Swift Potion"},{"floor":21,"key":"Weak Potion"}],"is_trial":false,"path_per_floor":["M","M","T","?","M","R","$","E","T","?","E","R","$","E","R","B",null,"M","?","$","M","?"],"character_chosen":"DEFECT","items_purchased":["Chill","Cold Snap"],"campfire_rested":1,"item_purchase_floors":[7,7],"current_hp_per_floor":[46,46,46,46,39,39,39,36,36,36,35,56,56,46,46,28,60,40,26,26,8,0],"gold":495,"neow_bonus":"TRANSFORM_TWO_CARDS","is_prod":false,"is_daily":false,"chose_seed":false,"campfire_upgraded":2,"win_rate":0,"timestamp":1546440141,"path_taken":["M","M","?","?","M","R","$","E","T","?","E","R","?","E","R","BOSS","M","?","$","M","?"],"build_version":"2019-01-01","purchased_purges":1,"victory":false,"max_hp_per_floor":[71,71,71,71,71,71,71,71,71,71,71,71,71,71,71,71,71,71,71,71,71,71],"card_choices":[{"not_picked":["Beam Cell","Rip and Tear"],"picked":"Double Energy","floor":1.0},{"not_picked":["Steam","Hello World"],"picked":"Go for the Eyes","floor":2.0},{"not_picked":["Skim","Leap"],"picked":"Gash","floor":5.0},{"not_picked":["Stack","Rebound","Compile Driver"],"picked":"SKIP","floor":8.0},{"not_picked":["Steam","Heatsinks"],"picked":"Capacitor","floor":11.0},{"not_picked":["Fusion","Redo"],"picked":"Hologram","floor":14.0},{"not_picked":["Seek","Core Surge"],"picked":"Creative AI","floor":16.0},{"not_picked":["Conserve Battery+1","Rebound"],"picked":"Consume+1","floor":18.0},{"not_picked":["Streamline","Aggregate","Beam Cell"],"picked":"SKIP","floor":21}],"player_experience":1295316,"relics_obtained":[{"floor":3.0,"key":"Turnip"},{"floor":8.0,"key":"Potion Belt"},{"floor":9.0,"key":"Omamori"},{"floor":11.0,"key":"MawBank"},{"floor":14.0,"key":"Bronze Scales"}],"event_choices":[{"damage_healed":0.0,"max_hp_gain":0.0,"max_hp_loss":0.0,"gold_gain":150.0,"event_name":"Liars Game","player_choice":"AGREE","floor":4.0,"gold_loss":0.0,"damage_taken":0.0,"cards_obtained":["Doubt"]},{"damage_healed":0.0,"max_hp_gain":0.0,"max_hp_loss":0.0,"gold_gain":0.0,"event_name":"Living Wall","player_choice":"Grow","floor":10.0,"gold_loss":0.0,"damage_taken":0.0,"cards_upgraded":["Zap"]},{"damage_healed":0,"gold_gain":0,"player_choice":"Fight","damage_taken":0,"max_hp_gain":0,"max_hp_loss":0,"event_name":"Colosseum","floor":19,"gold_loss":0},{"damage_healed":0,"gold_gain":0,"player_choice":"Fled From Nobs","damage_taken":0,"max_hp_gain":0,"max_hp_loss":0,"event_name":"Colosseum","floor":19,"gold_loss":0},{"damage_healed":0,"gold_gain":0,"player_choice":"Fought Bandits","damage_taken":0,"max_hp_gain":0,"max_hp_loss":0,"event_name":"Masked Bandits","floor":22,"gold_loss":0}],"is_beta":true,"boss_relics":[{"not_picked":["Coffee Dripper","Velvet Choker"],"picked":"White Beast Statue"}],"items_purged_floors":[7],"is_endless":false,"potions_floor_spawned":[1,5,14,18,19,21],"killed_by":"Masked Bandits","ascension_level":20}