{"gold_per_floor":[117,117,10,10,25,54,54,89,89,89,89,115,135,161,161,239,239,258,268,268,268,174,174,200,200,200,200,225,225,237,237],"floor_reached":31,"playtime":918,"items_purged":["Strike_B"],"score":584,"play_id":"38185cde-5b81-48a7-a6f8-ca98ba417e61","local_time":"20181220160908","is_ascension_mode":true,"campfire_choices":[{"data":"Dualcast","floor":7.0,"key":"SMITH"},{"floor":10.0,"key":"REST"},{"data":"Go for the Eyes","floor":15.0,"key":"SMITH"},{"data":"Defragment","floor":23,"key":"SMITH"},{"data":"Creative AI","floor":25,"key":"SMITH"},{"data":"Capacitor","floor":27,"key":"SMITH"},{"floor":29,"key":"REST"}],"neow_cost":"NONE","seed_source_timestamp":7981118937746,"circlet_count":0,"master_deck":["AscendersBane","Strike_B","Strike_B","Strike_B","Defend_B","Defend_B+1","Defend_B","Defend_B","Zap+1","Dualcast+1","Cold Snap","Cold Snap","Sweeping Beam","Rainbow","Loop","Go for the Eyes+1","Leap+1","Creative AI+1","Coolheaded+1","Leap+1","Defragment+1","Capacitor+1","Chill"],"special_seed":0,"relics":["Cracked Core","NeowsBlessing","Pantograph","Blue Candle","The Courier","Symbiotic Virus","Odd Mushroom","War Paint","Velvet Choker","PreservedInsect","Bottled Tornado"],"potions_floor_usage":[20],"damage_taken":[{"damage":0.0,"enemies":"Jaw Worm","floor":1.0,"turns":1.0},{"damage":0.0,"enemies":"Small Slimes","floor":5.0,"turns":1.0},{"damage":0.0,"enemies":"Lagavulin","floor":6.0,"turns":1.0},{"damage":32.0,"enemies":"3 Sentries","floor":8.0,"turns":7.0},{"damage":20.0,"enemies":"The Mushroom Lair","floor":12.0,"turns":4.0},{"damage":0.0,"enemies":"Cultist","floor":13.0,"turns":2.0},{"damage":1.0,"enemies":"Gremlin Nob","floor":14.0,"turns":3.0},{"damage":20.0,"enemies":"The Guardian","floor":16.0,"turns":15.0},{"damage":0.0,"enemies":"2 Thieves","floor":18.0,"turns":4.0},{"damage":1.0,"enemies":"Spheric Guardian","floor":19.0,"turns":4.0},{"damage":0,"enemies":"Colosseum Slavers","floor":20,"turns":5},{"damage":38,"enemies":"Book of Stabbing","floor":28,"turns":4},{"damage":10,"enemies":"Snake Plant","floor":30,"turns":5},{"damage":30,"enemies":"Gremlin Leader","floor":31,"turns":4}],"seed_played":"760515779625468570","potions_obtained":[{"floor":5.0,"key":"SpeedPotion"},{"floor":12.0,"key":"FearPotion"},{"floor":13.0,"key":"Block Potion"},{"floor":14.0,"key":"SkillPotion"},{"floor":19.0,"key":"SteroidPotion"},{"floor":28,"key":"FearPotion"}],"is_trial":false,"path_per_floor":["M","?","$","?","M","E","R","E","T","R","$","?","M","E","R","B",null,"M","M","?","?","$","R","T","R","T","R","E","R","M","E"],"character_chosen":"DEFECT","items_purchased":["Cold Snap","Strength Potion","Capacitor"],"campfire_rested":2,"item_purchase_floors":[3,3,22],"current_hp_per_floor":[64,64,64,64,64,64,64,32,32,53,53,33,33,32,32,37,63,63,62,62,62,62,62,62,62,62,62,24,45,35,5],"gold":237,"neow_bonus":"THREE_ENEMY_KILL","is_prod":false,"is_daily":false,"chose_seed":false,"campfire_upgraded":5,"win_rate":0,"timestamp":1545340148,"path_taken":["M","?","$","?","?","E","R","E","T","R","?","?","M","E","R","BOSS","M","M","?","?","$","R","?","R","T","R","E","R","M","E"],"build_version":"2018-12-19","purchased_purges":1,"victory":false,"max_hp_per_floor":[71,71,71,71,71,71,71,71,71,71,71,71,71,71,71,71,71,71,71,71,71,71,71,71,71,71,71,71,71,71,71],"card_choices":[{"not_picked":["Hologram","Go for the Eyes"],"picked":"Cold Snap","floor":1.0},{"not_picked":["Conserve Battery","Rebound"],"picked":"Sweeping Beam","floor":5.0},{"not_picked":["Fission","Fusion"],"picked":"Rainbow","floor":6.0},{"not_picked":["Conserve Battery","Heatsinks"],"picked":"Loop","floor":8.0},{"not_picked":["Redo","Lockon"],"picked":"Go for the Eyes","floor":12.0},{"not_picked":["Barrage","Turbo","Melter"],"picked":"SKIP","floor":13.0},{"not_picked":["Compile Driver","Hello World"],"picked":"Leap","floor":14.0},{"not_picked":["Machine Learning","Fission"],"picked":"Creative AI","floor":16.0},{"not_picked":["Go for the Eyes","Reprogram"],"picked":"Coolheaded+1","floor":18.0},{"not_picked":["Steam Power","Cold Snap"],"picked":"Leap+1","floor":19.0},{"not_picked":["Skim","Coolheaded","Gash"],"picked":"SKIP","floor":28},{"not_picked":["Hologram","Redo"],"picked":"Chill","floor":30}],"player_experience":1280547,"relics_obtained":[{"floor":6.0,"key":"Blue Candle"},{"floor":8.0,"key":"The Courier"},{"floor":9.0,"key":"Symbiotic Virus"},{"floor":12.0,"key":"Odd Mushroom"},{"floor":14.0,"key":"War Paint"},{"floor":24,"key":"PreservedInsect"},{"floor":28,"key":"Bottled Tornado"}],"event_choices":[{"damage_healed":0.0,"max_hp_gain":0.0,"max_hp_loss":0.0,"gold_gain":0.0,"event_name":"Living Wall","player_choice":"Grow","floor":2.0,"gold_loss":0.0,"damage_taken":0.0,"cards_upgraded":["Zap"]},{"damage_healed":0.0,"max_hp_gain":0.0,"max_hp_loss":0.0,"gold_gain":0.0,"event_name":"WeMeetAgain","player_choice":"Gave Potion","floor":4.0,"gold_loss":0.0,"damage_taken":0.0,"relics_obtained":["Pantograph"]},{"damage_healed":0.0,"max_hp_gain":0.0,"max_hp_loss":0.0,"gold_gain":0.0,"event_name":"Mushrooms","player_choice":"Fought Mushrooms","floor":12.0,"gold_loss":0.0,"damage_taken":0.0},{"damage_healed":0,"gold_gain":0,"player_choice":"Fight","damage_taken":0,"max_hp_gain":0,"max_hp_loss":0,"event_name":"Colosseum","floor":20,"gold_loss":0},{"damage_healed":0,"gold_gain":0,"player_choice":"Fled From Nobs","damage_taken":0,"max_hp_gain":0,"max_hp_loss":0,"event_name":"Colosseum","floor":20,"gold_loss":0},{"damage_healed":0,"gold_gain":0,"player_choice":"Read","damage_taken":0,"max_hp_gain":0,"max_hp_loss":0,"event_name":"The Library","floor":21,"gold_loss":0,"cards_obtained":["Defragment"]}],"is_beta":true,"boss_relics":[{"not_picked":["Sozu","Runic Dome"],"picked":"Velvet Choker"}],"items_purged_floors":[22],"is_endless":false,"potions_floor_spawned":[5,12,13,14,19,28],"killed_by":"Gremlin Leader","ascension_level":20}