{"gold_per_floor":[117,117,74,54,68,68,393,405,405,424,424],"floor_reached":11,"playtime":335,"items_purged":[],"score":142,"play_id":"877186fb-707e-4215-b9aa-0de460c3ea2d","local_time":"20190221181928","is_ascension_mode":true,"campfire_choices":[{"data":"Flex","floor":6,"key":"SMITH"}],"neow_cost":"NONE","seed_source_timestamp":15459251682149115,"circlet_count":0,"master_deck":["AscendersBane","Strike_R","Strike_R","Strike_R","Strike_R","Defend_R","Defend_R","Defend_R","Defend_R","Bash","Burning Pact","Rampage","Flex+1","Power Through","Iron Wave"],"relics":["Burning Blood","Red Skull","Old Coin","Gambling Chip"],"potions_floor_usage":[],"damage_taken":[{"damage":12,"enemies":"2 Louse","floor":1,"turns":3},{"damage":1,"enemies":"Cultist","floor":5,"turns":3},{"damage":50,"enemies":"Lagavulin","floor":7,"turns":6},{"damage":7,"enemies":"Jaw Worm","floor":8,"turns":5},{"damage":2,"enemies":"2 Fungi Beasts","floor":10,"turns":3},{"damage":20,"enemies":"3 Sentries","floor":11,"turns":6}],"seed_played":"-4641319003605714783","potions_obtained":[{"floor":4,"key":"Swift Potion"},{"floor":7,"key":"Strength Potion"}],"is_trial":false,"path_per_floor":["M","?","$","?","M","R","E","M","T","M","E"],"character_chosen":"IRONCLAD","items_purchased":["Rampage"],"campfire_rested":0,"item_purchase_floors":[3],"current_hp_per_floor":[62,55,55,55,60,60,16,15,15,19,0],"gold":424,"neow_bonus":"RANDOM_COMMON_RELIC","is_prod":false,"is_daily":false,"chose_seed":false,"campfire_upgraded":1,"win_rate":0,"timestamp":1550769568,"path_taken":["M","?","$","?","?","R","E","M","T","M","E"],"build_version":"2019-01-23","purchased_purges":0,"victory":false,"max_hp_per_floor":[75,75,75,75,75,75,75,75,75,75,75],"card_choices":[{"not_picked":["True Grit","Pommel Strike"],"picked":"Burning Pact","floor":1},{"not_picked":["Body Slam","Headbutt"],"picked":"Flex","floor":5},{"not_picked":["Armaments","Corruption"],"picked":"Power Through","floor":7},{"not_picked":["Twin Strike","Carnage","Heavy Blade"],"picked":"SKIP","floor":8},{"not_picked":["Havoc","Entrench"],"picked":"Iron Wave","floor":10}],"player_experience":420664,"relics_obtained":[{"floor":7,"key":"Old Coin"},{"floor":9,"key":"Gambling Chip"}],"event_choices":[{"cards_removed":["Strike_R"],"damage_healed":0,"gold_gain":0,"player_choice":"Card Removal","damage_taken":7,"max_hp_gain":0,"max_hp_loss":0,"event_name":"Golden Wing","floor":2,"gold_loss":0},{"damage_healed":0,"gold_gain":0,"player_choice":"Bought 1 Potion","damage_taken":0,"max_hp_gain":0,"max_hp_loss":0,"event_name":"The Woman in Blue","floor":4,"gold_loss":0}],"is_beta":false,"boss_relics":[],"items_purged_floors":[],"is_endless":false,"potions_floor_spawned":[7],"killed_by":"3 Sentries","ascension_level":19}