{"gold_per_floor":[109,109,121,97,97,97,112,145,194,194,206,206,236,411,411,510,510,521,533,533,458,291,323,341,341,368,395,395],"floor_reached":28,"playtime":1218,"items_purged":[],"score":421,"play_id":"72d6d86e-b276-4bcf-a0c1-956358cf27f0","local_time":"20181111191721","is_ascension_mode":true,"campfire_choices":[{"data":"Poisoned Stab","floor":6.0,"key":"SMITH"},{"data":"Tools of the Trade","floor":10.0,"key":"SMITH"},{"data":"Dash","floor":12.0,"key":"SMITH"},{"data":"Bouncing Flask","floor":15.0,"key":"SMITH"},{"data":"Poisoned Stab","floor":25.0,"key":"SMITH"}],"neow_cost":"NONE","seed_source_timestamp":0,"circlet_count":0,"master_deck":["AscendersBane","Defend_G","Defend_G","Defend_G","Defend_G","Defend_G","Survivor+1","Neutralize+1","Distraction+1","Slice","Poisoned Stab+1","PiercingWail","Tools of the Trade+1","Dash+1","Bouncing Flask+1","Glass Knife","Dodge and Roll","Bane+1","Bite","Bite","Bite","Bite","Bite","Poisoned Stab+1","Prepared+1","Heel Hook","Glass Knife"],"special_seed":0,"relics":["Ring of the Serpent","Smiling Mask","Vajra","Bag of Preparation","PreservedInsect","Omamori","War Paint","Sundial"],"potions_floor_usage":[],"damage_taken":[{"damage":3.0,"enemies":"Jaw Worm","floor":1.0,"turns":5.0},{"damage":2.0,"enemies":"Small Slimes","floor":3.0,"turns":5.0},{"damage":0.0,"enemies":"2 Louse","floor":7.0,"turns":3.0},{"damage":5.0,"enemies":"3 Sentries","floor":8.0,"turns":10.0},{"damage":2.0,"enemies":"Exordium Wildlife","floor":11.0,"turns":4.0},{"damage":8.0,"enemies":"Lagavulin","floor":13.0,"turns":5.0},{"damage":18.0,"enemies":"Hexaghost","floor":16.0,"turns":10.0},{"damage":6.0,"enemies":"Spheric Guardian","floor":18.0,"turns":4.0},{"damage":5.0,"enemies":"3 Byrds","floor":19.0,"turns":5.0},{"damage":29.0,"enemies":"Book of Stabbing","floor":23.0,"turns":3.0},{"damage":0.0,"enemies":"Snecko","floor":24.0,"turns":3.0},{"damage":22.0,"enemies":"Slavers","floor":27.0,"turns":7.0},{"damage":0,"enemies":"Colosseum Slavers","floor":28,"turns":1}],"seed_played":"-8160906793846504619","potions_obtained":[{"floor":1.0,"key":"EntropicBrew"},{"floor":3.0,"key":"SkillPotion"},{"floor":7.0,"key":"EssenceOfSteel"},{"floor":16.0,"key":"SteroidPotion"},{"floor":18.0,"key":"SteroidPotion"},{"floor":19.0,"key":"Ancient Potion"},{"floor":23.0,"key":"Dexterity Potion"}],"is_trial":false,"path_per_floor":["M","?","M","$","?","R","M","E","T","R","M","R","E","?","R","B",null,"M","M","?","?","$","E","M","R","T","E","?"],"character_chosen":"THE_SILENT","items_purchased":["Poisoned Stab","Poisoned Stab","PreservedInsect"],"campfire_rested":0,"item_purchase_floors":[4,22,22],"current_hp_per_floor":[60,60,58,58,44,44,44,39,39,39,37,37,29,29,29,11,55,49,44,44,44,44,21,27,27,27,13,13],"gold":395,"neow_bonus":"UPGRADE_CARD","is_prod":false,"is_daily":false,"chose_seed":false,"campfire_upgraded":5,"win_rate":0,"timestamp":1541960241,"path_taken":["M","?","M","$","?","R","M","E","T","R","M","R","E","?","R","BOSS","M","M","?","?","$","E","M","R","T","E","?"],"build_version":"2018-11-08","purchased_purges":0,"victory":false,"max_hp_per_floor":[70,70,70,70,70,70,70,70,70,70,70,70,70,70,70,70,70,70,70,49,49,49,49,49,49,49,49,49],"card_choices":[{"not_picked":["Catalyst","Underhanded Strike"],"picked":"Distraction","floor":1.0},{"not_picked":["Catalyst","Acrobatics"],"picked":"Slice","floor":3.0},{"not_picked":["Dagger Spray","Endless Agony"],"picked":"PiercingWail","floor":7.0},{"not_picked":["Dagger Spray","PiercingWail"],"picked":"Tools of the Trade","floor":8.0},{"not_picked":["Acrobatics","Outmaneuver"],"picked":"Dash","floor":11.0},{"not_picked":["Deflect","Blade Dance"],"picked":"Bouncing Flask","floor":13.0},{"not_picked":["Grand Finale","Tools of the Trade"],"picked":"Glass Knife","floor":16.0},{"not_picked":["Sucker Punch","Dagger Throw+1"],"picked":"Dodge and Roll","floor":18.0},{"not_picked":["Blade Dance","Predator+1"],"picked":"Bane+1","floor":19.0},{"not_picked":["Cloak And Dagger","Predator"],"picked":"Prepared","floor":23.0},{"not_picked":["Dagger Spray","Blade Dance"],"picked":"Heel Hook","floor":24.0},{"not_picked":["Cloak And Dagger","Prepared"],"picked":"Glass Knife","floor":27.0}],"player_experience":1153035,"relics_obtained":[{"floor":8.0,"key":"Smiling Mask"},{"floor":9.0,"key":"Vajra"},{"floor":13.0,"key":"Bag of Preparation"},{"floor":23.0,"key":"Omamori"},{"floor":26.0,"key":"War Paint"},{"floor":27.0,"key":"Sundial"}],"event_choices":[{"damage_healed":0.0,"max_hp_gain":0.0,"max_hp_loss":0.0,"gold_gain":0.0,"event_name":"Living Wall","player_choice":"Grow","floor":2.0,"gold_loss":0.0,"damage_taken":0.0,"cards_upgraded":["Distraction"]},{"damage_healed":0.0,"max_hp_gain":0.0,"max_hp_loss":0.0,"gold_gain":0.0,"event_name":"Shining Light","player_choice":"Entered Light","floor":5.0,"gold_loss":0.0,"damage_taken":14.0,"cards_upgraded":["Strike_G","Strike_G"]},{"damage_healed":0.0,"max_hp_gain":0.0,"max_hp_loss":0.0,"gold_gain":175.0,"event_name":"Liars Game","player_choice":"AGREE","floor":14.0,"gold_loss":0.0,"damage_taken":0.0,"cards_obtained":["Doubt"]},{"damage_healed":0.0,"max_hp_gain":0.0,"max_hp_loss":21.0,"gold_gain":0.0,"event_name":"Vampires","player_choice":"Became a vampire","floor":20.0,"gold_loss":0.0,"damage_taken":0.0,"cards_obtained":["Bite","Bite","Bite","Bite","Bite"]},{"cards_removed":["Doubt"],"damage_healed":0.0,"max_hp_gain":0.0,"max_hp_loss":0.0,"gold_gain":0.0,"event_name":"Beggar","player_choice":"Gave Gold","floor":21.0,"gold_loss":75.0,"damage_taken":0.0},{"damage_healed":0,"gold_gain":0,"player_choice":"Fight","damage_taken":0,"max_hp_gain":0,"max_hp_loss":0,"event_name":"Colosseum","floor":28,"gold_loss":0}],"is_beta":false,"boss_relics":[{"not_picked":["Black Star","Eternal Feather"],"picked":"Ring of the Serpent"}],"items_purged_floors":[],"is_endless":false,"potions_floor_spawned":[1,3,7,16,18,19,23],"killed_by":"Colosseum Slavers","ascension_level":10}