{"path_per_floor":["M","$","M","?","M","R","E","M","T","M","?","R","M","M","R","B",null,"M","M","$","?","M","R","?","E","T","R","M","R","M","M","R"],"character_chosen":"IRONCLAD","items_purchased":["Gremlin Horn"],"gold_per_floor":[115,40,59,59,79,79,114,133,133,144,319,319,338,350,350,447,447,463,483,122,122,132,132,57,87,87,87,100,100,111,131,131,131],"floor_reached":33,"campfire_rested":3,"playtime":1985,"current_hp_per_floor":[80,80,80,80,80,80,69,54,54,49,49,49,48,54,54,51,80,76,63,63,48,52,52,52,34,34,59,25,50,35,35,60,0],"items_purged":["Strike_R","Doubt"],"gold":131,"score":271,"play_id":"87c8c597-202a-45bf-8765-26972567cd1d","local_time":"20180402134625","is_prod":false,"is_daily":false,"is_ascension_mode":false,"campfire_upgraded":4,"timestamp":1522669585,"path_taken":["M","$","M","?","M","R","E","M","T","M","?","R","?","M","R","BOSS","M","?","$","?","M","R","?","E","T","R","M","R","M","M","R","BOSS"],"build_version":"2018-03-29v2","purchased_purges":2,"victory":false,"master_deck":["Strike_R","Strike_R+1","Strike_R","Defend_R","Defend_R","Defend_R+1","Bash+1","Sword Boomerang+1","Shrug It Off+1","Double Tap","Sword Boomerang+1","Impervious","Flex","Spot Weakness","Disarm","Double Tap","Shrug It Off+1","Shrug It Off","Ghostly Armor+1","Sword Boomerang+1","Flex"],"max_hp_per_floor":[80,80,80,80,80,80,80,80,80,80,80,80,80,80,80,80,80,80,80,80,85,85,85,85,85,85,85,85,85,85,85,85,85],"relics":["Burning Blood","Whetstone","Ginger","Black Star","Gremlin Horn","Vajra","Prayer Wheel","Calipers"],"card_choices":[{"not_picked":["Hemokinesis","Shrug It Off"],"picked":"Sword Boomerang","floor":1},{"not_picked":["Headbutt","Anger"],"picked":"Shrug It Off","floor":3},{"not_picked":["Body Slam","Combust"],"picked":"Sword Boomerang","floor":5},{"not_picked":["Carnage","Cleave"],"picked":"Impervious","floor":7},{"not_picked":["Shockwave","Combust"],"picked":"Flex","floor":8},{"not_picked":["Wild Strike","Evolve"],"picked":"Spot Weakness","floor":10},{"not_picked":["Sword Boomerang","Rampage"],"picked":"Disarm","floor":14},{"not_picked":["Immolate","Juggernaut"],"picked":"Double Tap","floor":16},{"not_picked":["True Grit","Wild Strike"],"picked":"Shrug It Off","floor":19},{"not_picked":["Dropkick","Headbutt"],"picked":"Shrug It Off","floor":25},{"not_picked":["Entrench","Second Wind"],"picked":"Ghostly Armor","floor":26},{"not_picked":["Uppercut","Thunderclap"],"picked":"Sword Boomerang","floor":30},{"not_picked":["Clothesline","Warcry"],"picked":"Flex","floor":31}],"player_experience":137028,"potions_floor_usage":[7,16,16,19,25,33,33],"damage_taken":[{"damage":1,"enemies":"Cultist","floor":1,"turns":4},{"damage":5,"enemies":"Jaw Worm","floor":3,"turns":4},{"damage":0,"enemies":"2 Louse","floor":5,"turns":3},{"damage":17,"enemies":"3 Sentries","floor":7,"turns":10},{"damage":21,"enemies":"Exordium Thugs","floor":8,"turns":4},{"damage":11,"enemies":"Gremlin Gang","floor":10,"turns":5},{"damage":7,"enemies":"Blue Slaver","floor":13,"turns":2},{"damage":0,"enemies":"Looter","floor":14,"turns":3},{"damage":9,"enemies":"Slime Boss","floor":16,"turns":9},{"damage":10,"enemies":"Shell Parasite","floor":18,"turns":7},{"damage":19,"enemies":"3 Byrds","floor":19,"turns":5},{"damage":2,"enemies":"Centurion and Healer","floor":22,"turns":5},{"damage":24,"enemies":"Book of Stabbing","floor":25,"turns":6},{"damage":40,"enemies":"Chosen and Byrds","floor":28,"turns":7},{"damage":21,"enemies":"Snake Plant","floor":30,"turns":4},{"damage":6,"enemies":"Centurion and Healer","floor":31,"turns":8},{"damage":67,"enemies":"Collector","floor":33,"turns":7}],"event_choices":[{"event_name":"Transmorgrifier","player_choice":"Transform","floor":4,"damage_taken":0},{"event_name":"Liars Game","player_choice":"agreed","floor":11,"damage_taken":0},{"event_name":"Forgotten Altar","player_choice":"Shed Blood","floor":21,"damage_taken":0},{"event_name":"Beggar","player_choice":"Gave Gold","floor":24,"damage_taken":0}],"boss_relics":[{"not_picked":["Snecko Eye","Astrolabe"],"picked":"Black Star"}],"potions_floor_spawned":[1,5,13,16,22,28,31],"seed_played":"854954512457406783","killed_by":"Collector","ascension_level":0,"is_trial":false}