{"gold_per_floor":[17,32,107,127,127,127,159,179,179,179,195,195,195,227,227,331,331,346,364,314,326,86,86],"floor_reached":23,"playtime":4136,"items_purged":["Strike_G"],"score":291,"play_id":"ab3169a2-8fc5-4ab3-a3a0-3c3092e1cbb2","local_time":"20190124221725","is_ascension_mode":true,"campfire_choices":[{"data":"Neutralize","floor":6,"key":"SMITH"},{"data":"Infinite Blades","floor":10,"key":"SMITH"},{"data":"Cloak And Dagger","floor":13,"key":"SMITH"},{"floor":15,"key":"REST"}],"neow_cost":"NO_GOLD","seed_source_timestamp":930539178597015,"circlet_count":0,"master_deck":["Defend_G","Defend_G","Defend_G","Defend_G","Survivor","Neutralize+1","Choke","Dagger Throw","Cloak And Dagger+1","Infinite Blades+1","Backstab","Prepared","Bouncing Flask","Infinite Blades","Dodge and Roll","Malaise","Expertise+1","Envenom+1","Endless Agony+1","PiercingWail","Well Laid Plans","Bandage Up"],"special_seed":0,"relics":["Ring of the Snake","Omamori","Gremlin Horn","Ginger","Astrolabe"],"potions_floor_usage":[14,16,19,19,23,23],"damage_taken":[{"damage":0,"enemies":"Jaw Worm","floor":1,"turns":3},{"damage":0,"enemies":"2 Louse","floor":2,"turns":3},{"damage":0,"enemies":"Cultist","floor":4,"turns":3},{"damage":12,"enemies":"Gremlin Nob","floor":7,"turns":4},{"damage":5,"enemies":"Gremlin Gang","floor":8,"turns":5},{"damage":0,"enemies":"2 Fungi Beasts","floor":11,"turns":3},{"damage":10,"enemies":"3 Sentries","floor":14,"turns":6},{"damage":7,"enemies":"The Guardian","floor":16,"turns":8},{"damage":15,"enemies":"Shell Parasite","floor":18,"turns":7},{"damage":1,"enemies":"2 Thieves","floor":19,"turns":4},{"damage":13,"enemies":"Cultist and Chosen","floor":21,"turns":6},{"damage":48,"enemies":"Slavers","floor":23,"turns":3}],"seed_played":"2339038780140545913","potions_obtained":[{"floor":7,"key":"SkillPotion"},{"floor":12,"key":"Poison Potion"},{"floor":12,"key":"PowerPotion"},{"floor":12,"key":"Fruit Juice"},{"floor":16,"key":"GhostInAJar"},{"floor":18,"key":"SteroidPotion"},{"floor":21,"key":"Poison Potion"}],"is_trial":false,"path_per_floor":["M","M","?","M","?","R","E","M","T","R","M","?","R","E","R","B",null,"M","M","?","M","$","E"],"character_chosen":"THE_SILENT","items_purchased":["Well Laid Plans","Bandage Up"],"campfire_rested":1,"item_purchase_floors":[22,22],"current_hp_per_floor":[63,63,52,52,57,57,45,40,40,40,40,40,40,30,52,45,68,53,52,52,39,39,0],"gold":86,"neow_bonus":"TRANSFORM_TWO_CARDS","is_prod":false,"is_daily":false,"chose_seed":false,"campfire_upgraded":3,"win_rate":0,"timestamp":1548335845,"path_taken":["M","M","?","M","?","R","E","M","T","R","M","?","R","E","R","BOSS","M","M","?","M","$","E"],"build_version":"2019-01-23","purchased_purges":1,"victory":false,"max_hp_per_floor":[70,70,70,70,75,75,75,75,75,75,75,75,75,75,75,75,75,75,75,75,75,75,80],"card_choices":[{"not_picked":["Blade Dance","Quick Slash"],"picked":"Cloak And Dagger","floor":1},{"not_picked":["Dagger Throw","Dodge and Roll"],"picked":"Infinite Blades","floor":2},{"not_picked":["Distraction","Slice"],"picked":"Backstab","floor":4},{"not_picked":["Distraction","Expertise"],"picked":"Prepared","floor":7},{"not_picked":["Expertise","Caltrops"],"picked":"Bouncing Flask","floor":8},{"not_picked":["Bane","Sucker Punch"],"picked":"Infinite Blades","floor":11},{"not_picked":["Sucker Punch","Flechettes"],"picked":"Dodge and Roll","floor":14},{"not_picked":["Envenom","Unload"],"picked":"Malaise","floor":16},{"not_picked":["Heel Hook","Quick Slash","Blade Dance"],"picked":"SKIP","floor":18},{"not_picked":["Slice+1","Choke"],"picked":"PiercingWail","floor":19},{"not_picked":["Bouncing Flask","Flying Knee","Bane"],"picked":"SKIP","floor":21}],"player_experience":428046,"relics_obtained":[{"floor":7,"key":"Omamori"},{"floor":9,"key":"Gremlin Horn"},{"floor":14,"key":"Ginger"}],"event_choices":[{"damage_healed":0,"gold_gain":75,"player_choice":"Gather Gold","damage_taken":11,"max_hp_gain":0,"max_hp_loss":0,"event_name":"World of Goop","floor":3,"gold_loss":0},{"damage_healed":0,"gold_gain":0,"player_choice":"Donut","damage_taken":0,"max_hp_gain":5,"max_hp_loss":0,"event_name":"Big Fish","floor":5,"gold_loss":0},{"damage_healed":0,"gold_gain":0,"player_choice":"Got Potions","damage_taken":0,"max_hp_gain":0,"max_hp_loss":0,"event_name":"Lab","floor":12,"gold_loss":0},{"damage_healed":0,"gold_gain":0,"player_choice":"Bet on Murderer","damage_taken":0,"max_hp_gain":0,"max_hp_loss":0,"event_name":"The Joust","floor":20,"gold_loss":50}],"is_beta":false,"boss_relics":[{"not_picked":["Tiny House","Ectoplasm"],"picked":"Astrolabe"}],"items_purged_floors":[22],"is_endless":false,"potions_floor_spawned":[7,16,18,21],"killed_by":"Slavers","ascension_level":9}