{"gold_per_floor":[111,125,145,145,162,162,191,191,215,249,264,284,284,314,314,314],"floor_reached":16,"playtime":605,"items_purged":[],"score":244,"play_id":"58a2feae-6b4e-492c-b08f-5c0763f9c22d","local_time":"20181026232804","is_ascension_mode":true,"campfire_choices":[{"floor":6.0,"key":"REST"},{"data":"Hyperbeam","floor":8.0,"key":"SMITH"},{"floor":13,"key":"REST"},{"data":"Static Discharge","floor":15,"key":"SMITH"}],"neow_cost":"NONE","seed_source_timestamp":571642183132702,"circlet_count":0,"master_deck":["Strike_B","Strike_B","Strike_B","Strike_B","Defend_B","Defend_B","Defend_B","Defend_B","Zap","Dualcast","AscendersBane","Streamline","Barrage","Compile Driver","Hyperbeam+1","Static Discharge+1","Go for the Eyes","Rainbow","Conserve Battery","Go for the Eyes"],"special_seed":0,"relics":["Cracked Core","Blood Vial","Boot","Juzu Bracelet","Blue Candle"],"potions_floor_usage":[10],"damage_taken":[{"damage":2.0,"enemies":"Jaw Worm","floor":1.0,"turns":3.0},{"damage":0.0,"enemies":"Cultist","floor":2.0,"turns":3.0},{"damage":10.0,"enemies":"2 Louse","floor":3.0,"turns":2.0},{"damage":33.0,"enemies":"Exordium Thugs","floor":5.0,"turns":3.0},{"damage":20.0,"enemies":"3 Sentries","floor":7.0,"turns":4.0},{"damage":6,"enemies":"Gremlin Nob","floor":10,"turns":3},{"damage":0,"enemies":"Exordium Wildlife","floor":11,"turns":1},{"damage":7,"enemies":"Large Slime","floor":12,"turns":3},{"damage":13,"enemies":"3 Sentries","floor":14,"turns":4},{"damage":28,"enemies":"Hexaghost","floor":16,"turns":8}],"seed_played":"15885652349604567","potions_obtained":[{"floor":0.0,"key":"PowerPotion"},{"floor":0.0,"key":"FearPotion"},{"floor":12,"key":"SmokeBomb"},{"floor":14,"key":"Dexterity Potion"}],"is_trial":false,"path_per_floor":["M","M","M","?","M","R","E","R","T","E","M","M","R","E","R"],"character_chosen":"DEFECT","items_purchased":[],"campfire_rested":2,"item_purchase_floors":[],"current_hp_per_floor":[62,62,52,52,19,40,20,20,20,16,18,13,34,23,23,0],"gold":314,"neow_bonus":"THREE_SMALL_POTIONS","is_prod":false,"is_daily":false,"chose_seed":false,"campfire_upgraded":2,"win_rate":0,"timestamp":1540610884,"path_taken":["M","M","M","?","M","R","E","R","T","E","M","M","R","E","R","BOSS"],"build_version":"2018-10-25v2","purchased_purges":0,"victory":false,"max_hp_per_floor":[71,71,71,71,71,71,71,71,71,71,71,71,71,71,71,71],"card_choices":[{"not_picked":["Stack","Chaos"],"picked":"Streamline","floor":1.0},{"not_picked":["Force Field","Steam Power"],"picked":"Barrage","floor":2.0},{"not_picked":["Recycle","Conserve Battery"],"picked":"Compile Driver","floor":3.0},{"not_picked":["Reinforced Body","Genetic Algorithm"],"picked":"Static Discharge","floor":5.0},{"not_picked":["Undo","Barrage"],"picked":"Go for the Eyes","floor":7.0},{"not_picked":["Undo","Scrape"],"picked":"Rainbow","floor":10},{"not_picked":["Turbo","Compile Driver","Darkness"],"picked":"SKIP","floor":11},{"not_picked":["Double Energy","Tempest"],"picked":"Conserve Battery","floor":12},{"not_picked":["Gash","Amplify"],"picked":"Go for the Eyes","floor":14}],"player_experience":1078422,"relics_obtained":[{"floor":7.0,"key":"Blood Vial"},{"floor":9.0,"key":"Boot"},{"floor":10,"key":"Juzu Bracelet"},{"floor":14,"key":"Blue Candle"}],"event_choices":[{"damage_healed":0.0,"max_hp_gain":0.0,"max_hp_loss":0.0,"gold_gain":0.0,"event_name":"Match and Keep!","player_choice":"1 cards matched","floor":4.0,"gold_loss":0.0,"damage_taken":0.0,"cards_obtained":["Hyperbeam"]}],"is_beta":false,"boss_relics":[],"items_purged_floors":[],"is_endless":false,"potions_floor_spawned":[2,5,12,14],"killed_by":"Hexaghost","ascension_level":20}