{"gold_per_floor":[114,134,149,149,114,146,146,173,173,191,191,216,216,235,235,312,312,331,346,361,361,361,390,390,440,440,453,453,453,453,479,479,553,553,573,589,209,209,223,254,254,254,254,254],"floor_reached":44,"playtime":1744,"items_purged":["Strike_R"],"score":988,"play_id":"c9c1d65a-cf04-4eec-b4f8-18864b24233d","local_time":"20181211150259","is_ascension_mode":true,"campfire_choices":[{"data":"Bash","floor":7.0,"key":"SMITH"},{"data":"Whirlwind","floor":11.0,"key":"SMITH"},{"data":"Flame Barrier","floor":15.0,"key":"SMITH"},{"data":"Body Slam","floor":24.0,"key":"SMITH"},{"data":"Intimidate","floor":28.0,"key":"SMITH"},{"data":"Pommel Strike","floor":30.0,"key":"SMITH"},{"floor":32.0,"key":"REST"},{"floor":41,"key":"RECALL"},{"data":"Evolve","floor":42,"key":"SMITH"}],"neow_cost":"NONE","seed_source_timestamp":333788699008248,"circlet_count":0,"master_deck":["AscendersBane","Strike_R+1","Defend_R","Defend_R+1","Defend_R","Defend_R","Bash+1","Cleave","Clothesline","Body Slam+1","Iron Wave","Whirlwind+1","Pommel Strike+1","Intimidate+1","Flame Barrier+1","Offering","Armaments","Spot Weakness+1","Evolve+1","Offering","Havoc+1","Sentinel+1","Second Wind+1","Parasite","Headbutt+1"],"special_seed":0,"relics":["Burning Blood","NeowsBlessing","Vajra","FossilizedHelix","Meat on the Bone","Red Skull","Empty Cage","Enchiridion","WingedGreaves","Champion Belt","Frozen Egg 2","Sozu","Toxic Egg 2","Bottled Flame","Sundial"],"potions_floor_usage":[],"damage_taken":[{"damage":0.0,"enemies":"Jaw Worm","floor":1.0,"turns":1.0},{"damage":0.0,"enemies":"2 Louse","floor":2.0,"turns":1.0},{"damage":0.0,"enemies":"Cultist","floor":3.0,"turns":1.0},{"damage":45.0,"enemies":"Lagavulin","floor":6.0,"turns":7.0},{"damage":19.0,"enemies":"Gremlin Nob","floor":8.0,"turns":4.0},{"damage":3.0,"enemies":"Blue Slaver","floor":10.0,"turns":3.0},{"damage":20.0,"enemies":"3 Sentries","floor":12.0,"turns":6.0},{"damage":0.0,"enemies":"3 Louse","floor":14.0,"turns":1.0},{"damage":20.0,"enemies":"The Guardian","floor":16.0,"turns":12.0},{"damage":22.0,"enemies":"Spheric Guardian","floor":18.0,"turns":6.0},{"damage":8.0,"enemies":"Shell Parasite","floor":19.0,"turns":5.0},{"damage":8.0,"enemies":"Snecko","floor":20.0,"turns":4.0},{"damage":14.0,"enemies":"Slavers","floor":23.0,"turns":3.0},{"damage":16.0,"enemies":"Sentry and Sphere","floor":27.0,"turns":5.0},{"damage":2.0,"enemies":"Gremlin Leader","floor":31.0,"turns":6.0},{"damage":59.0,"enemies":"Collector","floor":33.0,"turns":8.0},{"damage":16.0,"enemies":"3 Darklings","floor":35.0,"turns":5.0},{"damage":22.0,"enemies":"3 Shapes","floor":36.0,"turns":6.0},{"damage":12.0,"enemies":"Writhing Mass","floor":39.0,"turns":5.0},{"damage":25,"enemies":"Reptomancer","floor":40,"turns":5},{"damage":51,"enemies":"Giant Head","floor":44,"turns":5}],"seed_played":"-8902200430224903832","potions_obtained":[{"floor":1.0,"key":"Fire Potion"},{"floor":3.0,"key":"LiquidBronze"},{"floor":12.0,"key":"Explosive Potion"},{"floor":23.0,"key":"Fire Potion"},{"floor":31.0,"key":"SneckoOil"},{"floor":33.0,"key":"Swift Potion"}],"is_trial":false,"path_per_floor":["M","M","M","?","?","E","R","E","T","M","R","E","?","M","R","B",null,"M","M","M","?","?","E","R","?","T","M","R","T","R","E","R","B",null,"M","M","$","?","M","E","R","R","T","E"],"character_chosen":"IRONCLAD","items_purchased":["Toxic Egg 2","Second Wind+1"],"campfire_rested":1,"item_purchase_floors":[37,37],"current_hp_per_floor":[74,75,75,52,70,31,31,18,18,33,33,31,31,49,49,47,68,52,50,48,27,42,46,46,46,46,48,48,48,48,52,74,33,65,55,51,51,51,45,38,38,38,38,0],"gold":254,"neow_bonus":"THREE_ENEMY_KILL","is_prod":false,"is_daily":false,"chose_seed":false,"campfire_upgraded":7,"win_rate":0,"timestamp":1544558579,"path_taken":["M","M","M","?","?","E","R","E","T","M","R","E","?","?","R","BOSS","M","M","M","?","?","E","R","?","T","?","R","?","R","E","R","BOSS","M","M","$","?","?","E","R","R","T","E"],"build_version":"2018-12-10","purchased_purges":1,"victory":false,"max_hp_per_floor":[75,75,75,75,75,75,75,75,75,75,75,75,75,75,75,75,75,75,75,75,75,75,75,75,75,75,75,75,75,75,75,75,75,75,75,75,75,75,75,75,75,75,75,75],"card_choices":[{"not_picked":["Evolve","Fire Breathing"],"picked":"Cleave","floor":1.0},{"not_picked":["Twin Strike","Anger"],"picked":"Clothesline","floor":2.0},{"not_picked":["Thunderclap","Clash"],"picked":"Body Slam","floor":3.0},{"not_picked":["Heavy Blade","Blood for Blood"],"picked":"Iron Wave","floor":6.0},{"not_picked":["Second Wind","Warcry"],"picked":"Whirlwind","floor":8.0},{"not_picked":["Body Slam","Sentinel"],"picked":"Pommel Strike","floor":10.0},{"not_picked":["Blood for Blood","Sword Boomerang"],"picked":"Intimidate","floor":12.0},{"not_picked":["True Grit","Combust"],"picked":"Flame Barrier","floor":14.0},{"not_picked":["Dark Embrace","Brutality"],"picked":"Offering","floor":16.0},{"not_picked":["Rampage","Cleave"],"picked":"Armaments","floor":18.0},{"not_picked":["Armaments","Shrug It Off"],"picked":"Spot Weakness+1","floor":19.0},{"not_picked":["Dropkick","Whirlwind","Havoc"],"picked":"SKIP","floor":20.0},{"not_picked":["Bloodletting","Berserk","Rupture"],"picked":"SKIP","floor":23.0},{"not_picked":["Wild Strike","Second Wind"],"picked":"Evolve","floor":27.0},{"not_picked":["Rampage","Sever Soul","Bloodletting"],"picked":"SKIP","floor":31.0},{"not_picked":["Feed","Double Tap"],"picked":"Offering","floor":33.0},{"not_picked":["Second Wind","Wild Strike"],"picked":"Havoc","floor":35.0},{"not_picked":["Body Slam","Searing Blow"],"picked":"Sentinel+1","floor":36.0},{"not_picked":["Cleave","Rage+1"],"picked":"Headbutt+1","floor":39.0},{"not_picked":["Dual Wield+1","Rampage","Anger"],"picked":"SKIP","floor":40}],"player_experience":1200729,"relics_obtained":[{"floor":6.0,"key":"Vajra"},{"floor":8.0,"key":"FossilizedHelix"},{"floor":9.0,"key":"Meat on the Bone"},{"floor":12.0,"key":"Red Skull"},{"floor":21.0,"key":"Enchiridion"},{"floor":23.0,"key":"WingedGreaves"},{"floor":26.0,"key":"Champion Belt"},{"floor":31.0,"key":"Frozen Egg 2"},{"floor":40,"key":"Bottled Flame"},{"floor":43,"key":"Sundial"}],"event_choices":[{"damage_healed":0.0,"max_hp_gain":0.0,"max_hp_loss":0.0,"gold_gain":0.0,"event_name":"Shining Light","player_choice":"Entered Light","floor":4.0,"gold_loss":0.0,"damage_taken":23.0,"cards_upgraded":["Defend_R","Strike_R"]},{"damage_healed":18.0,"max_hp_gain":0.0,"max_hp_loss":0.0,"gold_gain":0.0,"event_name":"The Cleric","player_choice":"Healed","floor":5.0,"gold_loss":35.0,"damage_taken":0.0},{"cards_removed":["Strike_R"],"damage_healed":0.0,"max_hp_gain":0.0,"max_hp_loss":0.0,"gold_gain":0.0,"event_name":"Purifier","player_choice":"Purged","floor":13.0,"gold_loss":0.0,"damage_taken":0.0},{"damage_healed":0.0,"max_hp_gain":0.0,"max_hp_loss":0.0,"gold_gain":0.0,"event_name":"Cursed Tome","player_choice":"Obtained Book","floor":21.0,"gold_loss":0.0,"damage_taken":21.0},{"damage_healed":15.0,"max_hp_gain":0.0,"max_hp_loss":0.0,"gold_gain":0.0,"event_name":"The Library","player_choice":"Heal","floor":22.0,"gold_loss":0.0,"damage_taken":0.0},{"damage_healed":0.0,"max_hp_gain":0.0,"max_hp_loss":0.0,"gold_gain":100.0,"event_name":"The Joust","player_choice":"Bet on Murderer","floor":25.0,"gold_loss":50.0,"damage_taken":0.0},{"damage_healed":0.0,"max_hp_gain":0.0,"max_hp_loss":0.0,"gold_gain":0.0,"event_name":"Accursed Blacksmith","player_choice":"Forge","floor":38.0,"gold_loss":0.0,"damage_taken":0.0,"cards_upgraded":["Havoc"]}],"is_beta":true,"boss_relics":[{"not_picked":["Mark of Pain","Black Star"],"picked":"Empty Cage"},{"not_picked":["Coffee Dripper","Lizard Tail"],"picked":"Sozu"}],"items_purged_floors":[37],"is_endless":false,"potions_floor_spawned":[1,3,12,23,31,33,36],"killed_by":"Giant Head","ascension_level":20}