{"gold_per_floor":[113,133,98,98,117,117,67,95,95,26,56,20,20,32,32,32],"floor_reached":16,"playtime":18522,"items_purged":[],"score":167,"play_id":"fa81afe7-b83a-45f2-b7cf-fd1df26a3123","local_time":"20181205211444","is_ascension_mode":true,"campfire_choices":[{"data":"Dagger Throw","floor":6.0,"key":"SMITH"},{"floor":13.0,"key":"REST"},{"floor":15,"key":"REST"}],"neow_cost":"NONE","seed_source_timestamp":0,"circlet_count":0,"master_deck":["AscendersBane","Defend_G","Defend_G","Defend_G","Defend_G","Defend_G","Strike_G","Strike_G","Strike_G","Strike_G","Strike_G","Survivor","Neutralize","Dagger Throw+1","Prepared","Dagger Throw+1","Doppelganger","Footwork","Well Laid Plans","Footwork","Poisoned Stab+1"],"special_seed":0,"relics":["Ring of the Snake","NeowsBlessing","Pear","Gremlin Horn","Molten Egg 2"],"potions_floor_usage":[16],"damage_taken":[{"damage":0.0,"enemies":"Cultist","floor":1.0,"turns":1.0},{"damage":0.0,"enemies":"Jaw Worm","floor":2.0,"turns":1.0},{"damage":0.0,"enemies":"2 Louse","floor":5.0,"turns":1.0},{"damage":35.0,"enemies":"Lagavulin","floor":8.0,"turns":4.0},{"damage":32.0,"enemies":"3 Sentries","floor":11.0,"turns":9.0},{"damage":6,"enemies":"Blue Slaver","floor":14,"turns":4},{"damage":4,"enemies":"Hexaghost","floor":16,"turns":8}],"seed_played":"-7756552435716937729","potions_obtained":[{"floor":2.0,"key":"EntropicBrew"},{"floor":11.0,"key":"Weak Potion"}],"is_trial":false,"path_per_floor":["M","M","?","?","M","R","$","E","T","$","E","$","R","M","R","B"],"character_chosen":"THE_SILENT","items_purchased":["AttackPotion","Footwork","Footwork"],"campfire_rested":2,"item_purchase_floors":[7,10,12],"current_hp_per_floor":[63,63,70,70,70,70,70,45,45,45,13,13,37,31,55,51],"gold":32,"neow_bonus":"THREE_ENEMY_KILL","is_prod":false,"is_daily":false,"chose_seed":false,"campfire_upgraded":1,"win_rate":0,"timestamp":1544040884,"path_taken":["M","M","?","?","?","R","?","E","T","$","E","$","R","M","R","BOSS"],"build_version":"2018-11-15","purchased_purges":0,"victory":false,"max_hp_per_floor":[70,70,70,70,70,70,70,80,80,80,80,80,80,80,80,80],"card_choices":[{"not_picked":["Acrobatics","Sucker Punch"],"picked":"Dagger Throw","floor":1.0},{"not_picked":["Expertise","Cloak And Dagger"],"picked":"Prepared","floor":2.0},{"not_picked":["Quick Slash","Bane"],"picked":"Dagger Throw","floor":5.0},{"not_picked":["Flechettes","Slice"],"picked":"Doppelganger","floor":8.0},{"not_picked":["Blade Dance","Quick Slash"],"picked":"Well Laid Plans","floor":11.0},{"not_picked":["Slice+1","Reflex"],"picked":"Poisoned Stab+1","floor":14}],"player_experience":1711393,"relics_obtained":[{"floor":8.0,"key":"Pear"},{"floor":9.0,"key":"Gremlin Horn"},{"floor":11.0,"key":"Molten Egg 2"}],"event_choices":[{"damage_healed":17.0,"max_hp_gain":0.0,"max_hp_loss":0.0,"gold_gain":0.0,"event_name":"The Cleric","player_choice":"Healed","floor":3.0,"gold_loss":35.0,"damage_taken":0.0},{"damage_healed":0.0,"max_hp_gain":0.0,"max_hp_loss":0.0,"gold_gain":0.0,"event_name":"Upgrade Shrine","player_choice":"Upgraded","floor":4.0,"gold_loss":0.0,"damage_taken":0.0,"cards_upgraded":["Dagger Throw"]}],"is_beta":false,"boss_relics":[],"items_purged_floors":[],"is_endless":false,"potions_floor_spawned":[2,11],"killed_by":"Hexaghost","ascension_level":11}