{"gold_per_floor":[109,127,127,46,221,247,247,247],"floor_reached":8,"playtime":1952,"items_purged":[],"score":122,"play_id":"25ac7593-1a9f-4bcc-bf39-3058bec97920","local_time":"20181205214903","is_ascension_mode":true,"campfire_choices":[],"neow_cost":"NONE","seed_source_timestamp":206808114135361,"circlet_count":0,"master_deck":["AscendersBane","Defend_G+1","Defend_G","Defend_G","Defend_G","Defend_G","Strike_G+1","Strike_G","Strike_G","Strike_G","Strike_G","Survivor","Neutralize","Deadly Poison","Flechettes","Die Die Die","Outmaneuver"],"relics":["Ring of the Snake","NeowsBlessing","Torii"],"potions_floor_usage":[],"damage_taken":[{"damage":0,"enemies":"Small Slimes","floor":1,"turns":1},{"damage":0,"enemies":"2 Louse","floor":2,"turns":1},{"damage":0,"enemies":"Lagavulin","floor":6,"turns":1},{"damage":14,"enemies":"3 Sentries","floor":8,"turns":6}],"seed_played":"-4656831606463024858","potions_obtained":[],"is_trial":false,"path_per_floor":["M","M","?","$","?","E","?","E"],"character_chosen":"THE_SILENT","items_purchased":["Die Die Die"],"campfire_rested":0,"item_purchase_floors":[4],"current_hp_per_floor":[63,63,49,49,49,49,42,28],"gold":247,"neow_bonus":"THREE_ENEMY_KILL","is_prod":false,"is_daily":false,"chose_seed":false,"campfire_upgraded":0,"win_rate":0,"timestamp":1544042943,"path_taken":["M","M","?","$","?","E","?","E"],"build_version":"2018-11-15","purchased_purges":0,"victory":false,"max_hp_per_floor":[70,70,70,70,70,70,70,70],"card_choices":[{"not_picked":["Flying Knee","Skewer"],"picked":"Deadly Poison","floor":1},{"not_picked":["Endless Agony","Dagger Spray"],"picked":"Flechettes","floor":2},{"not_picked":["Skewer","Heel Hook"],"picked":"Outmaneuver","floor":6}],"player_experience":1729987,"relics_obtained":[{"floor":6,"key":"Torii"}],"event_choices":[{"damage_healed":0,"gold_gain":0,"player_choice":"Entered Light","damage_taken":14,"max_hp_gain":0,"max_hp_loss":0,"event_name":"Shining Light","floor":3,"gold_loss":0,"cards_upgraded":["Defend_G","Strike_G"]},{"damage_healed":0,"gold_gain":175,"player_choice":"AGREE","damage_taken":0,"max_hp_gain":0,"max_hp_loss":0,"event_name":"Liars Game","floor":5,"gold_loss":0,"cards_obtained":["Doubt"]},{"cards_removed":["Doubt"],"damage_healed":0,"gold_gain":0,"player_choice":"Card Removal","damage_taken":7,"max_hp_gain":0,"max_hp_loss":0,"event_name":"Golden Wing","floor":7,"gold_loss":0}],"is_beta":false,"boss_relics":[],"items_purged_floors":[],"is_endless":false,"potions_floor_spawned":[],"killed_by":"3 Sentries","ascension_level":11}