{"gold_per_floor":[113,113,133,52,64,64,82,82,82,82,257,270,270],"floor_reached":13,"playtime":358,"items_purged":[],"score":109,"play_id":"4e6f16c6-77d1-49f1-b093-7e3548388e01","local_time":"20180921104550","is_ascension_mode":true,"campfire_choices":[{"floor":6,"key":"REST"},{"floor":8,"key":"REST"},{"data":"Madness","floor":10,"key":"SMITH"}],"neow_cost":"NONE","seed_source_timestamp":0,"circlet_count":0,"master_deck":["Defend_G","Defend_G","Defend_G","Defend_G","Defend_G","Strike_G","Strike_G","Strike_G","Strike_G","Strike_G","Survivor","Neutralize","Deadly Poison","Deflect","Madness+1","Bane","Deflect","Doubt","Prepared"],"special_seed":0,"relics":["Ring of the Snake","Vajra","The Courier","Ancient Tea Set"],"potions_floor_usage":[13],"damage_taken":[{"damage":3,"enemies":"Small Slimes","floor":1,"turns":5},{"damage":0,"enemies":"2 Louse","floor":3,"turns":3},{"damage":1,"enemies":"Cultist","floor":5,"turns":4},{"damage":22,"enemies":"Exordium Thugs","floor":7,"turns":6},{"damage":5,"enemies":"Blue Slaver","floor":12,"turns":3},{"damage":42,"enemies":"Gremlin Nob","floor":13,"turns":4}],"seed_played":"-1816288698841278330","potions_obtained":[{"floor":1,"key":"SpeedPotion"},{"floor":7,"key":"Energy Potion"},{"floor":12,"key":"FearPotion"}],"is_trial":false,"path_per_floor":["M","?","M","$","M","R","M","R","T","R","?","M"],"character_chosen":"THE_SILENT","items_purchased":["Madness"],"campfire_rested":2,"item_purchase_floors":[4],"current_hp_per_floor":[60,27,27,27,26,47,25,46,46,46,46,41,0],"gold":270,"neow_bonus":"RANDOM_COMMON_RELIC","is_prod":false,"is_daily":false,"chose_seed":false,"campfire_upgraded":1,"win_rate":0,"timestamp":1537519550,"path_taken":["M","?","M","$","M","R","M","R","T","R","?","M","E"],"build_version":"2018-09-20","purchased_purges":0,"victory":false,"max_hp_per_floor":[70,70,70,70,70,70,70,70,70,70,70,70,70],"card_choices":[{"not_picked":["Predator","Setup"],"picked":"Deadly Poison","floor":1},{"not_picked":["Finisher","Deadly Poison"],"picked":"Deflect","floor":3},{"not_picked":["Sucker Punch","Quick Slash"],"picked":"Bane","floor":5},{"not_picked":["Riddle With Holes","Underhanded Strike"],"picked":"Deflect","floor":7},{"not_picked":["Storm of Steel","Predator"],"picked":"Prepared","floor":12}],"player_experience":999115,"relics_obtained":[{"floor":9,"key":"Ancient Tea Set"}],"event_choices":[{"event_name":"Scrap Ooze","player_choice":"success","floor":2,"damage_taken":33},{"event_name":"Liars Game","player_choice":"agreed","floor":11,"damage_taken":0}],"is_beta":false,"boss_relics":[],"items_purged_floors":[],"is_endless":false,"potions_floor_spawned":[1,7,12],"killed_by":"Gremlin Nob","ascension_level":9}