{"gold_per_floor":[119,99,109,124,135,160,160,160,160,223,223,71,90,108,108,205,205,219,219,232,98,23,23,43,43,43,58,58,70,80,54,54,158,158,177,193,4,4,15,15,40,40,40,40,54,72,82,92,92,92,92,92,17,47,47],"floor_reached":55,"playtime":3950,"items_purged":["Defend_B","Strike_B"],"score":678,"play_id":"b2e4c4ed-2e90-4d70-a024-b397e417f0f6","local_time":"20190221195047","is_ascension_mode":false,"campfire_choices":[{"data":"Zap","floor":7.0,"key":"SMITH"},{"data":"Dualcast","floor":11.0,"key":"SMITH"},{"data":"Double Energy","floor":15.0,"key":"SMITH"},{"data":"Coolheaded","floor":23.0,"key":"SMITH"},{"data":"Self Repair","floor":25.0,"key":"SMITH"},{"data":"Coolheaded","floor":28.0,"key":"SMITH"},{"data":"Biased Cognition","floor":32.0,"key":"SMITH"},{"data":"Machine Learning","floor":40.0,"key":"SMITH"},{"floor":42.0,"key":"RECALL"},{"data":"Panacea","floor":49.0,"key":"SMITH"},{"data":"Strike_B","floor":52.0,"key":"PURGE"}],"neow_cost":"NONE","seed_source_timestamp":0,"circlet_count":0,"master_deck":["Strike_B","Strike_B","Defend_B","Defend_B","Zap+1","Dualcast+1","Coolheaded+1","FTL","Conserve Battery","Double Energy+1","Conserve Battery","Coolheaded+1","Biased Cognition+1","Self Repair+1","Cold Snap","Storm","Core Surge","Go for the Eyes+1","BootSequence+1","Loop","Defragment+1","Stack+1","Ball Lightning","Echo Form","Melter","Tempest","Recycle","Machine Learning+1","Zap","Panacea+1","Coolheaded+1","Electrodynamics","Streamline+1","Thunder Strike","Turbo+1"],"special_seed":0,"relics":["Cracked Core","Bag of Preparation","Calipers","Lizard Tail","Bottled Flame","Philosopher\u0027s Stone","Happy Flower","Peace Pipe","Blue Candle","Oddly Smooth Stone"],"potions_floor_usage":[54],"damage_taken":[{"damage":0.0,"enemies":"Small Slimes","floor":1.0,"turns":2.0},{"damage":0.0,"enemies":"Cultist","floor":3.0,"turns":4.0},{"damage":4.0,"enemies":"Jaw Worm","floor":4.0,"turns":3.0},{"damage":5.0,"enemies":"Looter","floor":5.0,"turns":3.0},{"damage":23.0,"enemies":"Lagavulin","floor":6.0,"turns":8.0},{"damage":7.0,"enemies":"Lagavulin Event","floor":10.0,"turns":7.0},{"damage":7.0,"enemies":"Large Slime","floor":13.0,"turns":7.0},{"damage":0.0,"enemies":"Blue Slaver","floor":14.0,"turns":3.0},{"damage":40.0,"enemies":"The Guardian","floor":16.0,"turns":16.0},{"damage":0.0,"enemies":"Spheric Guardian","floor":18.0,"turns":4.0},{"damage":7.0,"enemies":"3 Byrds","floor":20.0,"turns":5.0},{"damage":8.0,"enemies":"Sentry and Sphere","floor":24.0,"turns":5.0},{"damage":0.0,"enemies":"Centurion and Healer","floor":27.0,"turns":8.0},{"damage":0.0,"enemies":"Chosen and Byrds","floor":29.0,"turns":4.0},{"damage":13.0,"enemies":"3 Cultists","floor":30.0,"turns":6.0},{"damage":17.0,"enemies":"Automaton","floor":33.0,"turns":9.0},{"damage":13.0,"enemies":"3 Darklings","floor":35.0,"turns":6.0},{"damage":8.0,"enemies":"3 Shapes","floor":36.0,"turns":5.0},{"damage":2.0,"enemies":"Spire Growth","floor":39.0,"turns":4.0},{"damage":54.0,"enemies":"Nemesis","floor":41.0,"turns":5.0},{"damage":2.0,"enemies":"Sphere and 2 Shapes","floor":45.0,"turns":4.0},{"damage":9.0,"enemies":"Transient","floor":46.0,"turns":5.0},{"damage":0.0,"enemies":"Jaw Worm Horde","floor":47.0,"turns":4.0},{"damage":0.0,"enemies":"Spire Growth","floor":48.0,"turns":4.0},{"damage":70.0,"enemies":"Awakened One","floor":50.0,"turns":11.0},{"damage":66,"enemies":"Shield and Spear","floor":54,"turns":6},{"damage":69,"enemies":"The Heart","floor":55,"turns":3}],"seed_played":"-7554730940685468872","potions_obtained":[{"floor":1.0,"key":"Regen Potion"},{"floor":2.0,"key":"Ancient Potion"},{"floor":13.0,"key":"Swift Potion"},{"floor":16.0,"key":"PowerPotion"},{"floor":27.0,"key":"PowerPotion"},{"floor":29.0,"key":"FearPotion"},{"floor":36.0,"key":"Fire Potion"},{"floor":41.0,"key":"FearPotion"},{"floor":45.0,"key":"Strength Potion"},{"floor":54,"key":"SkillPotion"}],"is_trial":false,"path_per_floor":["M","?","M","M","M","E","R","?","T","?","R","$","M","M","R","B",null,"M","?","M","$","?","R","M","R","T","M","R","M","M","$","R","B",null,"M","M","$","?","M","R","E","R","T","?","M","M","M","M","R","B",null,"R","$","E","B"],"character_chosen":"DEFECT","items_purchased":["Self Repair","Loop","Ball Lightning","Happy Flower","Recycle","Thunder Strike"],"campfire_rested":0,"item_purchase_floors":[12,21,31,37,37,53],"current_hp_per_floor":[75,75,75,71,71,48,48,53,53,46,46,46,46,46,46,13,80,80,80,80,80,80,80,79,79,79,80,80,80,77,77,77,70,80,77,79,79,79,80,80,36,36,36,36,44,45,65,75,75,15,76,76,76,20,0],"gold":47,"neow_bonus":"THREE_CARDS","is_prod":false,"is_daily":false,"chose_seed":true,"campfire_upgraded":9,"win_rate":0,"timestamp":1550746247,"path_taken":["M","?","M","M","?","E","R","?","T","?","R","$","M","M","R","BOSS","M","?","M","$","?","R","M","R","T","M","R","M","M","?","R","BOSS","M","M","$","?","?","R","E","R","T","?","M","M","M","M","R","BOSS","R","$","E","BOSS"],"build_version":"2019-01-23","purchased_purges":2,"victory":false,"max_hp_per_floor":[75,75,75,75,75,75,75,80,80,80,80,80,80,80,80,80,80,80,80,80,80,80,80,80,80,80,80,80,80,80,80,80,80,80,80,80,80,80,80,80,80,80,80,76,76,76,76,76,76,76,76,76,76,76,76],"card_choices":[{"not_picked":["Barrage","Leap"],"picked":"Coolheaded","floor":0.0},{"not_picked":["Rebound","Redo"],"picked":"FTL","floor":1.0},{"not_picked":["Leap","Steam"],"picked":"Conserve Battery","floor":3.0},{"not_picked":["Rebound","Beam Cell"],"picked":"Double Energy","floor":4.0},{"not_picked":["Go for the Eyes","Turbo"],"picked":"Conserve Battery","floor":5.0},{"not_picked":["Streamline","Beam Cell"],"picked":"Coolheaded","floor":6.0},{"not_picked":["Melter","Stack"],"picked":"Biased Cognition","floor":10.0},{"not_picked":["Fusion","Tempest"],"picked":"Cold Snap","floor":13.0},{"not_picked":["Aggregate","Scrape"],"picked":"Storm","floor":14.0},{"not_picked":["Reboot","All For One"],"picked":"Core Surge","floor":16.0},{"not_picked":["Steam+1","Recycle"],"picked":"Go for the Eyes+1","floor":18.0},{"not_picked":["Barrage","Cold Snap"],"picked":"BootSequence+1","floor":20.0},{"not_picked":["Reinforced Body+1","Streamline"],"picked":"Defragment+1","floor":24.0},{"not_picked":["Consume+1","Cold Snap","Steam"],"picked":"SKIP","floor":27.0},{"not_picked":["Compile Driver","Recycle","Sweeping Beam+1"],"picked":"SKIP","floor":29.0},{"not_picked":["Sweeping Beam+1","Turbo"],"picked":"Stack+1","floor":30.0},{"not_picked":["Thunder Strike","All For One"],"picked":"Echo Form","floor":33.0},{"not_picked":["Chaos+1","Compile Driver"],"picked":"Melter","floor":35.0},{"not_picked":["Coolheaded","Redo"],"picked":"Tempest","floor":36.0},{"not_picked":["Darkness+1","Aggregate"],"picked":"Coolheaded+1","floor":39.0},{"not_picked":["Steam+1","Go for the Eyes+1","Coolheaded"],"picked":"SKIP","floor":41.0},{"not_picked":["Doom and Gloom","Barrage+1","Steam+1"],"picked":"SKIP","floor":45.0},{"not_picked":["Doom and Gloom+1","Steam","Rebound+1"],"picked":"SKIP","floor":46.0},{"not_picked":["Streamline","Hologram"],"picked":"Electrodynamics","floor":47.0},{"not_picked":["Steam Power+1","Cold Snap"],"picked":"Streamline+1","floor":48.0},{"not_picked":["Steam+1","Rip and Tear+1"],"picked":"Turbo+1","floor":54}],"player_experience":191120,"relics_obtained":[{"floor":6.0,"key":"Bag of Preparation"},{"floor":10.0,"key":"Calipers"},{"floor":26.0,"key":"Bottled Flame"},{"floor":41.0,"key":"Peace Pipe"},{"floor":43.0,"key":"Blue Candle"},{"floor":54,"key":"Oddly Smooth Stone"}],"event_choices":[{"damage_healed":0.0,"max_hp_gain":0.0,"max_hp_loss":0.0,"gold_gain":0.0,"event_name":"The Woman in Blue","player_choice":"Bought 1 Potion","floor":2.0,"gold_loss":0.0,"damage_taken":0.0},{"damage_healed":0.0,"max_hp_gain":5.0,"max_hp_loss":0.0,"gold_gain":0.0,"event_name":"Big Fish","player_choice":"Donut","floor":8.0,"gold_loss":0.0,"damage_taken":0.0},{"damage_healed":0.0,"max_hp_gain":0.0,"max_hp_loss":0.0,"gold_gain":0.0,"event_name":"Dead Adventurer","player_choice":"Searched \u00271\u0027 times","floor":10.0,"gold_loss":0.0,"damage_taken":0.0},{"damage_healed":0.0,"max_hp_gain":0.0,"max_hp_loss":0.0,"gold_gain":0.0,"event_name":"Vampires","player_choice":"Ignored","floor":19.0,"gold_loss":0.0,"damage_taken":0.0},{"cards_removed":["Defend_B"],"damage_healed":0.0,"max_hp_gain":0.0,"max_hp_loss":0.0,"gold_gain":0.0,"event_name":"Beggar","player_choice":"Gave Gold","floor":22.0,"gold_loss":75.0,"damage_taken":0.0},{"damage_healed":0.0,"max_hp_gain":0.0,"max_hp_loss":0.0,"gold_gain":0.0,"event_name":"Match and Keep!","player_choice":"3 cards matched","floor":38.0,"gold_loss":0.0,"damage_taken":0.0,"cards_obtained":["Machine Learning","Zap","Panacea"]},{"damage_healed":0.0,"max_hp_gain":0.0,"max_hp_loss":4.0,"gold_gain":0.0,"event_name":"Winding Halls","player_choice":"Max HP","floor":44.0,"gold_loss":0.0,"damage_taken":0.0}],"is_beta":false,"boss_relics":[{"not_picked":["White Beast Statue","Fusion Hammer"],"picked":"Lizard Tail"},{"not_picked":["Runic Dome","Tiny House"],"picked":"Philosopher\u0027s Stone"}],"items_purged_floors":[12,21],"is_endless":false,"potions_floor_spawned":[1,13,16,27,29,36,39,41,45,47,54],"killed_by":"The Heart","ascension_level":0}