{"gold_per_floor":[368,387,146,160,173,207,223,223,247,247,101,276,292,309,309,411,411,399,399,399],"floor_reached":20,"playtime":2061,"items_purged":["Normality"],"score":220,"play_id":"caaeb4a4-fbff-4ad7-9799-9ef33f5d9f60","local_time":"20180630194250","is_ascension_mode":true,"campfire_choices":[{"floor":8,"key":"REST"},{"floor":15,"key":"REST"}],"neow_cost":"CURSE","seed_source_timestamp":177208073723381,"circlet_count":0,"master_deck":["Strike_B","Strike_B","Strike_B","Strike_B","Defend_B","Defend_B","Defend_B","Defend_B","Zap","Dualcast","Compile Driver","Undo","Sweeping Beam","Chaos","Steam","Genetic Algorithm","Reboot","Buffer","Conserve Battery","Sweeping Beam","Fission","Aggregate"],"relics":["Cracked Core","Vajra","Strawberry","Boot","Omamori","Nuclear Battery"],"potions_floor_usage":[16,16,18],"damage_taken":[{"damage":0,"enemies":"Cultist","floor":1,"turns":3},{"damage":18,"enemies":"Jaw Worm","floor":2,"turns":4},{"damage":0,"enemies":"Small Slimes","floor":4,"turns":2},{"damage":1,"enemies":"2 Fungi Beasts","floor":5,"turns":3},{"damage":36,"enemies":"Lagavulin","floor":6,"turns":9},{"damage":14,"enemies":"Exordium Thugs","floor":7,"turns":5},{"damage":0,"enemies":"Blue Slaver","floor":13,"turns":5},{"damage":1,"enemies":"Large Slime","floor":14,"turns":6},{"damage":43,"enemies":"The Guardian","floor":16,"turns":12},{"damage":7,"enemies":"2 Thieves","floor":18,"turns":4},{"damage":23,"enemies":"Shell Parasite","floor":20,"turns":10}],"seed_played":"-6188757554146172447","potions_obtained":[{"floor":4,"key":"SkillPotion"},{"floor":5,"key":"Poison Potion"},{"floor":6,"key":"Strength Potion"},{"floor":16,"key":"PowerPotion"},{"floor":18,"key":"SteroidPotion"}],"is_trial":false,"path_per_floor":["M","M","$","M","M","E","M","R","T","?","$","?","M","M","R","B",null,"M","?"],"character_chosen":"DEFECT","items_purchased":["Vajra","Sweeping Beam","Omamori"],"campfire_rested":2,"item_purchase_floors":[3,3,11],"current_hp_per_floor":[75,57,57,57,56,27,13,37,37,37,37,37,37,36,60,17,66,59,59,36],"gold":399,"neow_bonus":"TWO_FIFTY_GOLD","is_prod":false,"is_daily":false,"chose_seed":false,"campfire_upgraded":0,"win_rate":0,"timestamp":1530380570,"path_taken":["M","M","$","M","M","E","M","R","T","?","$","?","M","M","R","BOSS","M","?","M"],"build_version":"2018-06-28","purchased_purges":1,"victory":false,"max_hp_per_floor":[75,75,75,75,75,82,82,82,82,82,82,82,82,82,82,82,82,82,82,82],"card_choices":[{"not_picked":["Streamline","White Noise"],"picked":"Compile Driver","floor":1},{"not_picked":["Force Field","Redo"],"picked":"Undo","floor":2},{"not_picked":["Fusion","Skim"],"picked":"Chaos","floor":4},{"not_picked":["Rebound","Stack"],"picked":"Steam","floor":5},{"not_picked":["Turbo","Recycle"],"picked":"Genetic Algorithm","floor":6},{"not_picked":["FTL","Conserve Battery"],"picked":"Reboot","floor":7},{"not_picked":["Steam","Rip and Tear"],"picked":"Conserve Battery","floor":13},{"not_picked":["Compile Driver","Redo"],"picked":"Sweeping Beam","floor":14},{"not_picked":["Core Surge","Amplify"],"picked":"Fission","floor":16},{"not_picked":["Gash+1","Steam"],"picked":"Aggregate","floor":18}],"player_experience":801156,"relics_obtained":[{"floor":6,"key":"Strawberry"},{"floor":9,"key":"Boot"}],"event_choices":[{"event_name":"Match and Keep!","player_choice":"1 cards matched","floor":10,"damage_taken":0},{"event_name":"Liars Game","player_choice":"agreed","floor":12,"damage_taken":0},{"event_name":"Forgotten Altar","player_choice":"Smashed Altar","floor":19,"damage_taken":0}],"boss_relics":[{"not_picked":["Runic Dome","Pandora\u0027s Box"],"picked":"Nuclear Battery"}],"items_purged_floors":[3],"is_endless":false,"potions_floor_spawned":[4,5,6,14,16,18],"killed_by":"Shell Parasite","ascension_level":5}