{"gold_per_floor":[112,112,287,160,170,196,196,222,247,40,40,40,40,64,64,165,165,147,77,77,77,77,77,89,89,89,104,104,104,22,41,41,139,139,159,175,25,43,43,43,43,43,97,97,109,109,122,140,140,140],"floor_reached":51,"playtime":3291,"items_purged":["Doubt"],"score":959,"play_id":"3b0dc11f-1d1b-42d4-83fb-75c8a9c86f28","local_time":"20190117222931","is_ascension_mode":true,"campfire_choices":[{"data":"Clothesline","floor":7,"key":"SMITH"},{"data":"Rage","floor":11,"key":"SMITH"},{"floor":15,"key":"REST"},{"data":"Rage","floor":23,"key":"SMITH"},{"data":"Reaper","floor":25,"key":"SMITH"},{"floor":29,"key":"REST"},{"floor":32,"key":"REST"},{"data":"Burning Pact","floor":40,"key":"SMITH"},{"data":"Anger","floor":42,"key":"SMITH"},{"data":"Demon Form","floor":44,"key":"SMITH"},{"data":"Limit Break","floor":49,"key":"SMITH"}],"neow_cost":"NONE","seed_source_timestamp":12447282851400103,"circlet_count":0,"master_deck":["Bash","Clothesline+1","Anger+1","Rage+1","Rage+1","Burning Pact+1","Sword Boomerang","Shockwave","Impervious","Fiend Fire","Demon Form+1","Reaper+1","Feel No Pain","Inflame","Flame Barrier","Battle Trance","Power Through","Limit Break+1","True Grit+1","Battle Trance","Thunderclap+1"],"relics":["Burning Blood","NeowsBlessing","Potion Belt","Strawberry","Boot","Smiling Mask","DollysMirror","Pen Nib","Pandora\u0027s Box","Happy Flower","Kunai","Runic Cube","Vajra","Lantern"],"potions_floor_usage":[33,33,47,50,50,50,50,50,50,50],"damage_taken":[{"damage":0,"enemies":"2 Louse","floor":1,"turns":1},{"damage":0,"enemies":"Jaw Worm","floor":5,"turns":1},{"damage":0,"enemies":"Gremlin Nob","floor":6,"turns":1},{"damage":47,"enemies":"Lagavulin","floor":8,"turns":9},{"damage":14,"enemies":"The Guardian","floor":16,"turns":15},{"damage":27,"enemies":"2 Thieves","floor":18,"turns":4},{"damage":9,"enemies":"Shell Parasite","floor":24,"turns":7},{"damage":25,"enemies":"Snake Plant","floor":27,"turns":6},{"damage":31,"enemies":"Cultist and Chosen","floor":31,"turns":7},{"damage":63,"enemies":"Automaton","floor":33,"turns":10},{"damage":36,"enemies":"3 Darklings","floor":35,"turns":6},{"damage":3,"enemies":"3 Shapes","floor":36,"turns":6},{"damage":37,"enemies":"Jaw Worm Horde","floor":38,"turns":4},{"damage":24,"enemies":"Spire Growth","floor":45,"turns":6},{"damage":40,"enemies":"Transient","floor":47,"turns":5},{"damage":27,"enemies":"3 Darklings","floor":48,"turns":9},{"damage":27,"enemies":"Awakened One","floor":50,"turns":7}],"seed_played":"-1013695172734696662","potions_obtained":[{"floor":1,"key":"PowerPotion"},{"floor":16,"key":"PowerPotion"},{"floor":27,"key":"EntropicBrew"},{"floor":31,"key":"Explosive Potion"},{"floor":35,"key":"Poison Potion"},{"floor":36,"key":"Energy Potion"},{"floor":45,"key":"Fruit Juice"},{"floor":48,"key":"SteroidPotion"}],"is_trial":false,"path_per_floor":["M","?","?","$","M","E","R","E","T","$","R","$","$","T","R","B",null,"M","$","?","?","?","R","M","R","T","M","T","R","$","M","R","B",null,"M","M","$","M","?","R","$","R","T","R","M","?","M","M","R","B",null],"character_chosen":"IRONCLAD","items_purchased":["Anger","DollysMirror","Feel No Pain","Battle Trance","Vajra"],"campfire_rested":3,"item_purchase_floors":[4,10,19,30,37],"current_hp_per_floor":[78,75,75,75,80,87,87,46,46,46,46,46,46,46,72,64,81,65,65,65,65,48,48,45,45,45,26,26,53,53,28,55,20,74,67,83,83,92,92,92,92,92,92,92,85,85,56,52,52,76],"gold":140,"neow_bonus":"THREE_ENEMY_KILL","is_prod":false,"is_daily":false,"chose_seed":false,"campfire_upgraded":8,"win_rate":0,"timestamp":1547760571,"path_taken":["M","?","?","$","M","E","R","E","T","$","R","?","$","?","R","BOSS","M","$","?","?","?","R","M","R","T","M","?","R","$","M","R","BOSS","M","M","$","M","?","R","?","R","T","R","?","?","M","M","R","BOSS"],"build_version":"2019-01-10","purchased_purges":1,"victory":true,"max_hp_per_floor":[80,80,80,80,80,87,87,87,87,87,87,87,87,87,87,87,87,87,87,87,87,92,92,92,92,92,92,92,92,92,92,92,92,92,92,92,92,92,92,92,92,92,92,92,92,92,97,97,97,97],"card_choices":[{"not_picked":["Feel No Pain","Heavy Blade"],"picked":"Clothesline","floor":1},{"not_picked":["Clothesline","Cleave","Perfected Strike"],"picked":"SKIP","floor":5},{"not_picked":["Heavy Blade","Pommel Strike","Cleave"],"picked":"SKIP","floor":6},{"not_picked":["Pommel Strike","Flex"],"picked":"Rage","floor":8},{"not_picked":["Seeing Red","Body Slam","Sword Boomerang+1"],"picked":"SKIP","floor":18},{"not_picked":["Havoc","Clothesline","Inflame"],"picked":"SKIP","floor":24},{"not_picked":["Cleave","Armaments+1","Sever Soul"],"picked":"SKIP","floor":27},{"not_picked":["Clothesline+1","Spot Weakness"],"picked":"Power Through","floor":31},{"not_picked":["Offering","Demon Form"],"picked":"Limit Break","floor":33},{"not_picked":["Feel No Pain","Warcry+1","Perfected Strike+1"],"picked":"SKIP","floor":35},{"not_picked":["Thunderclap","Dropkick+1"],"picked":"True Grit+1","floor":36},{"not_picked":["Inflame","Disarm"],"picked":"Iron Wave","floor":38},{"not_picked":["Cleave","Dark Embrace"],"picked":"Battle Trance","floor":45},{"not_picked":["Clothesline+1","Clash+1","Havoc+1"],"picked":"SKIP","floor":47},{"not_picked":["Warcry+1","Infernal Blade+1"],"picked":"Thunderclap+1","floor":48}],"player_experience":256126,"relics_obtained":[{"floor":6,"key":"Strawberry"},{"floor":8,"key":"Boot"},{"floor":9,"key":"Smiling Mask"},{"floor":14,"key":"Pen Nib"},{"floor":26,"key":"Happy Flower"},{"floor":28,"key":"Kunai"},{"floor":43,"key":"Lantern"}],"event_choices":[{"damage_healed":0,"gold_gain":0,"player_choice":"Success","damage_taken":3,"relics_obtained":["Potion Belt"],"max_hp_gain":0,"max_hp_loss":0,"event_name":"Scrap Ooze","floor":2,"gold_loss":0},{"damage_healed":0,"gold_gain":175,"player_choice":"AGREE","damage_taken":0,"max_hp_gain":0,"max_hp_loss":0,"event_name":"Liars Game","floor":3,"gold_loss":0,"cards_obtained":["Doubt"]},{"damage_healed":0,"gold_gain":0,"player_choice":"Ignored","damage_taken":0,"max_hp_gain":0,"max_hp_loss":0,"event_name":"Ghosts","floor":20,"gold_loss":0},{"damage_healed":0,"gold_gain":0,"cards_transformed":["Carnage","Dual Wield"],"player_choice":"Became Test Subject","damage_taken":0,"max_hp_gain":0,"max_hp_loss":0,"event_name":"Drug Dealer","floor":21,"gold_loss":0,"cards_obtained":["Inflame","Flame Barrier"]},{"damage_healed":0,"gold_gain":0,"player_choice":"Shed Blood","damage_taken":22,"max_hp_gain":5,"max_hp_loss":0,"event_name":"Forgotten Altar","floor":22,"gold_loss":0},{"cards_removed":["Iron Wave"],"damage_healed":5,"gold_gain":0,"player_choice":"Offered Common","damage_taken":0,"max_hp_gain":0,"max_hp_loss":0,"event_name":"Bonfire Elementals","floor":39,"gold_loss":0},{"cards_removed":["Iron Wave"],"damage_healed":5,"gold_gain":0,"player_choice":"Offered Special","damage_taken":0,"max_hp_gain":0,"max_hp_loss":0,"event_name":"Bonfire Elementals","floor":39,"gold_loss":0},{"damage_healed":0,"gold_gain":0,"player_choice":"Ignored","damage_taken":0,"max_hp_gain":0,"max_hp_loss":0,"event_name":"Purifier","floor":46,"gold_loss":0}],"is_beta":false,"boss_relics":[{"not_picked":["Mark of Pain","Tiny House"],"picked":"Pandora\u0027s Box"},{"not_picked":["Cursed Key","Black Star"],"picked":"Runic Cube"}],"items_purged_floors":[4],"is_endless":false,"potions_floor_spawned":[1,16,27,31,35,36,45,48],"ascension_level":8}