{"gold_per_floor":[113,93,111,122,133,162,162,182,182,182,194,210,210,210],"floor_reached":14,"playtime":450,"items_purged":[],"score":160,"play_id":"e0ada293-0c72-437c-afbc-de5bf1c28570","local_time":"20190214175741","is_ascension_mode":true,"campfire_choices":[{"data":"Disarm","floor":7,"key":"SMITH"},{"data":"Armaments","floor":10,"key":"SMITH"},{"data":"Body Slam","floor":13,"key":"SMITH"}],"neow_cost":"NONE","seed_source_timestamp":579679750940552,"circlet_count":0,"master_deck":["AscendersBane","Strike_R","Strike_R","Strike_R","Strike_R","Strike_R","Defend_R","Defend_R","Defend_R","Defend_R","Bash","Body Slam+1","Spot Weakness","Anger","Burning Pact","Disarm+1","Armaments+1","Headbutt"],"relics":["Burning Blood","NeowsBlessing","Anchor","Potion Belt"],"potions_floor_usage":[5,6,6,11],"damage_taken":[{"damage":0,"enemies":"Small Slimes","floor":1,"turns":1},{"damage":0,"enemies":"Cultist","floor":3,"turns":1},{"damage":0,"enemies":"Jaw Worm","floor":4,"turns":1},{"damage":5,"enemies":"Red Slaver","floor":5,"turns":3},{"damage":41,"enemies":"Lagavulin","floor":6,"turns":8},{"damage":1,"enemies":"Looter","floor":8,"turns":3},{"damage":0,"enemies":"Lots of Slimes","floor":11,"turns":1},{"damage":22,"enemies":"Exordium Thugs","floor":12,"turns":5},{"damage":36,"enemies":"Gremlin Nob","floor":14,"turns":4}],"seed_played":"1581365946027484014","potions_obtained":[{"floor":1,"key":"Energy Potion"},{"floor":2,"key":"EssenceOfSteel"},{"floor":5,"key":"Dexterity Potion"},{"floor":8,"key":"AttackPotion"}],"is_trial":false,"path_per_floor":["M","?","M","M","M","E","R","M","T","R","M","M","R","E"],"character_chosen":"IRONCLAD","items_purchased":[],"campfire_rested":0,"item_purchase_floors":[],"current_hp_per_floor":[74,74,75,75,75,40,40,45,45,45,51,35,35,0],"gold":210,"neow_bonus":"THREE_ENEMY_KILL","is_prod":false,"is_daily":false,"chose_seed":false,"campfire_upgraded":3,"win_rate":0,"timestamp":1550163461,"path_taken":["M","?","M","?","M","E","R","?","T","R","?","M","R","E"],"build_version":"2019-01-23","purchased_purges":0,"victory":false,"max_hp_per_floor":[75,75,75,75,75,75,75,75,75,75,75,75,75,75],"card_choices":[{"not_picked":["Hemokinesis","Rampage"],"picked":"Body Slam","floor":1},{"not_picked":["Shrug It Off","Thunderclap"],"picked":"Spot Weakness","floor":3},{"not_picked":["Wild Strike","Sword Boomerang"],"picked":"Anger","floor":4},{"not_picked":["Wild Strike","Second Wind"],"picked":"Burning Pact","floor":5},{"not_picked":["Twin Strike","Cleave"],"picked":"Disarm","floor":6},{"not_picked":["Brutality","Wild Strike"],"picked":"Armaments","floor":8},{"not_picked":["Anger","Sword Boomerang"],"picked":"Headbutt","floor":11},{"not_picked":["Feel No Pain","Rupture","Searing Blow"],"picked":"SKIP","floor":12}],"player_experience":2284417,"relics_obtained":[{"floor":6,"key":"Anchor"},{"floor":9,"key":"Potion Belt"}],"event_choices":[{"damage_healed":0,"gold_gain":0,"player_choice":"Bought 1 Potion","damage_taken":0,"max_hp_gain":0,"max_hp_loss":0,"event_name":"The Woman in Blue","floor":2,"gold_loss":0}],"is_beta":false,"boss_relics":[],"items_purged_floors":[],"is_endless":false,"potions_floor_spawned":[1,5,8],"killed_by":"Gremlin Nob","ascension_level":14}